,time,price,change,volume,amount,type
0,09:25:04,18.6,0.09,36,66960,卖盘
1,09:30:05,18.6,0.0,16,29803,买盘
2,09:30:07,18.52,-0.08,44,81482,卖盘
3,09:30:10,18.52,0.0,30,55560,买盘
4,09:30:13,18.51,-0.01,5,9255,卖盘
5,09:30:16,18.51,0.0,3,5553,买盘
6,09:30:19,18.5,-0.01,31,57326,中性盘
7,09:30:22,18.49,-0.01,7,12937,中性盘
8,09:30:25,18.47,-0.02,55,101804,中性盘
9,09:30:28,18.35,-0.12,10,18395,卖盘
10,09:30:34,18.36,0.01,9,16524,中性盘
11,09:30:37,18.36,0.0,7,12860,卖盘
12,09:30:46,18.45,0.09,34,62700,买盘
13,09:30:49,18.36,-0.09,36,66121,卖盘
14,09:30:52,18.45,0.09,2,3690,买盘
15,09:30:55,18.45,0.0,2,3688,买盘
16,09:30:58,18.45,0.0,9,16591,买盘
17,09:31:01,18.45,0.0,5,9225,卖盘
18,09:31:04,18.45,0.0,24,44280,卖盘
19,09:31:07,18.45,0.0,17,31372,卖盘
20,09:31:10,18.47,0.02,10,18456,买盘
21,09:31:13,18.47,0.0,1,1847,买盘
22,09:31:16,18.45,-0.02,58,107018,卖盘
23,09:31:19,18.45,0.0,44,81165,买盘
24,09:31:22,18.45,0.0,32,59040,买盘
25,09:31:28,18.39,-0.06,8,14729,卖盘
26,09:31:34,18.37,-0.02,61,112069,卖盘
27,09:31:37,18.37,0.0,13,23875,中性盘
28,09:31:40,18.35,-0.02,25,45927,卖盘
29,09:31:46,18.45,0.1,12,22140,买盘
30,09:31:49,18.45,0.0,19,35055,卖盘
31,09:31:58,18.46,0.01,12,22105,买盘
32,09:32:01,18.38,-0.08,26,47788,卖盘
33,09:32:04,18.38,0.0,14,25732,买盘
34,09:32:07,18.38,0.0,20,36760,买盘
35,09:32:13,18.36,-0.02,21,38582,卖盘
36,09:32:16,18.44,0.08,7,12908,中性盘
37,09:32:19,18.44,0.0,10,18404,买盘
38,09:32:22,18.38,-0.06,22,40436,卖盘
39,09:32:25,18.37,-0.01,29,53301,中性盘
40,09:32:28,18.38,0.01,28,51439,买盘
41,09:32:31,18.38,0.0,5,9190,买盘
42,09:32:37,18.37,-0.01,16,29394,卖盘
43,09:32:40,18.38,0.01,44,80871,买盘
44,09:32:43,18.37,-0.01,22,40414,卖盘
45,09:32:46,18.38,0.01,2,3676,买盘
46,09:32:49,18.38,0.0,19,34916,买盘
47,09:32:52,18.37,-0.01,32,58815,卖盘
48,09:32:55,18.44,0.07,24,44179,买盘
49,09:32:58,18.44,0.0,6,11064,卖盘
50,09:33:07,18.39,-0.05,14,25806,卖盘
51,09:33:13,18.45,0.06,35,64440,买盘
52,09:33:19,18.39,-0.06,6,11036,卖盘
53,09:33:22,18.45,0.06,3,5530,买盘
54,09:33:28,18.45,0.0,11,20265,买盘
55,09:33:37,18.41,-0.04,6,11046,卖盘
56,09:33:40,18.45,0.04,5,9222,买盘
57,09:33:43,18.45,0.0,1,1845,买盘
58,09:33:49,18.39,-0.06,7,12883,卖盘
59,09:33:58,18.41,0.02,6,11051,卖盘
60,09:34:07,18.4,-0.01,16,29464,卖盘
61,09:34:19,18.45,0.05,11,20271,买盘
62,09:34:22,18.45,0.0,1,1845,买盘
63,09:34:28,18.41,-0.04,10,18427,卖盘
64,09:34:37,18.4,-0.01,6,11044,卖盘
65,09:34:43,18.42,0.02,1,1842,买盘
66,09:34:46,18.45,0.03,11,20273,买盘
67,09:34:49,18.41,-0.04,6,11046,卖盘
68,09:34:52,18.41,0.0,1,1841,卖盘
69,09:34:58,18.42,0.01,6,11052,卖盘
70,09:35:07,18.43,0.01,6,11058,卖盘
71,09:35:10,18.45,0.02,1,1845,买盘
72,09:35:16,18.45,0.0,1,1845,买盘
73,09:35:19,18.42,-0.03,6,11055,卖盘
74,09:35:28,18.43,0.01,6,11068,卖盘
75,09:35:37,18.48,0.05,9,16632,买盘
76,09:35:49,18.49,0.01,32,59145,中性盘
77,09:35:52,18.48,-0.01,17,31424,卖盘
78,09:35:55,18.5,0.02,88,162678,买盘
79,09:35:58,18.5,0.0,12,22200,卖盘
80,09:36:01,18.5,0.0,65,120250,卖盘
81,09:36:04,18.47,-0.03,2,3696,中性盘
82,09:36:07,18.43,-0.04,6,11058,卖盘
83,09:36:10,18.49,0.06,12,22173,买盘
84,09:36:13,18.47,-0.02,2,3691,中性盘
85,09:36:16,18.5,0.03,73,135028,买盘
86,09:36:19,18.41,-0.09,6,11046,卖盘
87,09:36:22,18.47,0.06,111,204339,买盘
88,09:36:25,18.48,0.01,2,3696,卖盘
89,09:36:28,18.43,-0.05,16,29468,卖盘
90,09:36:31,18.43,0.0,3,5529,买盘
91,09:36:37,18.43,0.0,17,31311,买盘
92,09:36:43,18.4,-0.03,1,1840,买盘
93,09:36:46,18.39,-0.01,3,5517,卖盘
94,09:36:49,18.4,0.01,12,22073,买盘
95,09:36:52,18.39,-0.01,10,18390,卖盘
96,09:36:58,18.38,-0.01,6,11028,卖盘
97,09:37:07,18.38,0.0,49,90079,卖盘
98,09:37:10,18.38,0.0,25,45950,卖盘
99,09:37:16,18.36,-0.02,6,11017,卖盘
100,09:37:19,18.36,0.0,13,23870,卖盘
101,09:37:22,18.36,0.0,26,47746,卖盘
102,09:37:25,18.38,0.02,1,1838,买盘
103,09:37:28,18.35,-0.03,6,11010,卖盘
104,09:37:34,18.35,0.0,60,110073,卖盘
105,09:37:37,18.3,-0.05,8,14648,卖盘
106,09:37:40,18.3,0.0,24,43922,卖盘
107,09:37:49,18.28,-0.02,10,18288,卖盘
108,09:37:52,18.34,0.06,75,137007,买盘
109,09:37:55,18.34,0.0,7,12838,买盘
110,09:37:58,18.2,-0.14,114,207772,卖盘
111,09:38:01,18.3,0.1,19,34838,卖盘
112,09:38:04,18.4,0.1,40,73352,买盘
113,09:38:07,18.4,0.0,6,11040,卖盘
114,09:38:10,18.26,-0.14,22,40415,卖盘
115,09:38:13,18.44,0.18,5,9220,买盘
116,09:38:19,18.41,-0.03,47,85812,中性盘
117,09:38:22,18.41,0.0,37,68009,中性盘
118,09:38:28,18.39,-0.02,8,14706,买盘
119,09:38:37,18.31,-0.08,6,10986,中性盘
120,09:38:49,18.39,0.08,16,29445,卖盘
121,09:38:52,18.39,0.0,7,12873,卖盘
122,09:38:55,18.42,0.03,2,3684,买盘
123,09:38:58,18.32,-0.1,6,10992,卖盘
124,09:39:07,18.32,0.0,6,10992,卖盘
125,09:39:10,18.39,0.07,10,18382,买盘
126,09:39:19,18.35,-0.04,7,12846,卖盘
127,09:39:22,18.36,0.01,3,5508,卖盘
128,09:39:25,18.35,-0.01,4,7343,卖盘
129,09:39:28,18.32,-0.03,6,10992,卖盘
130,09:39:31,18.35,0.03,1,1835,买盘
131,09:39:34,18.35,0.0,1,1835,中性盘
132,09:39:37,18.28,-0.07,36,65822,卖盘
133,09:39:40,18.36,0.08,8,14648,买盘
134,09:39:43,18.36,0.0,22,40228,买盘
135,09:39:49,18.32,-0.04,7,12813,卖盘
136,09:39:52,18.32,0.0,4,7328,卖盘
137,09:39:55,18.36,0.04,7,12832,中性盘
138,09:39:58,18.27,-0.09,6,10971,卖盘
139,09:40:01,18.36,0.09,49,89744,买盘
140,09:40:07,18.28,-0.08,14,25592,卖盘
141,09:40:10,18.26,-0.02,104,189954,卖盘
142,09:40:19,18.31,0.05,8,14624,买盘
143,09:40:22,18.31,0.0,9,16479,买盘
144,09:40:28,18.31,0.0,15,27446,买盘
145,09:40:37,18.26,-0.05,6,10959,卖盘
146,09:40:43,18.3,0.04,2,3660,买盘
147,09:40:49,18.31,0.01,15,27459,买盘
148,09:40:55,18.31,0.0,31,56761,买盘
149,09:40:58,18.31,0.0,16,29342,卖盘
150,09:41:07,18.31,0.0,6,10986,卖盘
151,09:41:10,18.36,0.05,5,9180,买盘
152,09:41:13,18.32,-0.04,1,1832,卖盘
153,09:41:19,18.36,0.04,8,14666,买盘
154,09:41:28,18.3,-0.06,75,137323,卖盘
155,09:41:33,18.36,0.06,2,3672,买盘
156,09:41:37,18.3,-0.06,9,16488,卖盘
157,09:41:49,18.3,0.0,6,10983,卖盘
158,09:41:55,18.36,0.06,5,9180,买盘
159,09:41:58,18.33,-0.03,6,11001,卖盘
160,09:42:07,18.32,-0.01,6,10996,卖盘
161,09:42:19,18.36,0.04,10,18334,买盘
162,09:42:25,18.36,0.0,1,1836,卖盘
163,09:42:28,18.32,-0.04,8,14664,卖盘
164,09:42:37,18.31,-0.01,7,12829,卖盘
165,09:42:40,18.36,0.05,3,5508,买盘
166,09:42:49,18.38,0.02,10,18362,买盘
167,09:42:52,18.38,0.0,1,1838,买盘
168,09:42:58,18.38,0.0,6,11028,卖盘
169,09:43:07,18.38,0.0,6,11030,卖盘
170,09:43:10,18.4,0.02,4,7360,买盘
171,09:43:13,18.38,-0.02,19,34922,卖盘
172,09:43:19,18.4,0.02,116,213212,买盘
173,09:43:25,18.36,-0.04,13,23889,卖盘
174,09:43:28,18.36,0.0,6,11016,卖盘
175,09:43:34,18.36,0.0,21,38619,卖盘
176,09:43:37,18.39,0.03,8,14671,中性盘
177,09:43:43,18.39,0.0,2,3675,买盘
178,09:43:46,18.39,0.0,1,1839,买盘
179,09:43:49,18.32,-0.07,6,10992,卖盘
180,09:43:52,18.39,0.07,2,3678,买盘
181,09:43:58,18.32,-0.07,9,16525,卖盘
182,09:44:04,18.4,0.08,2,3679,买盘
183,09:44:07,18.32,-0.08,6,10992,卖盘
184,09:44:13,18.39,0.07,5,9195,买盘
185,09:44:19,18.31,-0.08,6,10990,卖盘
186,09:44:22,18.39,0.08,1,1839,买盘
187,09:44:28,18.32,-0.07,6,10992,卖盘
188,09:44:37,18.3,-0.02,6,10985,卖盘
189,09:44:49,18.3,0.0,6,10980,卖盘
190,09:44:52,18.39,0.09,17,31263,买盘
191,09:44:55,18.39,0.0,2,3678,买盘
192,09:44:58,18.31,-0.08,6,10996,卖盘
193,09:45:07,18.31,0.0,8,14668,卖盘
194,09:45:19,18.4,0.09,9,16503,买盘
195,09:45:25,18.4,0.0,5,9200,买盘
196,09:45:28,18.32,-0.08,6,10992,卖盘
197,09:45:37,18.31,-0.01,6,10988,卖盘
198,09:45:43,18.4,0.09,1,1840,买盘
199,09:45:49,18.31,-0.09,6,10993,卖盘
200,09:45:52,18.4,0.09,3,5519,买盘
201,09:45:55,18.4,0.0,1,1840,卖盘
202,09:45:58,18.32,-0.08,6,11000,卖盘
203,09:46:07,18.34,0.02,6,11012,卖盘
204,09:46:19,18.33,-0.01,52,95312,卖盘
205,09:46:22,18.42,0.09,20,36732,买盘
206,09:46:28,18.33,-0.09,6,10999,卖盘
207,09:46:37,18.33,0.0,51,93952,卖盘
208,09:46:43,18.33,0.0,9,16497,卖盘
209,09:46:49,18.45,0.12,33,60603,买盘
210,09:46:58,18.41,-0.04,6,11048,卖盘
211,09:47:07,18.41,0.0,6,11046,卖盘
212,09:47:13,18.34,-0.07,9,16562,卖盘
213,09:47:16,18.45,0.11,52,95906,买盘
214,09:47:19,18.34,-0.11,26,47685,卖盘
215,09:47:22,18.42,0.08,5,9210,买盘
216,09:47:25,18.41,-0.01,1,1841,中性盘
217,09:47:28,18.33,-0.08,6,11008,卖盘
218,09:47:31,18.4,0.07,2,3680,买盘
219,09:47:37,18.35,-0.05,6,11010,卖盘
220,09:47:43,18.34,-0.01,18,33022,卖盘
221,09:47:49,18.41,0.07,36,66061,买盘
222,09:47:58,18.38,-0.03,6,11043,卖盘
223,09:48:01,18.43,0.05,30,55250,买盘
224,09:48:07,18.4,-0.03,6,11040,卖盘
225,09:48:19,18.38,-0.02,11,20224,卖盘
226,09:48:25,18.38,0.0,5,9190,买盘
227,09:48:28,18.36,-0.02,6,11016,卖盘
228,09:48:31,18.38,0.02,20,36760,买盘
229,09:48:34,18.38,0.0,6,11028,买盘
230,09:48:37,18.38,0.0,6,11028,卖盘
231,09:48:40,18.44,0.06,7,12908,买盘
232,09:48:49,18.36,-0.08,23,42246,卖盘
233,09:48:52,18.36,0.0,2,3672,买盘
234,09:48:54,18.36,0.0,8,14688,买盘
235,09:48:58,18.36,0.0,8,14681,买盘
236,09:49:07,18.36,0.0,8,14700,卖盘
237,09:49:19,18.35,-0.01,47,86343,卖盘
238,09:49:22,18.42,0.07,7,12894,卖盘
239,09:49:28,18.36,-0.06,6,11021,卖盘
240,09:49:34,18.42,0.06,1,1842,买盘
241,09:49:37,18.36,-0.06,6,11016,卖盘
242,09:49:40,18.42,0.06,4,7368,买盘
243,09:49:43,18.42,0.0,2,3684,买盘
244,09:49:46,18.42,0.0,4,7372,卖盘
245,09:49:49,18.36,-0.06,19,34880,卖盘
246,09:49:52,18.36,0.0,21,38556,买盘
247,09:49:54,18.36,0.0,3,5508,买盘
248,09:49:58,18.37,0.01,6,11022,中性盘
249,09:50:07,18.37,0.0,6,11022,卖盘
250,09:50:13,18.42,0.05,1,1842,买盘
251,09:50:16,18.42,0.0,5,9210,买盘
252,09:50:19,18.36,-0.06,11,20199,卖盘
253,09:50:28,18.36,0.0,9,16518,买盘
254,09:50:31,18.36,0.0,24,44064,买盘
255,09:50:37,18.36,0.0,6,11016,卖盘
256,09:50:49,18.42,0.06,45,82644,买盘
257,09:50:55,18.42,0.0,1,1842,买盘
258,09:50:58,18.37,-0.05,6,11022,卖盘
259,09:51:07,18.35,-0.02,6,11010,卖盘
260,09:51:10,18.38,0.03,2,3676,买盘
261,09:51:13,18.38,0.0,1,1838,买盘
262,09:51:19,18.36,-0.02,17,31222,卖盘
263,09:51:22,18.35,-0.01,6,11013,卖盘
264,09:51:28,18.34,-0.01,6,11004,卖盘
265,09:51:31,18.35,0.01,6,11010,买盘
266,09:51:37,18.33,-0.02,26,47664,卖盘
267,09:51:40,18.35,0.02,3,5505,买盘
268,09:51:43,18.33,-0.02,15,27495,卖盘
269,09:51:49,18.32,-0.01,19,34819,卖盘
270,09:51:52,18.33,0.01,31,56792,买盘
271,09:51:55,18.31,-0.02,15,27491,卖盘
272,09:51:58,18.3,-0.01,38,69562,卖盘
273,09:52:07,18.3,0.0,6,10980,卖盘
274,09:52:16,18.31,0.01,10,18335,中性盘
275,09:52:19,18.3,-0.01,6,10983,卖盘
276,09:52:22,18.36,0.06,32,58572,买盘
277,09:52:28,18.31,-0.05,6,10986,卖盘
278,09:52:37,18.31,0.0,6,10986,卖盘
279,09:52:40,18.38,0.07,2,3676,中性盘
280,09:52:43,18.38,0.0,1,1838,买盘
281,09:52:48,18.3,-0.08,11,20147,卖盘
282,09:52:52,18.32,0.02,9,16488,卖盘
283,09:52:54,18.31,-0.01,16,29296,买盘
284,09:52:58,18.3,-0.01,6,10980,卖盘
285,09:53:04,18.31,0.01,1,1831,买盘
286,09:53:07,18.3,-0.01,6,10980,卖盘
287,09:53:10,18.31,0.01,4,7324,买盘
288,09:53:16,18.31,0.0,1,1831,买盘
289,09:53:19,18.3,-0.01,6,10980,卖盘
290,09:53:22,18.31,0.01,34,62219,买盘
291,09:53:28,18.31,0.0,6,10986,卖盘
292,09:53:33,18.31,0.0,2,3662,卖盘
293,09:53:37,18.31,0.0,6,10986,卖盘
294,09:53:49,18.32,0.01,7,12818,买盘
295,09:53:52,18.29,-0.03,21,38428,卖盘
296,09:53:58,18.29,0.0,8,14626,买盘
297,09:54:04,18.28,-0.01,4,7312,卖盘
298,09:54:07,18.28,0.0,6,10968,卖盘
299,09:54:10,18.28,0.0,4,7312,卖盘
300,09:54:13,18.28,0.0,10,18280,卖盘
301,09:54:19,18.29,0.01,12,21942,买盘
302,09:54:22,18.29,0.0,31,56669,买盘
303,09:54:25,18.29,0.0,5,9145,买盘
304,09:54:28,18.28,-0.01,6,10968,卖盘
305,09:54:37,18.28,0.0,11,20108,卖盘
306,09:54:40,18.28,0.0,1,1828,卖盘
307,09:54:43,18.28,0.0,30,54840,卖盘
308,09:54:49,18.28,0.0,11,20099,中性盘
309,09:54:52,18.26,-0.02,30,54785,卖盘
310,09:54:55,18.29,0.03,2,3658,买盘
311,09:54:58,18.26,-0.03,36,65736,卖盘
312,09:55:07,18.26,0.0,6,10956,卖盘
313,09:55:19,18.26,0.0,21,38340,卖盘
314,09:55:22,18.25,-0.01,2,3650,卖盘
315,09:55:25,18.25,0.0,30,54750,买盘
316,09:55:28,18.25,0.0,6,10950,卖盘
317,09:55:34,18.25,0.0,12,21901,卖盘
318,09:55:37,18.25,0.0,6,10950,卖盘
319,09:55:40,18.26,0.01,2,3652,买盘
320,09:55:43,18.26,0.0,15,27390,卖盘
321,09:55:49,18.26,0.0,6,10957,卖盘
322,09:55:52,18.25,-0.01,82,149659,卖盘
323,09:55:55,18.26,0.01,6,10957,卖盘
324,09:55:58,18.26,0.0,11,20080,中性盘
325,09:56:04,18.26,0.0,15,27390,卖盘
326,09:56:07,18.25,-0.01,6,10950,卖盘
327,09:56:10,18.28,0.03,24,43854,买盘
328,09:56:13,18.26,-0.02,8,14604,中性盘
329,09:56:19,18.26,0.0,6,10956,卖盘
330,09:56:22,18.25,-0.01,34,62070,卖盘
331,09:56:28,18.25,0.0,6,10950,卖盘
332,09:56:37,18.26,0.01,9,16437,卖盘
333,09:56:49,18.26,0.0,6,10956,卖盘
334,09:56:52,18.26,0.0,34,62084,卖盘
335,09:56:55,18.27,0.01,8,14616,买盘
336,09:56:58,18.25,-0.02,6,10955,卖盘
337,09:57:01,18.27,0.02,4,7308,中性盘
338,09:57:07,18.27,0.0,6,10962,卖盘
339,09:57:10,18.27,0.0,1,1827,卖盘
340,09:57:13,18.28,0.01,8,14621,买盘
341,09:57:19,18.27,-0.01,9,16437,卖盘
342,09:57:22,18.25,-0.02,30,54777,卖盘
343,09:57:28,18.29,0.04,6,10974,卖盘
344,09:57:37,18.25,-0.04,6,10958,卖盘
345,09:57:43,18.29,0.04,6,10974,卖盘
346,09:57:46,18.29,0.0,12,21948,中性盘
347,09:57:49,18.25,-0.04,3,5475,卖盘
348,09:57:52,18.25,0.0,29,52958,卖盘
349,09:57:55,18.26,0.01,2,3652,中性盘
350,09:57:58,18.26,0.0,10,18260,中性盘
351,09:58:07,18.29,0.03,9,16461,卖盘
352,09:58:19,18.29,0.0,3,5487,买盘
353,09:58:22,18.26,-0.03,35,63910,卖盘
354,09:58:25,18.28,0.02,9,16452,中性盘
355,09:58:31,18.29,0.01,1,1829,买盘
356,09:58:40,18.27,-0.02,8,14628,卖盘
357,09:58:43,18.29,0.02,1,1829,买盘
358,09:58:52,18.27,-0.02,29,52996,卖盘
359,09:58:58,18.27,0.0,3,5481,买盘
360,09:59:04,18.27,0.0,2,3654,买盘
361,09:59:22,18.26,-0.01,50,91344,卖盘
362,09:59:25,18.26,0.0,8,14608,买盘
363,09:59:31,18.27,0.01,2,3654,买盘
364,09:59:43,18.29,0.02,4,7314,买盘
365,09:59:49,18.25,-0.04,77,140582,卖盘
366,09:59:52,18.27,0.02,8,14616,卖盘
367,10:00:01,18.27,0.0,1,1827,买盘
368,10:00:04,18.25,-0.02,8,14600,卖盘
369,10:00:07,18.25,0.0,26,47455,卖盘
370,10:00:19,18.26,0.01,9,16428,买盘
371,10:00:22,18.25,-0.01,29,52929,卖盘
372,10:00:31,18.29,0.04,4,7316,买盘
373,10:00:37,18.29,0.0,17,31068,买盘
374,10:00:43,18.26,-0.03,5,9130,中性盘
375,10:00:49,18.26,0.0,5,9130,买盘
376,10:00:52,18.25,-0.01,33,60227,卖盘
377,10:00:55,18.25,0.0,178,324850,卖盘
378,10:01:22,18.25,0.0,31,56581,卖盘
379,10:01:25,18.25,0.0,18,32850,卖盘
380,10:01:31,18.25,0.0,1,1825,买盘
381,10:01:40,18.25,0.0,6,10950,买盘
382,10:01:46,18.25,0.0,55,100375,买盘
383,10:01:52,18.21,-0.04,30,54662,卖盘
384,10:02:01,18.25,0.04,1,1825,买盘
385,10:02:07,18.25,0.0,5,9125,买盘
386,10:02:13,18.23,-0.02,5,9119,卖盘
387,10:02:19,18.23,0.0,50,91150,买盘
388,10:02:22,18.21,-0.02,30,54643,卖盘
389,10:02:40,18.22,0.01,1,1822,买盘
390,10:02:46,18.21,-0.01,10,18210,卖盘
391,10:02:49,18.22,0.01,9,16398,买盘
392,10:02:52,18.21,-0.01,31,56457,卖盘
393,10:03:04,18.21,0.0,12,21854,卖盘
394,10:03:19,18.21,0.0,100,182103,卖盘
395,10:03:22,18.2,-0.01,28,50990,卖盘
396,10:03:28,18.22,0.02,17,30959,买盘
397,10:03:31,18.2,-0.02,18,32760,卖盘
398,10:03:34,18.2,0.0,43,78261,卖盘
399,10:03:36,18.2,0.0,112,203840,卖盘
400,10:03:43,18.2,0.0,23,41860,卖盘
401,10:03:46,18.2,0.0,55,100100,卖盘
402,10:03:48,18.2,0.0,28,50960,卖盘
403,10:03:52,18.2,0.0,161,293026,卖盘
404,10:03:55,18.21,0.01,6,10926,买盘
405,10:03:58,18.2,-0.01,8,14560,卖盘
406,10:04:01,18.2,0.0,87,158340,卖盘
407,10:04:04,18.2,0.0,100,182000,卖盘
408,10:04:07,18.2,0.0,50,91000,卖盘
409,10:04:13,18.2,0.0,23,41860,卖盘
410,10:04:16,18.16,-0.04,16,29066,卖盘
411,10:04:19,18.16,0.0,5,9080,买盘
412,10:04:21,18.13,-0.03,58,105253,卖盘
413,10:04:25,18.12,-0.01,6,10872,卖盘
414,10:04:28,18.12,0.0,2,3624,卖盘
415,10:04:31,18.1,-0.02,14,25354,卖盘
416,10:04:34,18.1,0.0,10,18102,卖盘
417,10:04:37,18.13,0.03,11,19923,买盘
418,10:04:40,18.11,-0.02,27,48897,卖盘
419,10:04:43,18.1,-0.01,71,128525,卖盘
420,10:04:46,18.12,0.02,2,3624,买盘
421,10:04:49,18.12,0.0,12,21732,买盘
422,10:04:52,18.11,-0.01,25,45280,卖盘
423,10:04:55,18.1,-0.01,50,90550,卖盘
424,10:04:58,18.12,0.02,2,3624,买盘
425,10:05:04,18.11,-0.01,11,19921,卖盘
426,10:05:07,18.11,0.0,15,27174,卖盘
427,10:05:13,18.11,0.0,16,28990,卖盘
428,10:05:16,18.12,0.01,10,18120,卖盘
429,10:05:19,18.12,0.0,12,21744,卖盘
430,10:05:22,18.12,0.0,20,36240,卖盘
431,10:05:25,18.11,-0.01,14,25359,卖盘
432,10:05:28,18.11,0.0,7,12677,卖盘
433,10:05:31,18.11,0.0,18,32615,卖盘
434,10:05:34,18.12,0.01,3,5436,买盘
435,10:05:37,18.11,-0.01,10,18126,卖盘
436,10:05:43,18.14,0.03,18,32642,中性盘
437,10:05:52,18.14,0.0,22,39928,卖盘
438,10:05:55,18.14,0.0,26,47164,卖盘
439,10:06:00,18.14,0.0,24,43536,卖盘
440,10:06:07,18.13,-0.01,21,38081,卖盘
441,10:06:13,18.21,0.08,1,1821,买盘
442,10:06:16,18.13,-0.08,7,12701,卖盘
443,10:06:22,18.13,0.0,13,23589,卖盘
444,10:06:25,18.12,-0.01,36,65264,卖盘
445,10:06:31,18.18,0.06,4,7272,卖盘
446,10:06:37,18.14,-0.04,10,18164,卖盘
447,10:06:40,18.12,-0.02,12,21748,卖盘
448,10:06:43,18.2,0.08,5,9100,买盘
449,10:06:49,18.2,0.0,3,5460,卖盘
450,10:06:52,18.14,-0.06,39,70996,卖盘
451,10:06:55,18.13,-0.01,32,58046,卖盘
452,10:07:01,18.13,0.0,10,18146,卖盘
453,10:07:04,18.13,0.0,1,1813,卖盘
454,10:07:13,18.13,0.0,25,45335,卖盘
455,10:07:16,18.2,0.07,9,16380,买盘
456,10:07:22,18.14,-0.06,7,12698,卖盘
457,10:07:25,18.15,0.01,25,45342,中性盘
458,10:07:28,18.14,-0.01,14,25376,买盘
459,10:07:30,18.14,0.0,12,21768,买盘
460,10:07:37,18.12,-0.02,14,25372,卖盘
461,10:07:42,18.14,0.02,8,14512,卖盘
462,10:07:46,18.12,-0.02,10,18126,卖盘
463,10:07:51,18.11,-0.01,22,39873,卖盘
464,10:07:55,18.11,0.0,31,56141,卖盘
465,10:08:01,18.11,0.0,9,16299,卖盘
466,10:08:07,18.11,0.0,10,18110,卖盘
467,10:08:16,18.11,0.0,2,3622,卖盘
468,10:08:22,18.11,0.0,5,9055,卖盘
469,10:08:24,18.1,-0.01,52,94158,卖盘
470,10:08:28,18.11,0.01,4,7244,买盘
471,10:08:31,18.1,-0.01,18,32580,卖盘
472,10:08:34,18.1,0.0,7,12670,卖盘
473,10:08:37,18.11,0.01,6,10866,买盘
474,10:08:40,18.11,0.0,8,14488,卖盘
475,10:08:46,18.1,-0.01,14,25346,卖盘
476,10:08:55,18.1,0.0,30,54305,卖盘
477,10:09:04,18.11,0.01,6,10866,卖盘
478,10:09:10,18.18,0.07,1,1818,买盘
479,10:09:13,18.19,0.01,31,56315,买盘
480,10:09:25,18.11,-0.08,32,57952,卖盘
481,10:09:28,18.11,0.0,10,18112,卖盘
482,10:09:37,18.1,-0.01,9,16291,卖盘
483,10:09:43,18.1,0.0,3,5430,卖盘
484,10:09:55,18.1,0.0,37,66977,卖盘
485,10:09:58,18.11,0.01,1,1811,中性盘
486,10:10:07,18.11,0.0,11,19922,卖盘
487,10:10:19,18.11,0.0,100,181100,卖盘
488,10:10:25,18.11,0.0,33,59773,卖盘
489,10:10:28,18.11,0.0,10,18110,卖盘
490,10:10:31,18.11,0.0,30,54330,卖盘
491,10:10:33,18.12,0.01,2,3624,买盘
492,10:10:40,18.11,-0.01,9,16299,卖盘
493,10:10:49,18.12,0.01,19,34412,买盘
494,10:10:55,18.11,-0.01,32,57954,卖盘
495,10:11:04,18.12,0.01,5,9060,卖盘
496,10:11:12,18.11,-0.01,10,18117,卖盘
497,10:11:22,18.19,0.08,9,16336,买盘
498,10:11:25,18.11,-0.08,36,65220,卖盘
499,10:11:37,18.11,0.0,13,23543,卖盘
500,10:11:43,18.18,0.07,14,25458,中性盘
501,10:11:55,18.11,-0.07,37,67020,卖盘
502,10:12:01,18.11,0.0,4,7246,卖盘
503,10:12:07,18.17,0.06,4,7268,卖盘
504,10:12:10,18.17,0.0,3,5451,卖盘
505,10:12:25,18.11,-0.06,32,57984,卖盘
506,10:12:28,18.18,0.07,1,1818,买盘
507,10:12:31,18.17,-0.01,2,3634,卖盘
508,10:12:52,18.18,0.01,4,7272,买盘
509,10:12:54,18.17,-0.01,32,58144,卖盘
510,10:12:58,18.2,0.03,40,72790,买盘
511,10:13:01,18.2,0.0,1,1820,卖盘
512,10:13:04,18.2,0.0,15,27300,卖盘
513,10:13:25,18.2,0.0,34,61884,卖盘
514,10:13:28,18.2,0.0,10,18200,卖盘
515,10:13:30,18.23,0.03,1,1823,买盘
516,10:13:52,18.25,0.02,13,23725,买盘
517,10:13:55,18.25,0.0,28,51100,卖盘
518,10:14:25,18.25,0.0,31,56595,卖盘
519,10:14:31,18.23,-0.02,8,14596,卖盘
520,10:14:37,18.23,0.0,9,16407,卖盘
521,10:14:40,18.23,0.0,49,89327,买盘
522,10:14:55,18.2,-0.03,32,58256,卖盘
523,10:15:25,18.2,0.0,29,52780,卖盘
524,10:15:40,18.23,0.03,3,5469,买盘
525,10:15:43,18.2,-0.03,10,18200,卖盘
526,10:15:54,18.2,0.0,33,60060,卖盘
527,10:16:19,18.2,0.0,10,18200,卖盘
528,10:16:24,18.23,0.03,51,92931,买盘
529,10:16:28,18.17,-0.06,34,61792,卖盘
530,10:16:37,18.23,0.06,4,7292,买盘
531,10:16:40,18.23,0.0,4,7292,买盘
532,10:16:58,18.25,0.02,33,60225,卖盘
533,10:17:28,18.25,0.0,29,52934,卖盘
534,10:17:37,18.25,0.0,10,18250,卖盘
535,10:17:52,18.29,0.04,5,9145,买盘
536,10:17:58,18.23,-0.06,30,54738,卖盘
537,10:18:00,18.23,0.0,5,9109,买盘
538,10:18:16,18.23,0.0,3,5469,买盘
539,10:18:22,18.29,0.06,3,5487,买盘
540,10:18:25,18.22,-0.07,10,18222,卖盘
541,10:18:28,18.22,0.0,23,41906,卖盘
542,10:18:37,18.29,0.07,10,18234,买盘
543,10:18:58,18.2,-0.09,30,54616,卖盘
544,10:19:16,18.21,0.01,10,18210,卖盘
545,10:19:28,18.21,0.0,32,58276,卖盘
546,10:19:58,18.21,0.0,34,61922,卖盘
547,10:20:01,18.26,0.05,3,5478,买盘
548,10:20:28,18.25,-0.01,33,60243,卖盘
549,10:20:46,18.29,0.04,6,10974,买盘
550,10:20:58,18.26,-0.03,34,62120,卖盘
551,10:21:04,18.3,0.04,50,91500,买盘
552,10:21:28,18.3,0.0,33,60394,卖盘
553,10:21:34,18.33,0.03,3,5499,买盘
554,10:21:42,18.33,0.0,12,21996,买盘
555,10:21:58,18.3,-0.03,31,56734,卖盘
556,10:22:09,18.36,0.06,4,7344,中性盘
557,10:22:13,18.35,-0.01,1,1835,卖盘
558,10:22:27,18.25,-0.1,32,58505,卖盘
559,10:22:34,18.25,0.0,4,7300,卖盘
560,10:22:58,18.25,0.0,30,54757,卖盘
561,10:23:16,18.25,0.0,20,36500,卖盘
562,10:23:28,18.25,0.0,30,54754,卖盘
563,10:23:34,18.22,-0.03,32,58373,卖盘
564,10:23:57,18.24,0.02,33,60197,卖盘
565,10:24:07,18.23,-0.01,19,34651,卖盘
566,10:24:22,18.34,0.11,3,5502,买盘
567,10:24:28,18.23,-0.11,15,27355,卖盘
568,10:24:34,18.22,-0.01,46,84053,卖盘
569,10:24:52,18.22,0.0,27,49202,卖盘
570,10:24:55,18.23,0.01,6,10938,买盘
571,10:24:58,18.22,-0.01,30,54680,卖盘
572,10:25:21,18.23,0.01,14,25526,卖盘
573,10:25:28,18.23,0.0,34,61982,卖盘
574,10:25:52,18.25,0.02,10,18250,卖盘
575,10:25:57,18.25,0.0,34,62050,卖盘
576,10:26:01,18.3,0.05,6,10980,买盘
577,10:26:16,18.29,-0.01,1,1829,买盘
578,10:26:22,18.26,-0.03,40,73050,卖盘
579,10:26:27,18.25,-0.01,31,56617,卖盘
580,10:26:31,18.3,0.05,4,7320,买盘
581,10:26:37,18.25,-0.05,8,14600,卖盘
582,10:26:40,18.31,0.06,8,14644,买盘
583,10:26:49,18.3,-0.01,4,7320,卖盘
584,10:26:54,18.28,-0.02,46,84102,卖盘
585,10:26:58,18.28,0.0,10,18280,卖盘
586,10:27:04,18.25,-0.03,18,32850,卖盘
587,10:27:09,18.28,0.03,20,36560,买盘
588,10:27:19,18.28,0.0,1,1828,买盘
589,10:27:25,18.25,-0.03,31,56575,卖盘
590,10:27:28,18.23,-0.02,30,54690,卖盘
591,10:27:31,18.31,0.08,3,5493,买盘
592,10:27:55,18.25,-0.06,17,31028,卖盘
593,10:27:58,18.25,0.0,16,29200,卖盘
594,10:28:04,18.31,0.06,38,69476,买盘
595,10:28:07,18.31,0.0,26,47606,卖盘
596,10:28:21,18.25,-0.06,6,10952,卖盘
597,10:28:28,18.25,0.0,33,60225,卖盘
598,10:28:42,18.31,0.06,4,7324,买盘
599,10:28:48,18.26,-0.05,2,3652,卖盘
600,10:28:52,18.25,-0.01,39,71237,卖盘
601,10:28:58,18.25,0.0,2,3650,买盘
602,10:29:00,18.25,0.0,34,62040,买盘
603,10:29:04,18.3,0.05,6,10980,买盘
604,10:29:25,18.23,-0.07,32,58360,卖盘
605,10:29:31,18.23,0.0,35,63825,卖盘
606,10:29:37,18.22,-0.01,8,14576,卖盘
607,10:29:40,18.22,0.0,14,25508,卖盘
608,10:29:46,18.23,0.01,4,7292,买盘
609,10:29:52,18.23,0.0,16,29168,卖盘
610,10:29:58,18.23,0.0,8,14584,卖盘
611,10:30:01,18.22,-0.01,32,58311,卖盘
612,10:30:07,18.22,0.0,6,10932,卖盘
613,10:30:13,18.27,0.05,2,3654,卖盘
614,10:30:19,18.22,-0.05,20,36440,卖盘
615,10:30:21,18.23,0.01,3,5469,卖盘
616,10:30:25,18.21,-0.02,40,72852,卖盘
617,10:30:40,18.22,0.01,1,1822,买盘
618,10:30:46,18.22,0.0,5,9110,买盘
619,10:30:49,18.22,0.0,17,30959,买盘
620,10:30:52,18.2,-0.02,45,81918,卖盘
621,10:31:01,18.2,0.0,35,63705,卖盘
622,10:31:04,18.2,0.0,238,433160,卖盘
623,10:31:22,18.22,0.02,59,107506,卖盘
624,10:31:31,18.2,-0.02,32,58260,卖盘
625,10:31:52,18.21,0.01,29,52809,卖盘
626,10:32:01,18.21,0.0,30,54630,卖盘
627,10:32:12,18.21,0.0,1,1821,卖盘
628,10:32:22,18.21,0.0,1,1821,卖盘
629,10:32:31,18.2,-0.01,31,56435,卖盘
630,10:32:55,18.2,0.0,10,18208,卖盘
631,10:33:01,18.2,0.0,30,54600,卖盘
632,10:33:04,18.21,0.01,11,20031,卖盘
633,10:33:10,18.21,0.0,4,7284,买盘
634,10:33:22,18.26,0.05,6,10956,买盘
635,10:33:25,18.2,-0.06,47,85549,卖盘
636,10:33:31,18.2,0.0,31,56421,卖盘
637,10:33:49,18.2,0.0,9,16380,卖盘
638,10:33:52,18.21,0.01,35,63735,卖盘
639,10:34:01,18.21,0.0,33,60110,卖盘
640,10:34:16,18.26,0.05,2,3652,买盘
641,10:34:25,18.21,-0.05,39,71024,卖盘
642,10:34:30,18.21,0.0,34,61914,卖盘
643,10:34:52,18.22,0.01,5,9110,卖盘
644,10:35:01,18.21,-0.01,37,67430,卖盘
645,10:35:10,18.26,0.05,10,18260,买盘
646,10:35:22,18.22,-0.04,42,76580,卖盘
647,10:35:31,18.22,0.0,17,30998,卖盘
648,10:35:36,18.22,0.0,12,21864,买盘
649,10:35:40,18.28,0.06,25,45700,买盘
650,10:35:52,18.22,-0.06,31,56522,卖盘
651,10:35:58,18.3,0.08,8,14606,买盘
652,10:36:01,18.21,-0.09,32,58274,卖盘
653,10:36:15,18.3,0.09,67,122610,买盘
654,10:36:22,18.26,-0.04,10,18292,卖盘
655,10:36:30,18.26,0.0,32,58432,卖盘
656,10:36:43,18.27,0.01,24,43848,卖盘
657,10:36:46,18.33,0.06,1,1833,买盘
658,10:36:52,18.3,-0.03,4,7320,卖盘
659,10:37:01,18.3,0.0,29,53070,卖盘
660,10:37:16,18.33,0.03,1,1833,买盘
661,10:37:19,18.33,0.0,12,21996,买盘
662,10:37:25,18.34,0.01,61,111742,买盘
663,10:37:28,18.34,0.0,24,44016,买盘
664,10:37:31,18.29,-0.05,34,62336,卖盘
665,10:37:34,18.37,0.08,24,44046,买盘
666,10:37:52,18.31,-0.06,17,31136,卖盘
667,10:37:54,18.3,-0.01,1,1830,买盘
668,10:38:01,18.28,-0.02,38,69501,卖盘
669,10:38:22,18.34,0.06,1,1834,卖盘
670,10:38:25,18.33,-0.01,18,32994,卖盘
671,10:38:31,18.3,-0.03,33,60432,卖盘
672,10:38:51,18.3,0.0,7,12814,卖盘
673,10:39:01,18.3,0.0,32,58561,卖盘
674,10:39:06,18.3,0.0,6,10980,卖盘
675,10:39:21,18.31,0.01,28,51290,卖盘
676,10:39:31,18.3,-0.01,21,38431,卖盘
677,10:39:34,18.31,0.01,21,38438,买盘
678,10:39:40,18.31,0.0,28,51268,卖盘
679,10:39:51,18.31,0.0,2,3662,买盘
680,10:39:55,18.29,-0.02,46,84162,卖盘
681,10:40:01,18.29,0.0,33,60357,卖盘
682,10:40:25,18.28,-0.01,33,60341,卖盘
683,10:40:31,18.27,-0.01,19,34720,卖盘
684,10:40:45,18.27,0.0,13,23751,买盘
685,10:40:55,18.25,-0.02,20,36500,卖盘
686,10:41:01,18.24,-0.01,30,54723,卖盘
687,10:41:21,18.25,0.01,5,9128,卖盘
688,10:41:24,18.27,0.02,9,16443,卖盘
689,10:41:31,18.27,0.0,33,60291,卖盘
690,10:41:46,18.34,0.07,3,5502,买盘
691,10:41:55,18.25,-0.09,44,80341,卖盘
692,10:42:01,18.33,0.08,12,21996,卖盘
693,10:42:04,18.24,-0.09,28,51099,卖盘
694,10:42:19,18.29,0.05,9,16461,中性盘
695,10:42:22,18.23,-0.06,32,58391,卖盘
696,10:42:34,18.23,0.0,8,14589,卖盘
697,10:42:40,18.23,0.0,29,52867,买盘
698,10:42:54,18.21,-0.02,19,34612,卖盘
699,10:43:04,18.21,0.0,30,54776,卖盘
700,10:43:22,18.29,0.08,7,12803,中性盘
701,10:43:28,18.29,0.0,2,3658,卖盘
702,10:43:33,18.22,-0.07,21,38311,卖盘
703,10:43:40,18.22,0.0,8,14576,买盘
704,10:43:49,18.29,0.07,4,7316,买盘
705,10:43:52,18.21,-0.08,49,89272,卖盘
706,10:43:55,18.28,0.07,1,1828,中性盘
707,10:44:01,18.29,0.01,4,7316,买盘
708,10:44:04,18.21,-0.08,33,60093,卖盘
709,10:44:16,18.29,0.08,11,20119,买盘
710,10:44:22,18.29,0.0,33,60357,卖盘
711,10:44:25,18.29,0.0,6,10974,卖盘
712,10:44:34,18.23,-0.06,34,61965,卖盘
713,10:44:37,18.29,0.06,2,3658,买盘
714,10:44:51,18.22,-0.07,21,38272,卖盘
715,10:45:04,18.22,0.0,33,60126,卖盘
716,10:45:10,18.24,0.02,3,5472,中性盘
717,10:45:21,18.24,0.0,9,16416,卖盘
718,10:45:33,18.22,-0.02,37,67448,卖盘
719,10:45:52,18.23,0.01,4,7292,卖盘
720,10:45:55,18.22,-0.01,15,27335,卖盘
721,10:46:04,18.22,0.0,29,52838,卖盘
722,10:46:07,18.29,0.07,4,7316,买盘
723,10:46:25,18.23,-0.06,4,7292,卖盘
724,10:46:33,18.22,-0.01,34,61948,卖盘
725,10:46:39,18.22,0.0,6,10932,卖盘
726,10:46:55,18.21,-0.01,39,71039,卖盘
727,10:47:04,18.21,0.0,32,58272,卖盘
728,10:47:25,18.21,0.0,23,41883,卖盘
729,10:47:33,18.21,0.0,32,58286,卖盘
730,10:47:55,18.2,-0.01,14,25486,卖盘
731,10:48:04,18.2,0.0,32,58240,卖盘
732,10:48:07,18.21,0.01,4,7284,中性盘
733,10:48:16,18.27,0.06,4,7308,买盘
734,10:48:24,18.22,-0.05,1,1822,卖盘
735,10:48:34,18.21,-0.01,31,56481,卖盘
736,10:48:52,18.21,0.0,30,54640,卖盘
737,10:48:58,18.21,0.0,2,3642,买盘
738,10:49:04,18.2,-0.01,32,58240,卖盘
739,10:49:22,18.2,0.0,26,47324,卖盘
740,10:49:34,18.2,0.0,36,65520,卖盘
741,10:49:52,18.25,0.05,6,10950,中性盘
742,10:50:04,18.25,0.0,30,54750,卖盘
743,10:50:18,18.26,0.01,4,7304,买盘
744,10:50:22,18.25,-0.01,47,85775,卖盘
745,10:50:25,18.26,0.01,3,5478,买盘
746,10:50:34,18.22,-0.04,28,51067,卖盘
747,10:50:52,18.22,0.0,28,51016,卖盘
748,10:51:04,18.21,-0.01,32,58273,卖盘
749,10:51:22,18.21,0.0,15,27320,卖盘
750,10:51:34,18.21,0.0,32,58272,卖盘
751,10:51:46,18.26,0.05,6,10956,买盘
752,10:51:54,18.21,-0.05,19,34603,卖盘
753,10:52:04,18.21,0.0,30,54650,卖盘
754,10:52:25,18.22,0.01,7,12754,卖盘
755,10:52:33,18.21,-0.01,33,60093,卖盘
756,10:52:37,18.26,0.05,4,7304,买盘
757,10:52:43,18.26,0.0,6,10956,买盘
758,10:52:54,18.22,-0.04,31,56506,卖盘
759,10:53:04,18.21,-0.01,33,60117,卖盘
760,10:53:24,18.22,0.01,16,29164,卖盘
761,10:53:31,18.22,0.0,1,1822,买盘
762,10:53:33,18.21,-0.01,29,52809,卖盘
763,10:53:37,18.21,0.0,1,1821,卖盘
764,10:53:39,18.22,0.01,3,5466,买盘
765,10:53:49,18.22,0.0,3,5466,买盘
766,10:53:55,18.21,-0.01,22,40062,卖盘
767,10:54:00,18.22,0.01,9,16398,买盘
768,10:54:04,18.22,0.0,20,36440,卖盘
769,10:54:06,18.22,0.0,13,23686,卖盘
770,10:54:24,18.22,0.0,9,16401,卖盘
771,10:54:31,18.27,0.05,4,7308,买盘
772,10:54:34,18.22,-0.05,17,30989,卖盘
773,10:54:37,18.27,0.05,28,51096,买盘
774,10:54:40,18.27,0.0,5,9135,买盘
775,10:54:43,18.27,0.0,6,10962,买盘
776,10:54:46,18.27,0.0,10,18270,买盘
777,10:54:49,18.28,0.01,3,5483,买盘
778,10:54:52,18.28,0.0,7,12796,买盘
779,10:54:55,18.29,0.01,11,20109,买盘
780,10:54:58,18.3,0.01,10,18291,买盘
781,10:55:01,18.3,0.0,2,3660,买盘
782,10:55:04,18.33,0.03,12,21975,买盘
783,10:55:07,18.33,0.0,33,60365,买盘
784,10:55:10,18.34,0.01,15,27499,买盘
785,10:55:19,18.34,0.0,25,45850,买盘
786,10:55:25,18.29,-0.05,34,62217,卖盘
787,10:55:36,18.3,0.01,33,60413,卖盘
788,10:55:46,18.35,0.05,6,11010,买盘
789,10:55:49,18.36,0.01,5,9180,买盘
790,10:55:52,18.4,0.04,45,82773,买盘
791,10:55:55,18.42,0.02,60,110434,买盘
792,10:55:58,18.42,0.0,10,18420,买盘
793,10:56:01,18.4,-0.02,43,79142,卖盘
794,10:56:04,18.42,0.02,6,11044,买盘
795,10:56:07,18.5,0.08,131,241619,买盘
796,10:56:12,18.5,0.0,1,1850,买盘
797,10:56:22,18.5,0.0,9,16650,买盘
798,10:56:25,18.46,-0.04,7,12927,卖盘
799,10:56:31,18.49,0.03,5,9245,买盘
800,10:56:34,18.48,-0.01,2,3696,卖盘
801,10:56:37,18.46,-0.02,28,51710,卖盘
802,10:56:43,18.46,0.0,12,22152,卖盘
803,10:56:46,18.5,0.04,135,249493,买盘
804,10:56:48,18.5,0.0,1,1850,卖盘
805,10:56:55,18.52,0.02,49,90432,买盘
806,10:56:57,18.5,-0.02,5,9250,卖盘
807,10:57:06,18.45,-0.05,34,62732,卖盘
808,10:57:19,18.45,0.0,3,5535,卖盘
809,10:57:25,18.37,-0.08,32,58904,卖盘
810,10:57:31,18.37,0.0,2,3674,买盘
811,10:57:34,18.37,0.0,1,1837,买盘
812,10:57:37,18.36,-0.01,43,78949,卖盘
813,10:57:40,18.37,0.01,1,1837,买盘
814,10:57:54,18.43,0.06,46,84668,买盘
815,10:58:07,18.37,-0.06,29,53281,卖盘
816,10:58:25,18.36,-0.01,25,45920,卖盘
817,10:58:37,18.36,0.0,31,56916,卖盘
818,10:58:54,18.36,0.0,34,62438,卖盘
819,10:58:57,18.36,0.0,40,73440,卖盘
820,10:59:07,18.31,-0.05,34,62294,卖盘
821,10:59:21,18.38,0.07,6,11028,买盘
822,10:59:24,18.37,-0.01,1,1837,中性盘
823,10:59:34,18.37,0.0,1,1837,买盘
824,10:59:37,18.34,-0.03,13,23852,卖盘
825,10:59:43,18.34,0.0,18,33012,买盘
826,10:59:46,18.37,0.03,1,1837,买盘
827,10:59:55,18.37,0.0,42,77021,买盘
828,10:59:57,18.38,0.01,23,42274,买盘
829,11:00:07,18.33,-0.05,33,60510,卖盘
830,11:00:25,18.33,0.0,23,42161,卖盘
831,11:00:37,18.33,0.0,24,44003,卖盘
832,11:00:48,18.33,0.0,4,7332,买盘
833,11:00:52,18.34,0.01,9,16499,买盘
834,11:00:55,18.34,0.0,12,22008,卖盘
835,11:01:07,18.34,0.0,32,58688,中性盘
836,11:01:19,18.42,0.08,1,1842,买盘
837,11:01:25,18.34,-0.08,12,22013,卖盘
838,11:01:31,18.34,0.0,6,11004,买盘
839,11:01:34,18.34,0.0,2,3668,买盘
840,11:01:37,18.33,-0.01,36,65988,卖盘
841,11:01:39,18.34,0.01,36,66024,买盘
842,11:01:55,18.34,0.0,33,60525,卖盘
843,11:02:07,18.33,-0.01,30,55003,卖盘
844,11:02:24,18.33,0.0,19,34843,卖盘
845,11:02:27,18.42,0.09,1,1842,买盘
846,11:02:37,18.33,-0.09,31,56823,卖盘
847,11:02:55,18.33,0.0,9,16501,卖盘
848,11:03:07,18.33,0.0,34,62322,卖盘
849,11:03:25,18.33,0.0,44,80655,卖盘
850,11:03:28,18.4,0.07,4,7360,买盘
851,11:03:37,18.32,-0.08,31,56822,卖盘
852,11:03:55,18.31,-0.01,30,54945,卖盘
853,11:04:04,18.38,0.07,3,5514,买盘
854,11:04:06,18.27,-0.11,31,56665,卖盘
855,11:04:25,18.27,0.0,66,120834,卖盘
856,11:04:36,18.3,0.03,18,32993,卖盘
857,11:04:39,18.29,-0.01,14,25606,买盘
858,11:04:55,18.29,0.0,4,7319,卖盘
859,11:05:06,18.33,0.04,18,32994,卖盘
860,11:05:10,18.3,-0.03,13,23796,卖盘
861,11:05:22,18.39,0.09,1,1839,买盘
862,11:05:24,18.31,-0.08,12,21972,卖盘
863,11:05:28,18.39,0.08,6,11034,买盘
864,11:05:37,18.32,-0.07,8,14663,卖盘
865,11:05:40,18.32,0.0,25,45791,卖盘
866,11:05:55,18.33,0.01,49,89853,卖盘
867,11:06:01,18.33,0.0,1,1833,买盘
868,11:06:04,18.4,0.07,1,1840,买盘
869,11:06:10,18.32,-0.08,33,60465,卖盘
870,11:06:24,18.31,-0.01,42,76917,卖盘
871,11:06:40,18.31,0.0,32,58612,卖盘
872,11:06:55,18.31,0.0,22,40285,卖盘
873,11:07:01,18.38,0.07,10,18380,买盘
874,11:07:07,18.38,0.0,1,1838,卖盘
875,11:07:09,18.38,0.0,33,60514,买盘
876,11:07:13,18.38,0.0,2,3676,买盘
877,11:07:25,18.33,-0.05,8,14664,卖盘
878,11:07:40,18.32,-0.01,30,54980,卖盘
879,11:07:45,18.32,0.0,5,9160,买盘
880,11:07:55,18.31,-0.01,44,80593,卖盘
881,11:08:10,18.31,0.0,30,54952,卖盘
882,11:08:24,18.31,0.0,29,53106,卖盘
883,11:08:40,18.32,0.01,31,56792,卖盘
884,11:08:52,18.31,-0.01,66,120867,卖盘
885,11:08:54,18.31,0.0,17,31127,卖盘
886,11:09:10,18.31,0.0,32,58594,卖盘
887,11:09:25,18.31,0.0,8,14650,卖盘
888,11:09:39,18.31,0.0,28,51268,卖盘
889,11:09:46,18.37,0.06,1,1837,买盘
890,11:09:55,18.32,-0.05,3,5496,卖盘
891,11:09:58,18.37,0.05,2,3674,买盘
892,11:10:09,18.31,-0.06,35,64086,卖盘
893,11:10:24,18.38,0.07,63,115594,买盘
894,11:10:40,18.3,-0.08,37,67774,卖盘
895,11:10:55,18.3,0.0,15,27452,卖盘
896,11:10:58,18.38,0.08,5,9190,买盘
897,11:11:10,18.3,-0.08,33,60392,卖盘
898,11:11:25,18.31,0.01,1,1831,卖盘
899,11:11:39,18.3,-0.01,34,62220,卖盘
900,11:11:46,18.37,0.07,1,1837,买盘
901,11:11:55,18.3,-0.07,20,36604,卖盘
902,11:12:09,18.3,0.0,32,58574,卖盘
903,11:12:22,18.37,0.07,1,1837,买盘
904,11:12:25,18.3,-0.07,41,75033,卖盘
905,11:12:39,18.3,0.0,33,60390,卖盘
906,11:12:54,18.3,0.0,29,53072,卖盘
907,11:13:09,18.3,0.0,27,49410,卖盘
908,11:13:12,18.3,0.0,2,3660,卖盘
909,11:13:25,18.31,0.01,4,7324,卖盘
910,11:13:39,18.31,0.0,23,42113,卖盘
911,11:13:42,18.31,0.0,14,25634,卖盘
912,11:13:52,18.37,0.06,33,60621,买盘
913,11:13:55,18.31,-0.06,5,9155,卖盘
914,11:14:09,18.31,0.0,22,40282,卖盘
915,11:14:12,18.3,-0.01,14,25629,卖盘
916,11:14:19,18.37,0.07,2,3674,买盘
917,11:14:24,18.3,-0.07,42,76861,卖盘
918,11:14:40,18.31,0.01,13,23803,卖盘
919,11:14:43,18.31,0.0,20,36620,卖盘
920,11:14:54,18.31,0.0,27,49440,卖盘
921,11:15:10,18.31,0.0,7,12817,卖盘
922,11:15:13,18.31,0.0,26,47606,卖盘
923,11:15:21,18.38,0.07,33,60604,买盘
924,11:15:25,18.31,-0.07,17,31129,卖盘
925,11:15:40,18.31,0.0,2,3662,卖盘
926,11:15:42,18.31,0.0,31,56761,卖盘
927,11:15:54,18.32,0.01,5,9160,卖盘
928,11:16:10,18.32,0.0,6,10992,卖盘
929,11:16:13,18.31,-0.01,23,42122,卖盘
930,11:16:25,18.3,-0.01,41,75038,卖盘
931,11:16:28,18.37,0.07,2,3674,买盘
932,11:16:34,18.3,-0.07,3,5490,卖盘
933,11:16:40,18.3,0.0,7,12810,卖盘
934,11:16:43,18.3,0.0,26,47582,卖盘
935,11:16:54,18.31,0.01,30,54905,卖盘
936,11:17:13,18.3,-0.01,32,58562,卖盘
937,11:17:22,18.3,0.0,266,486783,卖盘
938,11:17:25,18.3,0.0,13,23790,卖盘
939,11:17:42,18.31,0.01,29,53122,卖盘
940,11:17:49,18.31,0.0,5,9155,卖盘
941,11:17:55,18.31,0.0,1,1831,买盘
942,11:18:10,18.3,-0.01,3,5490,卖盘
943,11:18:13,18.3,0.0,34,62220,卖盘
944,11:18:19,18.31,0.01,2,3662,买盘
945,11:18:24,18.3,-0.01,7,12810,卖盘
946,11:18:31,18.29,-0.01,60,109796,卖盘
947,11:18:39,18.31,0.02,4,7324,买盘
948,11:18:42,18.28,-0.03,29,53026,卖盘
949,11:18:55,18.29,0.01,14,25648,卖盘
950,11:19:13,18.27,-0.02,25,45699,卖盘
951,11:19:25,18.25,-0.02,31,56579,卖盘
952,11:19:42,18.25,0.0,34,62050,卖盘
953,11:19:49,18.26,0.01,1,1826,买盘
954,11:19:55,18.25,-0.01,19,34675,卖盘
955,11:19:58,18.25,0.0,20,36500,卖盘
956,11:20:13,18.25,0.0,34,62050,卖盘
957,11:20:18,18.26,0.01,1,1826,买盘
958,11:20:25,18.25,-0.01,7,12775,卖盘
959,11:20:28,18.25,0.0,1,1825,卖盘
960,11:20:42,18.25,0.0,31,56575,卖盘
961,11:20:49,18.26,0.01,2,3652,买盘
962,11:20:55,18.23,-0.03,26,47424,卖盘
963,11:21:01,18.23,0.0,1,1823,买盘
964,11:21:06,18.23,0.0,1,1823,买盘
965,11:21:10,18.23,0.0,14,25522,买盘
966,11:21:13,18.23,0.0,34,61982,卖盘
967,11:21:24,18.34,0.11,65,118834,买盘
968,11:21:43,18.22,-0.12,34,61976,卖盘
969,11:21:55,18.32,0.1,16,29175,中性盘
970,11:22:06,18.32,0.0,10,18320,买盘
971,11:22:12,18.23,-0.09,35,63807,卖盘
972,11:22:25,18.22,-0.01,55,100215,卖盘
973,11:22:36,18.23,0.01,5,9115,买盘
974,11:22:43,18.23,0.0,37,67451,买盘
975,11:22:54,18.23,0.0,38,69276,卖盘
976,11:23:01,18.31,0.08,1,1831,买盘
977,11:23:12,18.23,-0.08,34,61982,卖盘
978,11:23:24,18.24,0.01,23,41952,卖盘
979,11:23:31,18.34,0.1,33,60453,买盘
980,11:23:43,18.23,-0.11,29,52906,卖盘
981,11:23:55,18.24,0.01,26,47470,卖盘
982,11:24:13,18.24,0.0,29,52903,卖盘
983,11:24:25,18.24,0.0,12,21891,卖盘
984,11:24:28,18.24,0.0,4,7296,买盘
985,11:24:42,18.24,0.0,30,54720,卖盘
986,11:24:48,18.35,0.11,33,60511,买盘
987,11:24:55,18.25,-0.1,4,7300,卖盘
988,11:25:06,18.32,0.07,5,9160,卖盘
989,11:25:09,18.34,0.02,12,21996,买盘
990,11:25:13,18.24,-0.1,21,38320,卖盘
991,11:25:16,18.35,0.11,47,86041,买盘
992,11:25:25,18.23,-0.12,40,72959,卖盘
993,11:25:45,18.25,0.02,28,51100,卖盘
994,11:25:55,18.25,0.0,27,49279,卖盘
995,11:26:16,18.25,0.0,31,56577,卖盘
996,11:26:24,18.25,0.0,13,23729,卖盘
997,11:26:46,18.24,-0.01,33,60203,卖盘
998,11:26:55,18.25,0.01,1,1825,卖盘
999,11:27:15,18.24,-0.01,33,60194,卖盘
1000,11:27:19,18.31,0.07,2,3662,买盘
1001,11:27:25,18.24,-0.07,37,67491,卖盘
1002,11:27:45,18.23,-0.01,33,60191,卖盘
1003,11:27:55,18.23,0.0,29,52867,卖盘
1004,11:28:04,18.31,0.08,2,3662,买盘
1005,11:28:09,18.31,0.0,11,20111,买盘
1006,11:28:16,18.25,-0.06,34,62050,卖盘
1007,11:28:25,18.31,0.06,14,25562,买盘
1008,11:28:46,18.25,-0.06,31,56587,卖盘
1009,11:28:54,18.24,-0.01,24,43786,卖盘
1010,11:29:09,18.24,0.0,1,1824,买盘
1011,11:29:15,18.23,-0.01,56,102114,卖盘
1012,11:29:25,18.23,0.0,36,65629,卖盘
1013,11:29:31,18.31,0.08,4,7324,买盘
1014,11:29:46,18.23,-0.08,30,54690,卖盘
1015,11:29:54,18.23,0.0,24,43752,卖盘
1016,13:00:05,18.23,0.0,2,3646,卖盘
1017,13:00:07,18.31,0.08,2,3662,买盘
1018,13:00:10,18.3,-0.01,2,3660,中性盘
1019,13:00:15,18.24,-0.06,34,62016,卖盘
1020,13:00:24,18.23,-0.01,37,67472,卖盘
1021,13:00:48,18.23,0.0,33,60159,卖盘
1022,13:00:54,18.22,-0.01,28,51028,卖盘
1023,13:00:57,18.21,-0.01,77,140267,卖盘
1024,13:01:19,18.21,0.0,29,52809,卖盘
1025,13:01:24,18.21,0.0,13,23673,卖盘
1026,13:01:39,18.28,0.07,5,9140,中性盘
1027,13:01:43,18.29,0.01,1,1829,买盘
1028,13:01:49,18.21,-0.08,34,61925,卖盘
1029,13:01:54,18.21,0.0,1,1821,卖盘
1030,13:02:19,18.22,0.01,30,54660,卖盘
1031,13:02:24,18.21,-0.01,39,71019,卖盘
1032,13:02:49,18.21,0.0,29,52809,卖盘
1033,13:02:55,18.2,-0.01,26,47323,卖盘
1034,13:03:16,18.23,0.03,2,3646,卖盘
1035,13:03:18,18.22,-0.01,10,18220,卖盘
1036,13:03:21,18.22,0.0,1,1822,买盘
1037,13:03:24,18.22,0.0,22,40071,买盘
1038,13:03:31,18.21,-0.01,14,25494,卖盘
1039,13:03:37,18.21,0.0,5,9105,卖盘
1040,13:03:43,18.21,0.0,1,1821,卖盘
1041,13:03:49,18.2,-0.01,31,56436,卖盘
1042,13:03:52,18.22,0.02,2,3644,买盘
1043,13:03:55,18.2,-0.02,2,3642,卖盘
1044,13:04:09,18.28,0.08,2,3656,买盘
1045,13:04:18,18.21,-0.07,32,58272,卖盘
1046,13:04:24,18.21,0.0,41,74676,卖盘
1047,13:04:45,18.22,0.01,2,3644,卖盘
1048,13:04:48,18.22,0.0,34,61948,卖盘
1049,13:04:54,18.21,-0.01,24,43727,卖盘
1050,13:05:00,18.23,0.02,3,5468,买盘
1051,13:05:18,18.21,-0.02,29,52813,卖盘
1052,13:05:31,18.21,0.0,5,9105,买盘
1053,13:05:49,18.2,-0.01,34,61880,卖盘
1054,13:05:51,18.21,0.01,7,12747,买盘
1055,13:05:54,18.2,-0.01,48,87360,卖盘
1056,13:05:58,18.21,0.01,1,1821,买盘
1057,13:06:19,18.21,0.0,34,61914,卖盘
1058,13:06:24,18.2,-0.01,36,65526,卖盘
1059,13:06:49,18.21,0.01,32,58272,卖盘
1060,13:06:51,18.21,0.0,20,36420,卖盘
1061,13:06:54,18.2,-0.01,44,80082,卖盘
1062,13:07:18,18.2,0.0,31,56426,卖盘
1063,13:07:25,18.2,0.0,26,47320,卖盘
1064,13:07:48,18.2,0.0,31,56426,卖盘
1065,13:07:54,18.2,0.0,16,29120,卖盘
1066,13:08:01,18.25,0.05,1,1825,买盘
1067,13:08:12,18.25,0.0,3,5475,买盘
1068,13:08:18,18.22,-0.03,3,5468,卖盘
1069,13:08:27,18.22,0.0,3,5466,买盘
1070,13:08:42,18.2,-0.02,607,1104776,卖盘
1071,13:08:48,18.2,0.0,34,61880,卖盘
1072,13:08:54,18.19,-0.01,94,171061,卖盘
1073,13:09:04,18.18,-0.01,32,58176,卖盘
1074,13:09:06,18.17,-0.01,8,14542,卖盘
1075,13:09:18,18.15,-0.02,18,32672,卖盘
1076,13:09:21,18.15,0.0,13,23595,卖盘
1077,13:09:25,18.13,-0.02,28,50794,卖盘
1078,13:09:48,18.13,0.0,19,34447,卖盘
1079,13:09:51,18.12,-0.01,13,23562,卖盘
1080,13:09:54,18.12,0.0,11,19932,卖盘
1081,13:09:58,18.12,0.0,3,5436,买盘
1082,13:10:19,18.2,0.08,14,25477,买盘
1083,13:10:22,18.12,-0.08,24,43537,卖盘
1084,13:10:25,18.19,0.07,2,3638,中性盘
1085,13:10:27,18.2,0.01,6,10920,买盘
1086,13:10:30,18.19,-0.01,3,5457,卖盘
1087,13:10:51,18.11,-0.08,33,59805,卖盘
1088,13:10:57,18.12,0.01,33,59796,买盘
1089,13:11:04,18.12,0.0,4,7248,买盘
1090,13:11:21,18.12,0.0,35,63423,卖盘
1091,13:11:24,18.12,0.0,25,45311,卖盘
1092,13:11:36,18.12,0.0,54,97867,卖盘
1093,13:11:39,18.12,0.0,2,3624,买盘
1094,13:11:51,18.11,-0.01,31,56149,卖盘
1095,13:11:54,18.12,0.01,11,19932,卖盘
1096,13:12:01,18.14,0.02,12,21768,买盘
1097,13:12:13,18.11,-0.03,56,101443,卖盘
1098,13:12:16,18.12,0.01,1,1812,中性盘
1099,13:12:19,18.12,0.0,3,5436,买盘
1100,13:12:22,18.12,0.0,56,101439,买盘
1101,13:12:25,18.12,0.0,71,128604,买盘
1102,13:12:31,18.12,0.0,8,14496,买盘
1103,13:12:33,18.11,-0.01,110,199192,卖盘
1104,13:12:37,18.11,0.0,2,3622,买盘
1105,13:12:40,18.11,0.0,6,10866,买盘
1106,13:12:43,18.1,-0.01,16,28960,卖盘
1107,13:12:46,18.1,0.0,163,295030,卖盘
1108,13:12:52,18.1,0.0,44,79560,买盘
1109,13:12:55,18.1,0.0,63,113962,买盘
1110,13:13:09,18.08,-0.02,1,1808,卖盘
1111,13:13:12,18.1,0.02,18,32580,买盘
1112,13:13:22,18.08,-0.02,31,56048,卖盘
1113,13:13:25,18.1,0.02,30,54242,买盘
1114,13:13:49,18.1,0.0,1,1810,买盘
1115,13:13:52,18.06,-0.04,7,12647,卖盘
1116,13:14:00,18.06,0.0,1,1806,买盘
1117,13:14:13,18.06,0.0,4,7224,买盘
1118,13:14:18,18.06,0.0,1,1806,买盘
1119,13:14:21,18.04,-0.02,26,46920,卖盘
1120,13:14:25,18.04,0.0,1,1804,买盘
1121,13:14:28,18.04,0.0,1,1804,买盘
1122,13:14:31,18.04,0.0,11,19844,买盘
1123,13:14:37,18.06,0.02,40,72216,买盘
1124,13:14:39,18.06,0.0,10,18060,卖盘
1125,13:14:46,18.05,-0.01,4,7220,买盘
1126,13:14:51,18.05,0.0,236,425421,买盘
1127,13:14:54,18.05,0.0,3,5415,卖盘
1128,13:15:12,18.0,-0.05,250,450221,卖盘
1129,13:15:22,18.02,0.02,46,82922,卖盘
1130,13:15:25,18.02,0.0,40,72080,卖盘
1131,13:15:46,18.09,0.07,4,7236,买盘
1132,13:15:49,18.09,0.0,10,18090,买盘
1133,13:15:51,18.03,-0.06,46,82959,卖盘
1134,13:15:55,18.03,0.0,23,41481,卖盘
1135,13:16:04,18.0,-0.03,230,414276,卖盘
1136,13:16:07,18.05,0.05,11,19855,卖盘
1137,13:16:10,18.05,0.0,1,1805,卖盘
1138,13:16:13,18.0,-0.05,111,199834,卖盘
1139,13:16:16,18.0,0.0,23,41400,买盘
1140,13:16:19,18.0,0.0,66,118800,买盘
1141,13:16:21,17.98,-0.02,34,61171,卖盘
1142,13:16:24,18.0,0.02,12,21600,卖盘
1143,13:16:39,18.03,0.03,4,7212,中性盘
1144,13:16:43,18.05,0.02,20,36100,买盘
1145,13:16:51,18.03,-0.02,11,19839,卖盘
1146,13:16:54,18.03,0.0,5,9015,买盘
1147,13:17:04,18.03,0.0,131,235923,买盘
1148,13:17:06,18.03,0.0,4,7212,买盘
1149,13:17:10,18.03,0.0,63,113589,买盘
1150,13:17:12,18.02,-0.01,36,64882,卖盘
1151,13:17:15,18.05,0.03,180,324900,买盘
1152,13:17:22,18.05,0.0,33,59577,卖盘
1153,13:17:25,18.03,-0.02,410,738747,卖盘
1154,13:17:31,18.02,-0.01,2,3604,买盘
1155,13:17:34,18.02,0.0,330,594062,买盘
1156,13:17:39,18.02,0.0,7,12614,买盘
1157,13:17:43,18.02,0.0,68,122536,卖盘
1158,13:17:46,18.02,0.0,35,63070,卖盘
1159,13:17:52,18.02,0.0,55,99154,卖盘
1160,13:17:55,18.02,0.0,20,36040,卖盘
1161,13:18:00,18.04,0.02,18,32472,买盘
1162,13:18:04,18.02,-0.02,85,153334,卖盘
1163,13:18:19,18.02,0.0,11,19832,卖盘
1164,13:18:22,18.02,0.0,29,52258,卖盘
1165,13:18:28,18.02,0.0,5,9010,买盘
1166,13:18:33,18.02,0.0,2,3604,买盘
1167,13:18:39,18.02,0.0,1,1802,买盘
1168,13:18:42,18.02,0.0,1,1802,买盘
1169,13:18:49,18.02,0.0,4,7208,买盘
1170,13:18:51,18.01,-0.01,34,61238,卖盘
1171,13:18:54,18.01,0.0,42,75642,卖盘
1172,13:19:01,18.08,0.07,10,18080,买盘
1173,13:19:04,18.08,0.0,2,3616,买盘
1174,13:19:10,18.03,-0.05,1,1803,卖盘
1175,13:19:13,18.03,0.0,1,1803,卖盘
1176,13:19:16,18.08,0.05,2,3616,买盘
1177,13:19:18,18.03,-0.05,6,10818,卖盘
1178,13:19:22,18.02,-0.01,3,5406,卖盘
1179,13:19:31,18.02,0.0,2,3604,买盘
1180,13:19:34,18.02,0.0,3,5406,买盘
1181,13:19:43,18.02,0.0,13,23426,买盘
1182,13:19:46,18.02,0.0,2,3604,买盘
1183,13:19:49,18.02,0.0,1,1802,买盘
1184,13:19:51,18.01,-0.01,20,36020,卖盘
1185,13:19:54,18.01,0.0,30,54030,卖盘
1186,13:19:58,18.02,0.01,1,1802,买盘
1187,13:20:04,18.02,0.0,5,9010,买盘
1188,13:20:07,18.02,0.0,3,5406,买盘
1189,13:20:09,18.02,0.0,5,9010,买盘
1190,13:20:19,18.02,0.0,14,25228,买盘
1191,13:20:25,18.01,-0.01,52,93662,卖盘
1192,13:20:42,18.03,0.02,5,9015,买盘
1193,13:20:55,18.02,-0.01,21,37850,卖盘
1194,13:21:13,18.02,0.0,10,18020,买盘
1195,13:21:16,18.02,0.0,12,21624,买盘
1196,13:21:24,18.01,-0.01,55,99079,卖盘
1197,13:21:31,18.0,-0.01,20,36000,卖盘
1198,13:21:34,18.01,0.01,5,9005,买盘
1199,13:21:43,18.01,0.0,80,144001,买盘
1200,13:21:55,18.0,-0.01,65,117000,卖盘
1201,13:22:04,18.01,0.01,5,9005,买盘
1202,13:22:10,18.01,0.0,102,183602,买盘
1203,13:22:16,18.0,-0.01,18,32400,卖盘
1204,13:22:19,18.0,0.0,12,21601,卖盘
1205,13:22:24,17.96,-0.04,6,10780,卖盘
1206,13:22:30,17.96,0.0,1,1796,买盘
1207,13:22:51,17.96,0.0,3,5388,买盘
1208,13:22:55,17.95,-0.01,16,28720,卖盘
1209,13:23:19,17.95,0.0,28,50267,卖盘
1210,13:23:24,17.95,0.0,28,50264,卖盘
1211,13:23:28,17.95,0.0,22,39490,买盘
1212,13:23:31,17.95,0.0,6,10770,买盘
1213,13:23:34,17.95,0.0,1,1795,买盘
1214,13:23:36,17.95,0.0,20,35900,买盘
1215,13:23:46,17.95,0.0,16,28720,卖盘
1216,13:23:49,17.96,0.01,16,28736,买盘
1217,13:23:55,17.95,-0.01,143,256847,卖盘
1218,13:23:58,17.95,0.0,9,16155,买盘
1219,13:24:01,17.95,0.0,12,21540,买盘
1220,13:24:04,17.95,0.0,60,107700,买盘
1221,13:24:07,17.97,0.02,10,17952,买盘
1222,13:24:10,18.04,0.07,16,28815,买盘
1223,13:24:12,17.95,-0.09,4,7182,中性盘
1224,13:24:16,18.04,0.09,15,27012,买盘
1225,13:24:19,18.07,0.03,15,27105,中性盘
1226,13:24:25,17.96,-0.11,50,89980,卖盘
1227,13:24:28,18.07,0.11,6,10842,买盘
1228,13:24:34,18.02,-0.05,1,1802,买盘
1229,13:24:37,18.0,-0.02,20,36004,卖盘
1230,13:24:42,18.02,0.02,6,10812,买盘
1231,13:24:55,18.01,-0.01,5,9006,卖盘
1232,13:25:00,18.01,0.0,5,9005,买盘
1233,13:25:04,18.05,0.04,31,55844,买盘
1234,13:25:24,18.01,-0.04,53,95455,卖盘
1235,13:25:27,18.01,0.0,2,3602,买盘
1236,13:25:31,18.0,-0.01,11,19800,卖盘
1237,13:25:34,18.0,0.0,6,10800,卖盘
1238,13:25:37,18.01,0.01,10,18010,买盘
1239,13:25:55,18.0,-0.01,60,108043,卖盘
1240,13:26:24,18.0,0.0,65,117040,卖盘
1241,13:26:28,18.03,0.03,19,34257,买盘
1242,13:26:43,18.03,0.0,2,3606,买盘
1243,13:26:46,18.03,0.0,3,5409,买盘
1244,13:26:52,18.0,-0.03,50,90005,卖盘
1245,13:26:54,18.0,0.0,23,41400,卖盘
1246,13:27:01,18.03,0.03,56,100809,买盘
1247,13:27:22,18.03,0.0,2,3606,买盘
1248,13:27:25,18.0,-0.03,35,63000,卖盘
1249,13:27:40,18.03,0.03,6,10818,买盘
1250,13:27:43,18.03,0.0,17,30651,买盘
1251,13:27:45,18.03,0.0,1,1803,买盘
1252,13:27:55,17.98,-0.05,69,124116,卖盘
1253,13:28:25,17.98,0.0,48,86352,卖盘
1254,13:28:28,17.98,0.0,14,25172,卖盘
1255,13:28:55,17.97,-0.01,33,59317,卖盘
1256,13:28:58,18.03,0.06,15,26967,买盘
1257,13:29:24,17.97,-0.06,14,25160,卖盘
1258,13:29:31,17.97,0.0,12,21564,买盘
1259,13:29:37,17.97,0.0,2,3594,买盘
1260,13:29:40,17.97,0.0,32,57504,买盘
1261,13:29:43,17.97,0.0,22,39534,买盘
1262,13:29:55,17.98,0.01,21,37764,卖盘
1263,13:29:58,17.98,0.0,13,23374,卖盘
1264,13:30:07,17.98,0.0,16,28768,卖盘
1265,13:30:10,17.97,-0.01,3,5392,卖盘
1266,13:30:12,17.98,0.01,7,12586,买盘
1267,13:30:22,17.98,0.0,2,3596,买盘
1268,13:30:25,17.97,-0.01,38,68292,卖盘
1269,13:30:27,17.96,-0.01,25,44914,卖盘
1270,13:30:54,17.97,0.01,14,25161,卖盘
1271,13:30:58,17.97,0.0,6,10782,卖盘
1272,13:31:04,17.96,-0.01,24,43104,卖盘
1273,13:31:10,17.97,0.01,15,26955,买盘
1274,13:31:21,17.97,0.0,4,7188,买盘
1275,13:31:24,17.97,0.0,53,95241,买盘
1276,13:31:27,17.97,0.0,34,61098,卖盘
1277,13:31:54,18.03,0.06,54,97150,买盘
1278,13:31:57,17.97,-0.06,32,57504,卖盘
1279,13:32:07,18.03,0.06,3,5409,买盘
1280,13:32:10,18.03,0.0,24,43272,买盘
1281,13:32:25,17.98,-0.05,27,48560,卖盘
1282,13:32:30,17.98,0.0,1,1798,买盘
1283,13:32:42,17.98,0.0,13,23374,买盘
1284,13:32:55,17.97,-0.01,32,57504,卖盘
1285,13:32:58,17.98,0.01,37,66491,买盘
1286,13:33:07,17.98,0.0,4,7192,买盘
1287,13:33:25,17.97,-0.01,15,26969,卖盘
1288,13:33:27,17.97,0.0,29,52113,卖盘
1289,13:33:46,18.0,0.03,1,1800,买盘
1290,13:33:51,18.0,0.0,2,3600,买盘
1291,13:33:55,17.98,-0.02,2,3596,卖盘
1292,13:33:58,17.97,-0.01,33,59321,卖盘
1293,13:34:16,18.02,0.05,2,3604,买盘
1294,13:34:24,17.97,-0.05,36,64720,卖盘
1295,13:34:28,17.97,0.0,35,62895,卖盘
1296,13:34:54,17.98,0.01,23,41354,卖盘
1297,13:34:58,17.97,-0.01,32,57505,卖盘
1298,13:35:12,18.02,0.05,2,3600,买盘
1299,13:35:24,17.97,-0.05,50,89857,卖盘
1300,13:35:27,17.97,0.0,29,52113,卖盘
1301,13:35:55,17.97,0.0,46,82677,卖盘
1302,13:35:58,17.97,0.0,33,59303,卖盘
1303,13:36:15,17.98,0.01,20,35960,卖盘
1304,13:36:25,17.97,-0.01,36,64702,卖盘
1305,13:36:28,17.97,0.0,34,61110,卖盘
1306,13:36:55,17.98,0.01,20,35960,卖盘
1307,13:36:58,17.97,-0.01,34,61106,卖盘
1308,13:37:06,17.98,0.01,1,1798,卖盘
1309,13:37:13,18.02,0.04,40,72022,买盘
1310,13:37:24,18.05,0.03,15,27022,买盘
1311,13:37:28,17.98,-0.07,32,57536,卖盘
1312,13:37:55,17.99,0.01,10,17994,卖盘
1313,13:38:01,17.99,0.0,23,41377,买盘
1314,13:38:19,17.99,0.0,2,3598,买盘
1315,13:38:25,17.98,-0.01,48,86323,卖盘
1316,13:38:28,17.98,0.0,33,59334,卖盘
1317,13:38:46,18.05,0.07,3,5415,买盘
1318,13:38:55,17.99,-0.06,14,25206,卖盘
1319,13:38:57,17.99,0.0,10,17991,卖盘
1320,13:39:04,17.99,0.0,24,43176,买盘
1321,13:39:19,18.05,0.06,15,27075,买盘
1322,13:39:21,18.05,0.0,24,43320,买盘
1323,13:39:25,17.99,-0.06,32,57632,卖盘
1324,13:39:28,17.99,0.0,18,32418,卖盘
1325,13:39:30,17.99,0.0,5,8995,买盘
1326,13:39:34,17.99,0.0,9,16191,买盘
1327,13:39:37,18.09,0.1,14,25286,买盘
1328,13:39:58,17.99,-0.1,53,95517,卖盘
1329,13:40:25,17.99,0.0,26,46774,卖盘
1330,13:40:31,17.99,0.0,17,30583,买盘
1331,13:40:34,18.09,0.1,61,110039,买盘
1332,13:40:46,18.08,-0.01,2,3616,买盘
1333,13:40:55,18.0,-0.08,11,19809,卖盘
1334,13:41:01,18.0,0.0,10,18000,买盘
1335,13:41:07,18.0,0.0,11,19800,买盘
1336,13:41:13,18.0,0.0,7,12600,买盘
1337,13:41:16,18.0,0.0,2,3600,买盘
1338,13:41:19,18.0,0.0,6,10800,买盘
1339,13:41:22,18.0,0.0,10,18000,买盘
1340,13:41:24,17.99,-0.01,20,35980,卖盘
1341,13:41:27,18.0,0.01,1,1800,买盘
1342,13:41:30,17.99,-0.01,32,57568,卖盘
1343,13:41:46,18.06,0.07,9,16254,卖盘
1344,13:41:49,18.07,0.01,11,19868,买盘
1345,13:41:58,18.0,-0.07,5,9000,卖盘
1346,13:42:01,17.99,-0.01,32,57633,卖盘
1347,13:42:13,18.06,0.07,1,1806,买盘
1348,13:42:21,18.06,0.0,2,3612,买盘
1349,13:42:24,18.0,-0.06,28,50532,卖盘
1350,13:42:28,18.0,0.0,12,21600,买盘
1351,13:42:31,18.05,0.05,5,9010,买盘
1352,13:42:49,18.05,0.0,11,19855,买盘
1353,13:42:55,18.0,-0.05,21,37824,卖盘
1354,13:42:58,18.0,0.0,4,7200,买盘
1355,13:43:01,18.0,0.0,17,30600,买盘
1356,13:43:04,18.0,0.0,23,41400,买盘
1357,13:43:13,18.06,0.06,11,19866,卖盘
1358,13:43:16,18.08,0.02,17,30727,买盘
1359,13:43:25,18.0,-0.08,13,23411,卖盘
1360,13:43:28,18.0,0.0,3,5400,买盘
1361,13:43:31,18.0,0.0,41,73961,卖盘
1362,13:43:37,18.0,0.0,7,12600,买盘
1363,13:43:43,18.06,0.06,3,5418,卖盘
1364,13:43:46,18.06,0.0,4,7224,卖盘
1365,13:43:55,18.06,0.0,4,7224,卖盘
1366,13:43:57,18.07,0.01,18,32512,买盘
1367,13:44:01,18.0,-0.07,1,1800,卖盘
1368,13:44:07,18.0,0.0,17,30600,买盘
1369,13:44:10,18.0,0.0,5,9000,买盘
1370,13:44:16,18.0,0.0,6,10800,买盘
1371,13:44:27,18.0,0.0,40,72028,卖盘
1372,13:44:31,18.0,0.0,2,3600,卖盘
1373,13:44:36,18.0,0.0,1,1800,买盘
1374,13:44:39,18.0,0.0,9,16200,买盘
1375,13:44:49,18.0,0.0,5,9000,买盘
1376,13:44:51,18.0,0.0,5,9000,买盘
1377,13:44:54,17.99,-0.01,29,52172,卖盘
1378,13:44:57,18.0,0.01,12,21600,买盘
1379,13:45:00,18.0,0.0,30,54000,卖盘
1380,13:45:09,18.07,0.07,3,5421,买盘
1381,13:45:28,18.0,-0.07,35,63074,卖盘
1382,13:45:37,18.01,0.01,11,19811,买盘
1383,13:45:43,18.01,0.0,3,5403,买盘
1384,13:45:46,18.08,0.07,21,37842,买盘
1385,13:45:57,18.0,-0.08,22,39613,卖盘
1386,13:46:01,18.0,0.0,35,63000,卖盘
1387,13:46:24,18.07,0.07,9,16263,卖盘
1388,13:46:31,18.01,-0.06,33,59481,卖盘
1389,13:46:33,18.07,0.06,1,1807,中性盘
1390,13:46:55,18.01,-0.06,23,41459,卖盘
1391,13:46:57,18.01,0.0,10,18010,买盘
1392,13:47:01,18.0,-0.01,34,61200,卖盘
1393,13:47:07,18.01,0.01,1,1801,买盘
1394,13:47:12,18.01,0.0,13,23413,买盘
1395,13:47:16,18.09,0.08,13,23506,买盘
1396,13:47:25,18.01,-0.08,33,59447,卖盘
1397,13:47:31,18.01,0.0,21,37823,卖盘
1398,13:47:34,18.01,0.0,15,27015,卖盘
1399,13:47:57,18.01,0.0,22,39664,卖盘
1400,13:48:00,18.01,0.0,39,70399,卖盘
1401,13:48:04,18.01,0.0,14,25214,卖盘
1402,13:48:19,18.09,0.08,3,5427,买盘
1403,13:48:25,18.01,-0.08,27,48627,卖盘
1404,13:48:30,18.01,0.0,18,32418,卖盘
1405,13:48:33,18.01,0.0,12,21612,卖盘
1406,13:48:54,18.01,0.0,14,25216,卖盘
1407,13:49:00,18.0,-0.01,22,39603,卖盘
1408,13:49:04,18.0,0.0,13,23400,卖盘
1409,13:49:07,18.01,0.01,1,1801,买盘
1410,13:49:13,18.01,0.0,1,1801,买盘
1411,13:49:16,18.0,-0.01,34,61200,卖盘
1412,13:49:18,18.01,0.01,9,16209,买盘
1413,13:49:24,18.01,0.0,28,50402,买盘
1414,13:49:28,18.01,0.0,3,5403,买盘
1415,13:49:31,18.01,0.0,2,3602,买盘
1416,13:49:33,18.01,0.0,1,1801,买盘
1417,13:49:37,18.01,0.0,1,1801,买盘
1418,13:49:40,18.01,0.0,1,1801,买盘
1419,13:49:43,18.01,0.0,1,1801,买盘
1420,13:49:46,18.01,0.0,43,77408,买盘
1421,13:49:54,18.0,-0.01,16,28803,卖盘
1422,13:50:15,18.0,0.0,33,59401,卖盘
1423,13:50:28,17.99,-0.01,50,89970,卖盘
1424,13:50:46,18.01,0.02,33,59433,卖盘
1425,13:50:48,18.0,-0.01,3,5400,买盘
1426,13:50:51,18.0,0.0,1,1800,买盘
1427,13:50:55,17.99,-0.01,35,62965,卖盘
1428,13:51:15,18.0,0.01,30,54000,卖盘
1429,13:51:28,18.0,0.0,45,81000,卖盘
1430,13:51:40,18.0,0.0,6,10816,卖盘
1431,13:51:46,18.0,0.0,32,57600,卖盘
1432,13:51:57,17.99,-0.01,35,62990,卖盘
1433,13:52:16,17.99,0.0,32,57569,卖盘
1434,13:52:27,17.99,0.0,23,41377,卖盘
1435,13:52:46,18.0,0.01,31,55800,卖盘
1436,13:52:58,18.0,0.0,9,16200,卖盘
1437,13:53:15,18.0,0.0,29,52205,卖盘
1438,13:53:28,18.0,0.0,47,84600,卖盘
1439,13:53:48,18.06,0.06,40,72027,买盘
1440,13:53:58,18.0,-0.06,30,54000,卖盘
1441,13:54:19,18.0,0.0,33,59400,卖盘
1442,13:54:28,17.99,-0.01,20,35992,卖盘
1443,13:54:49,17.99,0.0,31,55771,卖盘
1444,13:54:57,17.99,0.0,9,16191,卖盘
1445,13:55:07,18.0,0.01,5,9000,买盘
1446,13:55:13,18.0,0.0,19,34200,买盘
1447,13:55:18,18.0,0.0,34,61200,卖盘
1448,13:55:25,18.0,0.0,26,46800,卖盘
1449,13:55:40,18.0,0.0,123,221400,卖盘
1450,13:55:49,17.99,-0.01,32,57568,卖盘
1451,13:55:52,18.0,0.01,7,12600,买盘
1452,13:56:01,18.0,0.0,17,30600,买盘
1453,13:56:07,18.0,0.0,3,5400,买盘
1454,13:56:10,18.04,0.04,3,5412,买盘
1455,13:56:18,18.04,0.0,36,64801,买盘
1456,13:56:48,18.05,0.01,35,63062,买盘
1457,13:57:19,18.0,-0.05,34,61316,卖盘
1458,13:57:22,18.05,0.05,13,23465,买盘
1459,13:57:27,18.07,0.02,17,30710,买盘
1460,13:57:33,18.08,0.01,10,18077,买盘
1461,13:57:48,18.04,-0.04,20,36095,卖盘
1462,13:57:52,18.04,0.0,11,19844,买盘
1463,13:58:09,18.09,0.05,3,5427,买盘
1464,13:58:12,18.09,0.0,3,5427,买盘
1465,13:58:19,18.08,-0.01,33,59665,卖盘
1466,13:58:21,18.09,0.01,40,72352,买盘
1467,13:58:37,18.09,0.0,8,14472,买盘
1468,13:58:45,18.09,0.0,2,3618,买盘
1469,13:58:49,18.08,-0.01,30,54240,卖盘
1470,13:58:52,18.09,0.01,17,30753,买盘
1471,13:59:04,18.09,0.0,1,1809,卖盘
1472,13:59:18,18.09,0.0,32,57888,卖盘
1473,13:59:31,18.09,0.0,20,36180,卖盘
1474,13:59:37,18.1,0.01,8,14480,买盘
1475,13:59:42,18.1,0.0,13,23530,买盘
1476,13:59:49,18.02,-0.08,41,74018,卖盘
1477,13:59:52,18.1,0.08,21,38010,买盘
1478,14:00:07,18.09,-0.01,1,1809,卖盘
1479,14:00:10,18.09,0.0,1,1809,卖盘
1480,14:00:12,18.09,0.0,9,16281,卖盘
1481,14:00:15,18.09,0.0,21,37981,买盘
1482,14:00:19,18.02,-0.07,25,45079,卖盘
1483,14:00:21,18.01,-0.01,15,27015,卖盘
1484,14:00:25,18.06,0.05,1,1806,买盘
1485,14:00:28,18.08,0.02,2,3616,卖盘
1486,14:00:43,18.08,0.0,2,3616,卖盘
1487,14:00:52,18.02,-0.06,30,54234,卖盘
1488,14:01:10,18.08,0.06,21,37977,卖盘
1489,14:01:21,18.02,-0.06,32,57697,卖盘
1490,14:01:27,18.02,0.0,1,1802,买盘
1491,14:01:51,18.04,0.02,9,16268,卖盘
1492,14:02:10,18.04,0.0,6,10824,买盘
1493,14:02:13,18.04,0.0,3,5412,买盘
1494,14:02:19,18.04,0.0,9,16236,买盘
1495,14:02:22,18.09,0.05,42,75755,买盘
1496,14:02:31,18.09,0.0,3,5427,买盘
1497,14:02:52,18.02,-0.07,28,50492,卖盘
1498,14:02:58,18.02,0.0,2,3604,买盘
1499,14:03:00,18.02,0.0,1,1802,买盘
1500,14:03:07,18.02,0.0,6,10819,卖盘
1501,14:03:13,18.09,0.07,3,5427,买盘
1502,14:03:22,18.01,-0.08,30,54044,卖盘
1503,14:03:25,18.09,0.08,2,3618,买盘
1504,14:03:40,18.08,-0.01,7,12656,卖盘
1505,14:03:43,18.09,0.01,7,12657,买盘
1506,14:03:52,18.01,-0.08,34,61254,卖盘
1507,14:04:13,18.08,0.07,7,12656,卖盘
1508,14:04:16,18.01,-0.07,26,46826,卖盘
1509,14:04:21,18.0,-0.01,29,52215,卖盘
1510,14:04:27,18.08,0.08,1,1808,买盘
1511,14:04:40,18.08,0.0,4,7232,买盘
1512,14:04:52,18.0,-0.08,35,63020,卖盘
1513,14:05:22,18.01,0.01,29,52249,卖盘
1514,14:05:31,18.08,0.07,3,5424,买盘
1515,14:05:52,18.01,-0.07,29,52242,卖盘
1516,14:05:58,18.01,0.0,5,9005,买盘
1517,14:06:00,18.08,0.07,4,7229,买盘
1518,14:06:21,18.0,-0.08,31,55806,卖盘
1519,14:06:34,18.0,0.0,142,255637,卖盘
1520,14:06:52,18.0,0.0,110,198006,卖盘
1521,14:06:55,18.0,0.0,61,109800,卖盘
1522,14:07:01,18.0,0.0,16,28800,买盘
1523,14:07:13,18.0,0.0,12,21600,买盘
1524,14:07:19,18.0,0.0,1,1800,买盘
1525,14:07:22,17.99,-0.01,38,68371,卖盘
1526,14:07:25,18.0,0.01,88,158320,买盘
1527,14:07:27,18.0,0.0,5,9000,买盘
1528,14:07:31,18.0,0.0,2,3600,买盘
1529,14:07:34,17.99,-0.01,3,5397,卖盘
1530,14:07:48,18.0,0.01,5,9000,买盘
1531,14:07:52,17.99,-0.01,33,59367,卖盘
1532,14:08:04,18.0,0.01,4,7200,买盘
1533,14:08:16,18.0,0.0,3,5400,买盘
1534,14:08:18,18.0,0.0,5,9000,买盘
1535,14:08:21,17.99,-0.01,20,35980,卖盘
1536,14:08:25,17.99,0.0,14,25186,卖盘
1537,14:08:52,17.99,0.0,20,35983,卖盘
1538,14:08:55,17.99,0.0,12,21588,卖盘
1539,14:09:00,18.0,0.01,3,5400,买盘
1540,14:09:21,17.99,-0.01,6,10794,卖盘
1541,14:09:25,17.98,-0.01,25,44950,卖盘
1542,14:09:39,18.0,0.02,16,28800,买盘
1543,14:09:55,17.98,-0.02,32,57536,卖盘
1544,14:10:04,18.0,0.02,2,3600,买盘
1545,14:10:16,18.0,0.0,295,531000,买盘
1546,14:10:24,17.99,-0.01,15,26990,卖盘
1547,14:10:28,17.99,0.0,2,3598,买盘
1548,14:10:36,17.99,0.0,14,25186,买盘
1549,14:10:55,17.99,0.0,35,62965,卖盘
1550,14:11:04,18.0,0.01,27,48600,卖盘
1551,14:11:10,18.0,0.0,14,25200,卖盘
1552,14:11:16,17.99,-0.01,2,3598,卖盘
1553,14:11:18,18.0,0.01,12,21600,买盘
1554,14:11:25,17.99,-0.01,35,62965,卖盘
1555,14:11:31,18.0,0.01,26,46777,买盘
1556,14:11:37,17.99,-0.01,1,1799,买盘
1557,14:11:39,18.0,0.01,16,28800,买盘
1558,14:11:46,17.99,-0.01,2,3598,卖盘
1559,14:11:55,17.98,-0.01,35,62943,卖盘
1560,14:12:01,17.99,0.01,13,23387,中性盘
1561,14:12:07,17.98,-0.01,40,71935,卖盘
1562,14:12:22,17.99,0.01,2,3598,买盘
1563,14:12:25,17.98,-0.01,31,55766,卖盘
1564,14:12:49,18.0,0.02,4,7200,买盘
1565,14:12:55,17.98,-0.02,32,57563,卖盘
1566,14:13:21,18.0,0.02,3,5400,买盘
1567,14:13:25,17.98,-0.02,34,61140,卖盘
1568,14:13:36,17.98,0.0,99,178002,卖盘
1569,14:13:45,17.99,0.01,3,5397,买盘
1570,14:13:55,17.98,-0.01,31,55762,卖盘
1571,14:14:10,17.99,0.01,15,26985,卖盘
1572,14:14:16,17.99,0.0,7,12593,卖盘
1573,14:14:25,17.98,-0.01,31,55738,卖盘
1574,14:14:27,18.0,0.02,32,57600,买盘
1575,14:14:37,18.0,0.0,10,18000,买盘
1576,14:14:40,18.0,0.0,20,36000,买盘
1577,14:14:43,18.0,0.0,5,9000,买盘
1578,14:14:52,18.0,0.0,3,5400,买盘
1579,14:14:55,17.99,-0.01,34,61190,卖盘
1580,14:15:19,18.04,0.05,10,18040,卖盘
1581,14:15:25,17.99,-0.05,29,52178,卖盘
1582,14:15:30,18.0,0.01,9,16200,中性盘
1583,14:15:36,18.03,0.03,4,7212,卖盘
1584,14:15:43,18.03,0.0,1,1803,买盘
1585,14:15:52,18.03,0.0,10,18030,买盘
1586,14:15:55,18.02,-0.01,35,63091,卖盘
1587,14:15:57,18.06,0.04,10,18058,买盘
1588,14:16:07,18.06,0.0,11,19866,买盘
1589,14:16:13,18.05,-0.01,2,3610,买盘
1590,14:16:19,17.99,-0.06,12,21612,卖盘
1591,14:16:24,17.99,0.0,34,61304,卖盘
1592,14:16:39,18.05,0.06,12,21660,卖盘
1593,14:16:55,18.01,-0.04,32,57668,卖盘
1594,14:17:16,18.04,0.03,11,19844,卖盘
1595,14:17:22,18.04,0.0,8,14432,卖盘
1596,14:17:25,18.04,0.0,6,10824,卖盘
1597,14:17:31,18.01,-0.03,2,3602,买盘
1598,14:17:43,18.01,0.0,3,5403,买盘
1599,14:17:54,18.0,-0.01,47,84611,卖盘
1600,14:18:15,18.01,0.01,4,7204,卖盘
1601,14:18:25,18.0,-0.01,34,61237,卖盘
1602,14:18:34,18.04,0.04,1,1804,卖盘
1603,14:18:58,18.02,-0.02,33,59514,卖盘
1604,14:19:01,18.05,0.03,4,7220,买盘
1605,14:19:19,18.05,0.0,17,30685,买盘
1606,14:19:25,18.02,-0.03,2,3604,卖盘
1607,14:19:28,18.01,-0.01,20,36032,卖盘
1608,14:19:40,18.01,0.0,9,16209,买盘
1609,14:19:46,18.0,-0.01,200,360005,卖盘
1610,14:19:51,18.0,0.0,38,68415,卖盘
1611,14:19:54,18.0,0.0,13,23400,买盘
1612,14:19:58,17.99,-0.01,3,5397,卖盘
1613,14:20:01,17.99,0.0,16,28784,买盘
1614,14:20:04,17.99,0.0,5,8995,买盘
1615,14:20:12,17.99,0.0,5,8995,买盘
1616,14:20:28,17.97,-0.02,606,1089194,卖盘
1617,14:20:39,17.97,0.0,75,134775,卖盘
1618,14:20:58,17.97,0.0,35,62895,卖盘
1619,14:21:24,17.99,0.02,1,1799,卖盘
1620,14:21:28,17.96,-0.03,34,61107,卖盘
1621,14:21:43,17.99,0.03,14,25186,买盘
1622,14:21:46,17.99,0.0,1,1799,卖盘
1623,14:21:58,17.96,-0.03,31,55688,卖盘
1624,14:22:01,18.0,0.04,4,7200,买盘
1625,14:22:10,17.99,-0.01,10,17990,卖盘
1626,14:22:16,17.95,-0.04,656,1178255,卖盘
1627,14:22:28,17.95,0.0,35,62825,卖盘
1628,14:22:46,17.98,0.03,1,1798,买盘
1629,14:22:58,17.97,-0.01,16,28760,卖盘
1630,14:23:00,17.97,0.0,10,17970,买盘
1631,14:23:04,17.99,0.02,6,10788,买盘
1632,14:23:16,17.94,-0.05,248,445146,卖盘
1633,14:23:28,17.94,0.0,66,118644,卖盘
1634,14:23:31,17.99,0.05,2,3596,中性盘
1635,14:23:40,17.99,0.0,1,1799,卖盘
1636,14:23:52,17.99,0.0,24,43185,卖盘
1637,14:23:58,17.99,0.0,33,59367,卖盘
1638,14:24:12,18.05,0.06,1,1805,买盘
1639,14:24:28,17.99,-0.06,32,57568,卖盘
1640,14:24:34,18.0,0.01,27,48620,中性盘
1641,14:24:57,17.99,-0.01,29,52171,卖盘
1642,14:25:04,18.0,0.01,86,154800,买盘
1643,14:25:16,18.0,0.0,15,27000,卖盘
1644,14:25:19,18.0,0.0,15,27000,买盘
1645,14:25:28,18.0,0.0,33,59400,卖盘
1646,14:25:37,18.0,0.0,10,18000,卖盘
1647,14:25:48,18.01,0.01,5,9005,买盘
1648,14:25:55,18.01,0.0,4,7204,买盘
1649,14:25:58,18.0,-0.01,19,34200,卖盘
1650,14:26:01,18.0,0.0,13,23400,卖盘
1651,14:26:22,18.01,0.01,4,7204,买盘
1652,14:26:28,18.0,-0.01,29,52210,卖盘
1653,14:26:30,18.01,0.01,48,86425,买盘
1654,14:26:45,18.0,-0.01,10,18000,买盘
1655,14:26:57,17.99,-0.01,21,37779,卖盘
1656,14:27:01,17.99,0.0,14,25186,卖盘
1657,14:27:19,18.0,0.01,98,176400,买盘
1658,14:27:27,18.03,0.03,6,10818,中性盘
1659,14:27:31,18.0,-0.03,25,45014,卖盘
1660,14:27:54,18.04,0.04,4,7216,卖盘
1661,14:27:57,18.02,-0.02,18,32460,卖盘
1662,14:28:01,18.02,0.0,14,25228,卖盘
1663,14:28:07,18.04,0.02,1,1804,卖盘
1664,14:28:22,18.05,0.01,1,1805,买盘
1665,14:28:28,18.04,-0.01,6,10824,卖盘
1666,14:28:30,18.04,0.0,30,54074,卖盘
1667,14:28:33,18.04,0.0,9,16236,买盘
1668,14:28:40,18.04,0.0,5,9020,买盘
1669,14:29:01,18.01,-0.03,31,55849,卖盘
1670,14:29:04,18.04,0.03,2,3608,买盘
1671,14:29:07,18.04,0.0,71,128084,买盘
1672,14:29:31,18.03,-0.01,33,59530,卖盘
1673,14:29:52,18.02,-0.01,1,1802,卖盘
1674,14:30:01,18.01,-0.01,33,59433,卖盘
1675,14:30:21,18.01,0.0,10,18010,卖盘
1676,14:30:31,18.0,-0.01,31,55800,卖盘
1677,14:30:43,18.02,0.02,9,16218,买盘
1678,14:31:01,18.0,-0.02,67,120600,卖盘
1679,14:31:31,17.99,-0.01,32,57568,卖盘
1680,14:31:37,18.0,0.01,2,3600,买盘
1681,14:31:43,18.0,0.0,1,1800,买盘
1682,14:32:01,17.99,-0.01,33,59367,卖盘
1683,14:32:22,18.0,0.01,2,3600,买盘
1684,14:32:31,17.96,-0.04,115,206804,卖盘
1685,14:32:37,17.99,0.03,1,1799,买盘
1686,14:32:55,17.99,0.0,3,5397,买盘
1687,14:33:01,17.96,-0.03,37,66460,卖盘
1688,14:33:24,17.96,0.0,1,1796,卖盘
1689,14:33:31,17.96,0.0,31,55676,卖盘
1690,14:33:46,17.96,0.0,13,23348,卖盘
1691,14:33:49,17.99,0.03,2,3598,买盘
1692,14:34:01,17.96,-0.03,34,61064,卖盘
1693,14:34:22,17.99,0.03,1,1799,买盘
1694,14:34:30,17.95,-0.04,30,53876,卖盘
1695,14:34:33,17.95,0.0,5,8975,卖盘
1696,14:35:01,17.96,0.01,28,50288,卖盘
1697,14:35:04,17.99,0.03,1,1799,买盘
1698,14:35:07,17.99,0.0,2,3598,买盘
1699,14:35:09,17.99,0.0,1,1799,买盘
1700,14:35:12,17.99,0.0,10,17990,买盘
1701,14:35:31,17.96,-0.03,20,35933,卖盘
1702,14:35:34,17.96,0.0,14,25144,卖盘
1703,14:35:40,17.98,0.02,1,1798,卖盘
1704,14:35:54,17.98,0.0,1,1798,卖盘
1705,14:35:57,17.98,0.0,4,7192,卖盘
1706,14:36:01,17.96,-0.02,15,26952,卖盘
1707,14:36:10,17.96,0.0,18,32328,买盘
1708,14:36:25,17.96,0.0,2,3592,买盘
1709,14:36:30,17.95,-0.01,8,14360,卖盘
1710,14:36:34,17.95,0.0,25,44875,卖盘
1711,14:36:40,17.96,0.01,1,1796,买盘
1712,14:36:55,17.99,0.03,2,3597,买盘
1713,14:37:04,17.96,-0.03,35,62860,卖盘
1714,14:37:06,17.98,0.02,3,5394,买盘
1715,14:37:10,17.98,0.0,7,12586,买盘
1716,14:37:21,17.98,0.0,1,1798,卖盘
1717,14:37:27,17.98,0.0,7,12586,卖盘
1718,14:37:34,17.96,-0.02,20,35920,卖盘
1719,14:37:37,17.96,0.0,3,5388,买盘
1720,14:37:40,17.98,0.02,9,16168,买盘
1721,14:38:04,17.95,-0.03,36,64625,卖盘
1722,14:38:13,17.96,0.01,5,8980,买盘
1723,14:38:19,17.95,-0.01,1,1795,卖盘
1724,14:38:24,17.96,0.01,2,3592,买盘
1725,14:38:34,17.95,-0.01,33,59237,卖盘
1726,14:38:37,17.96,0.01,6,10776,买盘
1727,14:38:39,17.96,0.0,1,1796,买盘
1728,14:38:55,17.96,0.0,6,10776,买盘
1729,14:39:04,17.95,-0.01,31,55645,卖盘
1730,14:39:07,17.96,0.01,35,62860,买盘
1731,14:39:16,17.95,-0.01,3,5387,卖盘
1732,14:39:25,17.96,0.01,1,1796,买盘
1733,14:39:27,17.95,-0.01,1,1795,卖盘
1734,14:39:34,17.95,0.0,32,57440,卖盘
1735,14:39:37,17.96,0.01,5,8980,买盘
1736,14:39:49,17.96,0.0,20,35920,买盘
1737,14:39:52,17.96,0.0,2,3592,买盘
1738,14:39:55,17.96,0.0,2,3592,买盘
1739,14:39:58,17.95,-0.01,1,1795,卖盘
1740,14:40:04,17.95,0.0,36,64622,卖盘
1741,14:40:31,17.95,0.0,140,251300,卖盘
1742,14:40:33,17.95,0.0,31,55645,卖盘
1743,14:40:39,17.97,0.02,2,3594,买盘
1744,14:40:42,17.97,0.0,2,3593,买盘
1745,14:40:52,17.95,-0.02,2,3590,卖盘
1746,14:40:58,17.97,0.02,2,3594,买盘
1747,14:41:01,17.95,-0.02,4,7180,卖盘
1748,14:41:04,17.95,0.0,31,55645,卖盘
1749,14:41:12,17.97,0.02,2,3594,买盘
1750,14:41:19,17.95,-0.02,26,46670,卖盘
1751,14:41:22,17.98,0.03,4,7189,买盘
1752,14:41:25,17.98,0.0,2,3596,买盘
1753,14:41:28,17.98,0.0,2,3596,买盘
1754,14:41:34,17.95,-0.03,36,64630,卖盘
1755,14:41:43,17.98,0.03,2,3596,买盘
1756,14:41:46,17.97,-0.01,2,3594,卖盘
1757,14:41:52,17.98,0.01,2,3596,买盘
1758,14:41:55,17.98,0.0,14,25172,买盘
1759,14:41:58,17.99,0.01,2,3598,买盘
1760,14:42:00,17.99,0.0,2,3598,买盘
1761,14:42:04,17.97,-0.02,8,14381,卖盘
1762,14:42:07,17.97,0.0,14,25158,买盘
1763,14:42:10,17.97,0.0,2,3594,买盘
1764,14:42:13,17.97,0.0,11,19767,买盘
1765,14:42:16,17.97,0.0,7,12579,卖盘
1766,14:42:24,17.97,0.0,10,17970,卖盘
1767,14:42:28,17.97,0.0,2,3594,买盘
1768,14:42:31,17.96,-0.01,3,5388,卖盘
1769,14:42:34,17.96,0.0,38,68260,卖盘
1770,14:42:46,17.96,0.0,5,8982,卖盘
1771,14:42:52,17.98,0.02,2,3596,买盘
1772,14:42:55,17.96,-0.02,5,8980,卖盘
1773,14:43:04,17.95,-0.01,54,97020,卖盘
1774,14:43:10,17.96,0.01,1,1796,买盘
1775,14:43:28,17.98,0.02,2,3596,买盘
1776,14:43:31,17.97,-0.01,1,1797,卖盘
1777,14:43:34,17.96,-0.01,17,30540,卖盘
1778,14:43:37,17.98,0.02,4,7192,买盘
1779,14:43:43,17.98,0.0,2,3596,买盘
1780,14:43:46,17.98,0.0,2,3596,买盘
1781,14:43:52,17.98,0.0,2,3596,买盘
1782,14:43:55,17.98,0.0,1,1798,买盘
1783,14:44:00,17.98,0.0,2,3596,买盘
1784,14:44:04,17.98,0.0,10,17980,买盘
1785,14:44:10,17.98,0.0,4,7192,买盘
1786,14:44:13,17.98,0.0,5,8990,买盘
1787,14:44:22,17.97,-0.01,16,28752,卖盘
1788,14:44:28,17.97,0.0,11,19767,买盘
1789,14:44:34,17.97,0.0,3,5391,买盘
1790,14:44:42,17.97,0.0,1,1797,中性盘
1791,14:44:45,17.96,-0.01,51,91597,卖盘
1792,14:44:54,17.98,0.02,1,1798,买盘
1793,14:45:01,17.99,0.01,2,3598,买盘
1794,14:45:10,17.98,-0.01,1,1798,买盘
1795,14:45:13,17.99,0.01,23,41358,买盘
1796,14:45:28,17.99,0.0,2,3598,买盘
1797,14:45:31,17.99,0.0,2,3598,买盘
1798,14:45:34,17.99,0.0,2,3598,买盘
1799,14:45:37,17.99,0.0,1,1799,买盘
1800,14:45:40,18.0,0.01,1,1800,买盘
1801,14:45:43,18.0,0.0,4,7200,买盘
1802,14:45:46,18.0,0.0,2,3600,买盘
1803,14:45:48,18.0,0.0,2,3600,买盘
1804,14:45:52,18.0,0.0,7,12600,买盘
1805,14:45:55,18.0,0.0,8,14400,买盘
1806,14:45:58,18.0,0.0,3,5400,买盘
1807,14:46:01,18.0,0.0,2,3600,买盘
1808,14:46:04,18.0,0.0,69,124200,买盘
1809,14:46:10,18.0,0.0,12,21600,买盘
1810,14:46:13,18.0,0.0,7,12600,买盘
1811,14:46:16,18.0,0.0,1,1800,买盘
1812,14:46:28,18.0,0.0,4,7200,买盘
1813,14:46:34,18.0,0.0,3,5400,买盘
1814,14:46:37,17.99,-0.01,1,1799,卖盘
1815,14:46:40,18.0,0.01,10,18000,买盘
1816,14:46:43,18.0,0.0,2,3600,买盘
1817,14:46:57,18.0,0.0,1,1800,买盘
1818,14:47:10,18.0,0.0,10,18000,买盘
1819,14:47:13,18.0,0.0,2,3600,买盘
1820,14:47:16,18.0,0.0,3,5400,买盘
1821,14:47:22,18.0,0.0,8,14400,买盘
1822,14:47:28,18.0,0.0,4,7200,买盘
1823,14:47:34,18.0,0.0,2,3600,买盘
1824,14:47:37,18.0,0.0,3,5400,买盘
1825,14:47:42,17.99,-0.01,24,43199,卖盘
1826,14:47:46,18.0,0.01,2,3600,买盘
1827,14:47:52,18.0,0.0,2,3600,买盘
1828,14:47:55,18.0,0.0,1,1800,买盘
1829,14:47:58,18.0,0.0,2,3600,买盘
1830,14:48:01,18.0,0.0,4,7200,买盘
1831,14:48:04,18.0,0.0,160,288000,买盘
1832,14:48:10,18.0,0.0,23,41400,买盘
1833,14:48:13,18.0,0.0,16,28800,买盘
1834,14:48:16,18.0,0.0,37,66600,买盘
1835,14:48:19,18.02,0.02,2,3604,买盘
1836,14:48:25,18.01,-0.01,1,1801,中性盘
1837,14:48:27,18.01,0.0,1,1801,中性盘
1838,14:48:40,18.02,0.01,8,14416,买盘
1839,14:48:55,18.01,-0.01,1,1801,卖盘
1840,14:48:58,18.02,0.01,9,16218,买盘
1841,14:49:10,18.02,0.0,10,18020,买盘
1842,14:49:13,18.02,0.0,3,5406,买盘
1843,14:49:16,18.02,0.0,16,28832,买盘
1844,14:49:22,18.02,0.0,3,5406,卖盘
1845,14:49:25,18.03,0.01,2,3606,买盘
1846,14:49:34,18.03,0.0,3,5409,买盘
1847,14:49:43,18.03,0.0,3,5409,买盘
1848,14:49:49,18.03,0.0,27,48681,买盘
1849,14:49:52,18.02,-0.01,3,5406,卖盘
1850,14:49:58,18.03,0.01,16,28848,买盘
1851,14:50:00,18.03,0.0,10,18030,买盘
1852,14:50:07,18.0,-0.03,48,86480,卖盘
1853,14:50:10,18.03,0.03,22,39639,买盘
1854,14:50:13,18.02,-0.01,36,64922,中性盘
1855,14:50:19,18.0,-0.02,57,102600,卖盘
1856,14:50:22,18.02,0.02,1,1802,买盘
1857,14:50:25,18.0,-0.02,22,39600,卖盘
1858,14:50:28,18.02,0.02,46,82862,买盘
1859,14:50:31,18.0,-0.02,7,12606,卖盘
1860,14:50:37,18.0,0.0,13,23398,买盘
1861,14:50:39,18.0,0.0,1,1800,买盘
1862,14:50:51,18.01,0.01,6,10801,买盘
1863,14:50:55,18.0,-0.01,28,50402,卖盘
1864,14:50:57,18.0,0.0,2,3600,买盘
1865,14:51:01,17.99,-0.01,9,16199,卖盘
1866,14:51:07,18.0,0.01,1,1800,买盘
1867,14:51:10,17.99,-0.01,2,3598,卖盘
1868,14:51:13,18.0,0.01,43,77400,买盘
1869,14:51:16,17.99,-0.01,20,35981,卖盘
1870,14:51:19,18.0,0.01,3,5400,买盘
1871,14:51:25,18.0,0.0,5,9000,买盘
1872,14:51:28,18.0,0.0,6,10801,买盘
1873,14:51:31,18.0,0.0,10,18016,卖盘
1874,14:51:37,18.02,0.02,1,1802,买盘
1875,14:51:40,18.0,-0.02,55,99000,卖盘
1876,14:51:43,18.0,0.0,2,3600,买盘
1877,14:51:46,17.99,-0.01,3,5397,卖盘
1878,14:51:49,18.0,0.01,1,1800,买盘
1879,14:51:51,18.0,0.0,20,36000,买盘
1880,14:51:58,18.0,0.0,3,5400,买盘
1881,14:52:01,17.99,-0.01,4,7196,卖盘
1882,14:52:07,18.0,0.01,11,19799,买盘
1883,14:52:10,17.99,-0.01,1,1799,卖盘
1884,14:52:13,18.0,0.01,2,3600,买盘
1885,14:52:16,18.0,0.0,1,1800,买盘
1886,14:52:19,18.0,0.0,3,5400,买盘
1887,14:52:24,18.0,0.0,3,5398,买盘
1888,14:52:28,17.99,-0.01,3,5398,卖盘
1889,14:52:31,18.0,0.01,1,1800,买盘
1890,14:52:37,17.99,-0.01,13,23387,卖盘
1891,14:52:43,18.0,0.01,1,1800,买盘
1892,14:52:49,17.99,-0.01,1,1799,卖盘
1893,14:52:52,18.0,0.01,1,1800,买盘
1894,14:52:58,18.0,0.0,23,41400,买盘
1895,14:53:04,18.0,0.0,198,356400,买盘
1896,14:53:06,18.0,0.0,19,34200,买盘
1897,14:53:10,18.0,0.0,24,43200,买盘
1898,14:53:13,18.0,0.0,6,10800,买盘
1899,14:53:16,18.0,0.0,10,18000,买盘
1900,14:53:22,18.0,0.0,4,7200,买盘
1901,14:53:28,18.0,0.0,3,5400,买盘
1902,14:53:34,18.0,0.0,47,84570,买盘
1903,14:53:40,18.0,0.0,21,37780,买盘
1904,14:53:43,18.0,0.0,2,3600,买盘
1905,14:53:48,18.0,0.0,25,44990,买盘
1906,14:53:52,18.0,0.0,1,1800,买盘
1907,14:53:55,17.99,-0.01,1,1799,卖盘
1908,14:53:58,18.0,0.01,2,3600,买盘
1909,14:54:00,17.99,-0.01,1,1799,卖盘
1910,14:54:07,18.0,0.01,1,1800,买盘
1911,14:54:13,18.0,0.0,1,1800,买盘
1912,14:54:16,18.0,0.0,317,570600,买盘
1913,14:54:19,17.99,-0.01,57,102550,卖盘
1914,14:54:22,17.99,0.0,7,12593,买盘
1915,14:54:25,17.99,0.0,1,1799,买盘
1916,14:54:28,18.0,0.01,117,210512,买盘
1917,14:54:37,18.0,0.0,1,1800,买盘
1918,14:54:43,18.0,0.0,1,1800,买盘
1919,14:54:46,18.0,0.0,3,5400,买盘
1920,14:54:52,18.0,0.0,1,1800,买盘
1921,14:55:04,18.0,0.0,1,1800,买盘
1922,14:55:07,18.0,0.0,56,100800,买盘
1923,14:55:13,18.0,0.0,1,1800,买盘
1924,14:55:16,18.02,0.02,68,122924,买盘
1925,14:55:19,18.02,0.0,1,1802,买盘
1926,14:55:31,18.02,0.0,1,1802,买盘
1927,14:55:43,18.02,0.0,34,61202,买盘
1928,14:56:01,18.02,0.0,8,14413,买盘
1929,14:56:04,18.01,-0.01,14,25214,卖盘
1930,14:56:07,18.02,0.01,17,30634,买盘
1931,14:56:10,18.02,0.0,10,18020,买盘
1932,14:56:16,18.02,0.0,2,3604,卖盘
1933,14:56:19,18.02,0.0,1,1802,卖盘
1934,14:56:28,18.02,0.0,4,7208,卖盘
1935,14:56:37,18.04,0.02,16,28834,买盘
1936,14:56:40,18.04,0.0,3,5412,买盘
1937,14:56:43,18.02,-0.02,8,14416,卖盘
1938,14:56:49,18.09,0.07,58,104722,买盘
1939,14:56:52,18.1,0.01,14,25340,卖盘
1940,14:56:55,18.1,0.0,26,47060,卖盘
1941,14:56:58,18.04,-0.06,2,3608,中性盘
1942,15:00:05,18.0,-0.04,399,718200,卖盘
