,time,price,change,volume,amount,type
0,09:25:04,12.88,-0.02,1,1288,卖盘
1,09:30:04,12.86,-0.02,4,5144,卖盘
2,09:30:07,13.16,0.3,251,327397,买盘
3,09:30:10,13.16,0.0,29,38164,卖盘
4,09:30:13,13.16,0.0,68,89488,卖盘
5,09:30:16,13.16,0.0,27,35532,卖盘
6,09:30:19,13.16,0.0,29,38164,卖盘
7,09:30:22,12.9,-0.26,2,2580,中性盘
8,09:30:25,13.16,0.26,88,114394,买盘
9,09:30:31,13.14,-0.02,16,21024,中性盘
10,09:30:33,13.14,0.0,3,3942,买盘
11,09:30:40,13.13,-0.01,21,27568,中性盘
12,09:30:51,13.13,0.0,9,11817,买盘
13,09:30:58,13.12,-0.01,6,7864,买盘
14,09:31:05,13.01,-0.11,2,2603,卖盘
15,09:31:07,13.11,0.1,2,2622,中性盘
16,09:31:19,13.05,-0.06,1,1305,卖盘
17,09:31:22,13.09,0.04,13,17001,买盘
18,09:31:25,13.02,-0.07,33,43053,卖盘
19,09:31:31,13.02,0.0,18,23436,买盘
20,09:31:37,13.06,0.04,51,66496,卖盘
21,09:31:40,13.09,0.03,15,19592,买盘
22,09:31:43,13.0,-0.09,20,26001,卖盘
23,09:31:46,13.08,0.08,22,28756,中性盘
24,09:31:49,13.06,-0.02,14,18284,卖盘
25,09:31:51,13.06,0.0,1,1306,买盘
26,09:31:54,13.06,0.0,15,19590,买盘
27,09:31:58,13.08,0.02,34,44471,买盘
28,09:32:04,13.09,0.01,4,5233,买盘
29,09:32:07,13.09,0.0,1,1309,买盘
30,09:32:10,13.09,0.0,11,14390,买盘
31,09:32:16,13.08,-0.01,3,3924,买盘
32,09:32:19,13.08,0.0,3,3924,买盘
33,09:32:21,13.06,-0.02,1,1306,卖盘
34,09:32:25,13.06,0.0,3,3918,卖盘
35,09:32:31,13.06,0.0,5,6530,买盘
36,09:32:34,13.05,-0.01,67,87435,卖盘
37,09:32:37,13.05,0.0,2,2610,买盘
38,09:32:39,13.05,0.0,2,2610,买盘
39,09:32:43,13.02,-0.03,2,2604,卖盘
40,09:32:49,13.07,0.05,163,212758,买盘
41,09:33:04,13.1,0.03,240,314063,买盘
42,09:33:06,13.06,-0.04,338,441464,卖盘
43,09:33:16,13.13,0.07,101,132453,买盘
44,09:33:19,13.13,0.0,4,5252,卖盘
45,09:33:22,13.13,0.0,42,55146,卖盘
46,09:33:25,13.13,0.0,35,45955,卖盘
47,09:33:27,13.13,0.0,125,164184,卖盘
48,09:33:31,13.13,0.0,3,3939,卖盘
49,09:33:36,13.1,-0.03,29,38065,卖盘
50,09:33:40,13.1,0.0,148,193880,卖盘
51,09:33:43,13.13,0.03,1,1313,买盘
52,09:33:46,13.16,0.03,36,47299,买盘
53,09:33:52,13.18,0.02,100,131695,买盘
54,09:33:54,13.16,-0.02,10,13160,卖盘
55,09:33:58,13.16,0.0,60,78960,卖盘
56,09:34:01,13.16,0.0,23,30299,卖盘
57,09:34:04,13.2,0.04,419,552076,买盘
58,09:34:07,13.2,0.0,79,104280,卖盘
59,09:34:10,13.2,0.0,4,5280,卖盘
60,09:34:13,13.19,-0.01,9,11871,卖盘
61,09:34:16,13.23,0.04,1,1323,买盘
62,09:34:19,13.23,0.0,86,113705,买盘
63,09:34:24,13.23,0.0,61,80703,卖盘
64,09:34:28,13.23,0.0,196,259308,卖盘
65,09:34:31,13.19,-0.04,55,72545,买盘
66,09:34:34,13.18,-0.01,74,97596,卖盘
67,09:34:37,13.17,-0.01,22,28984,卖盘
68,09:34:40,13.23,0.06,94,124010,买盘
69,09:34:43,13.15,-0.08,50,65750,卖盘
70,09:34:46,13.15,0.0,82,107830,卖盘
71,09:34:49,13.25,0.1,63,83355,买盘
72,09:34:52,13.23,-0.02,51,67527,卖盘
73,09:34:55,13.25,0.02,11,14555,买盘
74,09:34:57,13.06,-0.19,144,190143,卖盘
75,09:35:01,13.02,-0.04,111,144522,卖盘
76,09:35:04,13.23,0.21,180,238516,中性盘
77,09:35:07,13.23,0.0,108,142884,卖盘
78,09:35:10,13.23,0.0,1,1323,买盘
79,09:35:12,13.23,0.0,163,215369,买盘
80,09:35:16,13.16,-0.07,12,15792,卖盘
81,09:35:22,13.22,0.06,86,113692,买盘
82,09:35:28,13.22,0.0,7,9234,买盘
83,09:35:31,13.24,0.02,51,67481,买盘
84,09:35:37,13.23,-0.01,30,39654,买盘
85,09:35:40,13.19,-0.04,25,33015,卖盘
86,09:35:43,13.19,0.0,5,6595,买盘
87,09:35:46,13.23,0.04,55,72581,买盘
88,09:35:49,13.18,-0.05,2,2636,卖盘
89,09:35:55,13.2,0.02,23,30394,中性盘
90,09:36:01,13.2,0.0,42,55415,买盘
91,09:36:04,13.18,-0.02,11,14498,卖盘
92,09:36:07,13.18,0.0,34,44812,买盘
93,09:36:09,13.18,0.0,29,38222,买盘
94,09:36:13,13.16,-0.02,46,60538,卖盘
95,09:36:16,13.22,0.06,200,263758,买盘
96,09:36:22,13.23,0.01,85,112411,买盘
97,09:36:25,13.22,-0.01,75,99150,买盘
98,09:36:28,13.17,-0.05,23,30291,卖盘
99,09:36:34,13.25,0.08,300,396744,买盘
100,09:36:39,13.26,0.01,178,235831,买盘
101,09:36:43,13.25,-0.01,49,64916,中性盘
102,09:36:46,13.25,0.0,23,30475,卖盘
103,09:36:49,13.28,0.03,146,193751,买盘
104,09:36:52,13.25,-0.03,14,18558,卖盘
105,09:36:55,13.29,0.04,312,414425,买盘
106,09:36:58,13.29,0.0,22,29224,买盘
107,09:37:01,13.27,-0.02,164,217827,卖盘
108,09:37:04,13.25,-0.02,5,6625,中性盘
109,09:37:07,13.25,0.0,156,206700,买盘
110,09:37:10,13.3,0.05,138,183267,买盘
111,09:37:13,13.3,0.0,42,55824,买盘
112,09:37:19,13.3,0.0,44,58520,卖盘
113,09:37:22,13.33,0.03,90,119865,买盘
114,09:37:25,13.3,-0.03,15,19964,卖盘
115,09:37:28,13.29,-0.01,64,85241,买盘
116,09:37:31,13.29,0.0,12,15948,买盘
117,09:37:34,13.29,0.0,11,14618,买盘
118,09:37:37,13.29,0.0,45,59805,买盘
119,09:37:46,13.29,0.0,23,30566,买盘
120,09:37:51,13.29,0.0,97,128862,买盘
121,09:37:55,13.29,0.0,23,30566,买盘
122,09:38:01,13.29,0.0,38,50498,买盘
123,09:38:10,13.3,0.01,123,163153,买盘
124,09:38:13,13.3,0.0,61,81130,卖盘
125,09:38:16,13.32,0.02,87,115833,买盘
126,09:38:18,13.32,0.0,38,50606,买盘
127,09:38:21,13.31,-0.01,2,2662,买盘
128,09:38:24,13.32,0.01,44,58595,买盘
129,09:38:28,13.3,-0.02,233,310041,卖盘
130,09:38:31,13.35,0.05,62,82667,买盘
131,09:38:34,13.34,-0.01,1,1334,中性盘
132,09:38:37,13.32,-0.02,38,50638,卖盘
133,09:38:40,13.33,0.01,71,94686,卖盘
134,09:38:43,13.38,0.05,172,229733,买盘
135,09:38:46,13.33,-0.05,1,1333,中性盘
136,09:38:48,13.33,0.0,10,13330,中性盘
137,09:38:51,13.33,0.0,8,10664,买盘
138,09:38:55,13.33,0.0,131,175240,买盘
139,09:38:58,13.38,0.05,153,204723,买盘
140,09:39:01,13.35,-0.03,10,13350,买盘
141,09:39:04,13.32,-0.03,13,17316,卖盘
142,09:39:07,13.32,0.0,6,8006,中性盘
143,09:39:10,13.35,0.03,22,29361,买盘
144,09:39:13,13.37,0.02,74,98916,买盘
145,09:39:16,13.37,0.0,15,20055,卖盘
146,09:39:22,13.35,-0.02,45,60117,卖盘
147,09:39:27,13.33,-0.02,155,206905,卖盘
148,09:39:31,13.35,0.02,33,44030,买盘
149,09:39:34,13.31,-0.04,121,161051,卖盘
150,09:39:37,13.31,0.0,13,17303,买盘
151,09:39:40,13.3,-0.01,1,1330,卖盘
152,09:39:43,13.3,0.0,184,244783,卖盘
153,09:39:46,13.35,0.05,38,50607,买盘
154,09:39:49,13.35,0.0,21,28035,卖盘
155,09:39:52,13.3,-0.05,78,103905,卖盘
156,09:39:55,13.37,0.07,95,126929,买盘
157,09:39:58,13.3,-0.07,33,43890,卖盘
158,09:40:01,13.35,0.05,104,138903,卖盘
159,09:40:07,13.3,-0.05,11,14635,卖盘
160,09:40:09,13.35,0.05,69,92115,买盘
161,09:40:13,13.35,0.0,67,89445,买盘
162,09:40:16,13.3,-0.05,25,33252,卖盘
163,09:40:19,13.3,0.0,3,3990,买盘
164,09:40:24,13.34,0.04,50,66504,买盘
165,09:40:28,13.24,-0.1,3,3972,中性盘
166,09:40:31,13.35,0.11,72,96114,买盘
167,09:40:34,13.3,-0.05,1,1330,卖盘
168,09:40:40,13.34,0.04,1,1334,买盘
169,09:40:42,13.34,0.0,14,18676,买盘
170,09:40:46,13.34,0.0,63,84041,买盘
171,09:40:48,13.34,0.0,23,30677,买盘
172,09:40:52,13.24,-0.1,80,106274,卖盘
173,09:40:55,13.24,0.0,1,1324,买盘
174,09:40:58,13.24,0.0,40,52960,买盘
175,09:41:01,13.24,0.0,95,125780,买盘
176,09:41:04,13.38,0.14,458,610937,买盘
177,09:41:07,13.34,-0.04,10,13340,卖盘
178,09:41:10,13.34,0.0,43,57362,卖盘
179,09:41:12,13.38,0.04,175,234031,买盘
180,09:41:19,13.39,0.01,88,117741,买盘
181,09:41:22,13.39,0.0,111,147979,买盘
182,09:41:25,13.37,-0.02,1,1337,买盘
183,09:41:28,13.34,-0.03,1,1334,中性盘
184,09:41:30,13.37,0.03,26,34734,买盘
185,09:41:37,13.37,0.0,104,139040,买盘
186,09:41:46,13.36,-0.01,9,12024,买盘
187,09:41:49,13.33,-0.03,4,5332,买盘
188,09:41:52,13.37,0.04,92,122946,买盘
189,09:41:55,13.37,0.0,17,22729,买盘
190,09:41:58,13.37,0.0,11,14707,卖盘
191,09:42:01,13.38,0.01,15,20068,买盘
192,09:42:04,13.37,-0.01,10,13370,卖盘
193,09:42:07,13.36,-0.01,64,85504,卖盘
194,09:42:10,13.37,0.01,36,48116,买盘
195,09:42:13,13.37,0.0,40,53480,买盘
196,09:42:15,13.31,-0.06,10,13310,卖盘
197,09:42:18,13.31,0.0,21,27951,买盘
198,09:42:22,13.31,0.0,13,17303,买盘
199,09:42:25,13.31,0.0,72,95832,买盘
200,09:42:28,13.31,0.0,52,69416,买盘
201,09:42:34,13.35,0.04,40,53396,买盘
202,09:42:39,13.37,0.02,75,100254,买盘
203,09:42:43,13.3,-0.07,79,105299,卖盘
204,09:42:51,13.37,0.07,23,30733,买盘
205,09:42:55,13.3,-0.07,1,1330,卖盘
206,09:42:58,13.38,0.08,63,84193,买盘
207,09:43:00,13.3,-0.08,46,61390,卖盘
208,09:43:07,13.38,0.08,9,12041,买盘
209,09:43:10,13.3,-0.08,16,21350,卖盘
210,09:43:13,13.38,0.08,68,90969,买盘
211,09:43:15,13.38,0.0,31,41478,买盘
212,09:43:18,13.37,-0.01,2,2674,买盘
213,09:43:22,13.37,0.0,7,9358,买盘
214,09:43:31,13.37,0.0,29,38773,买盘
215,09:43:34,13.37,0.0,78,104246,买盘
216,09:43:37,13.37,0.0,96,128347,买盘
217,09:43:40,13.31,-0.06,24,31963,卖盘
218,09:43:46,13.36,0.05,8,10688,买盘
219,09:43:48,13.31,-0.05,2,2663,卖盘
220,09:43:52,13.36,0.05,63,84167,买盘
221,09:43:55,13.37,0.01,63,84188,买盘
222,09:44:01,13.36,-0.01,1,1336,买盘
223,09:44:04,13.37,0.01,52,69500,买盘
224,09:44:13,13.36,-0.01,54,72143,买盘
225,09:44:16,13.36,0.0,88,117466,买盘
226,09:44:19,13.37,0.01,15,20055,买盘
227,09:44:22,13.36,-0.01,73,97591,卖盘
228,09:44:28,13.37,0.01,2,2674,买盘
229,09:44:33,13.37,0.0,14,18718,买盘
230,09:44:36,13.36,-0.01,35,46760,卖盘
231,09:44:39,13.37,0.01,77,102904,买盘
232,09:44:46,13.36,-0.01,5,6676,买盘
233,09:44:49,13.36,0.0,12,15999,买盘
234,09:44:58,13.36,0.0,39,52104,买盘
235,09:45:04,13.37,0.01,62,82859,买盘
236,09:45:10,13.35,-0.02,2,2670,买盘
237,09:45:13,13.36,0.01,11,14694,买盘
238,09:45:15,13.36,0.0,2,2671,买盘
239,09:45:22,13.36,0.0,19,25378,买盘
240,09:45:28,13.36,0.0,4,5344,买盘
241,09:45:31,13.35,-0.01,12,16020,卖盘
242,09:45:34,13.36,0.01,16,21376,买盘
243,09:45:37,13.36,0.0,8,10685,买盘
244,09:45:42,13.31,-0.05,31,41361,卖盘
245,09:45:46,13.36,0.05,15,20035,买盘
246,09:45:49,13.36,0.0,52,69471,买盘
247,09:45:55,13.36,0.0,64,85500,买盘
248,09:45:58,13.35,-0.01,13,17355,买盘
249,09:46:04,13.35,0.0,15,20025,买盘
250,09:46:07,13.31,-0.04,48,64044,卖盘
251,09:46:13,13.35,0.04,66,88051,买盘
252,09:46:16,13.35,0.0,62,82770,买盘
253,09:46:22,13.36,0.01,30,40056,买盘
254,09:46:25,13.36,0.0,20,26707,买盘
255,09:46:31,13.36,0.0,80,106870,买盘
256,09:46:37,13.36,0.0,54,72144,买盘
257,09:46:40,13.36,0.0,15,20040,买盘
258,09:46:46,13.36,0.0,29,38739,买盘
259,09:46:52,13.35,-0.01,56,74760,买盘
260,09:46:55,13.36,0.01,29,38730,买盘
261,09:47:01,13.36,0.0,18,24043,买盘
262,09:47:04,13.36,0.0,18,24048,买盘
263,09:47:07,13.34,-0.02,9,12006,卖盘
264,09:47:10,13.36,0.02,13,17359,买盘
265,09:47:16,13.34,-0.02,5,6670,卖盘
266,09:47:18,13.36,0.02,10,13360,买盘
267,09:47:22,13.36,0.0,3,4008,买盘
268,09:47:27,13.36,0.0,46,61406,买盘
269,09:47:30,13.35,-0.01,12,16020,中性盘
270,09:47:34,13.36,0.01,70,93487,买盘
271,09:47:43,13.36,0.0,39,52104,买盘
272,09:47:49,13.31,-0.05,10,13310,卖盘
273,09:47:52,13.35,0.04,23,30705,买盘
274,09:47:58,13.35,0.0,3,4005,买盘
275,09:48:01,13.35,0.0,11,14685,买盘
276,09:48:07,13.34,-0.01,21,27987,买盘
277,09:48:13,13.35,0.01,54,72037,买盘
278,09:48:16,13.35,0.0,54,71826,买盘
279,09:48:22,13.35,0.0,6,8009,买盘
280,09:48:27,13.31,-0.04,8,10648,买盘
281,09:48:31,13.35,0.04,48,64075,买盘
282,09:48:37,13.35,0.0,50,66750,买盘
283,09:48:40,13.35,0.0,12,15961,买盘
284,09:48:42,13.35,0.0,10,13350,买盘
285,09:48:45,13.34,-0.01,4,5336,买盘
286,09:48:49,13.34,0.0,14,18676,买盘
287,09:48:55,13.34,0.0,73,97382,买盘
288,09:48:57,13.34,0.0,3,4002,买盘
289,09:49:01,13.35,0.01,60,80086,买盘
290,09:49:04,13.34,-0.01,7,9343,中性盘
291,09:49:07,13.32,-0.02,9,11988,卖盘
292,09:49:10,13.32,0.0,19,25308,卖盘
293,09:49:12,13.35,0.03,42,56031,买盘
294,09:49:18,13.34,-0.01,10,13340,卖盘
295,09:49:28,13.34,0.0,16,21344,买盘
296,09:49:31,13.35,0.01,35,46699,买盘
297,09:49:34,13.32,-0.03,55,73413,卖盘
298,09:49:43,13.34,0.02,1,1334,买盘
299,09:49:46,13.32,-0.02,26,34658,卖盘
300,09:49:52,13.34,0.02,18,24012,买盘
301,09:50:01,13.34,0.0,24,32016,买盘
302,09:50:07,13.34,0.0,55,73325,买盘
303,09:50:16,13.35,0.01,23,30691,买盘
304,09:50:31,13.35,0.0,21,28025,买盘
305,09:50:34,13.34,-0.01,2,2668,中性盘
306,09:50:40,13.34,0.0,2,2668,卖盘
307,09:50:43,13.3,-0.04,8,10664,卖盘
308,09:50:49,13.35,0.05,6,8000,买盘
309,09:50:54,13.35,0.0,3,4005,买盘
310,09:51:04,13.34,-0.01,15,20010,买盘
311,09:51:12,13.34,0.0,1,1334,买盘
312,09:51:19,13.34,0.0,4,5336,买盘
313,09:51:28,13.34,0.0,1,1334,买盘
314,09:51:33,13.34,0.0,12,16008,买盘
315,09:51:37,13.34,0.0,1,1334,买盘
316,09:51:40,13.34,0.0,46,61364,买盘
317,09:51:45,13.34,0.0,3,4002,买盘
318,09:51:52,13.34,0.0,16,21339,买盘
319,09:52:00,13.34,0.0,1,1334,买盘
320,09:52:04,13.34,0.0,13,17342,买盘
321,09:52:07,13.34,0.0,9,11994,买盘
322,09:52:10,13.31,-0.03,14,18634,卖盘
323,09:52:16,13.34,0.03,4,5336,买盘
324,09:52:25,13.34,0.0,11,14659,买盘
325,09:52:31,13.34,0.0,1,1334,买盘
326,09:52:34,13.34,0.0,311,414775,买盘
327,09:52:40,13.35,0.01,167,222867,买盘
328,09:52:49,13.36,0.01,93,124218,买盘
329,09:52:55,13.35,-0.01,9,12015,买盘
330,09:53:01,13.35,0.0,1,1335,卖盘
331,09:53:04,13.3,-0.05,83,110717,卖盘
332,09:53:07,13.37,0.07,46,61483,买盘
333,09:53:12,13.37,0.0,2,2673,买盘
334,09:53:18,13.35,-0.02,40,53400,买盘
335,09:53:25,13.37,0.02,53,70814,买盘
336,09:53:28,13.37,0.0,12,16044,买盘
337,09:53:31,13.31,-0.06,9,11986,卖盘
338,09:53:34,13.37,0.06,13,17381,买盘
339,09:53:37,13.36,-0.01,24,32087,中性盘
340,09:53:40,13.36,0.0,5,6680,买盘
341,09:53:42,13.36,0.0,29,38744,买盘
342,09:53:49,13.36,0.0,11,14696,买盘
343,09:53:51,13.36,0.0,9,12024,买盘
344,09:53:58,13.36,0.0,113,150968,买盘
345,09:54:01,13.36,0.0,8,10688,买盘
346,09:54:04,13.37,0.01,61,81524,买盘
347,09:54:07,13.37,0.0,26,34753,买盘
348,09:54:10,13.37,0.0,9,12033,买盘
349,09:54:13,13.38,0.01,138,184522,买盘
350,09:54:16,13.39,0.01,224,299748,买盘
351,09:54:19,13.39,0.0,174,232986,买盘
352,09:54:22,13.4,0.01,254,340626,买盘
353,09:54:25,13.39,-0.01,105,140681,卖盘
354,09:54:28,13.45,0.06,129,173059,买盘
355,09:54:31,13.45,0.0,7,9415,买盘
356,09:54:34,13.45,0.0,52,69940,买盘
357,09:54:40,13.46,0.01,81,109014,买盘
358,09:54:43,13.48,0.02,30,40399,买盘
359,09:54:45,13.47,-0.01,52,70077,卖盘
360,09:54:49,13.47,0.0,195,262716,卖盘
361,09:54:52,13.46,-0.01,21,28266,买盘
362,09:54:55,13.45,-0.01,286,385406,卖盘
363,09:54:58,13.39,-0.06,100,134605,卖盘
364,09:55:00,13.49,0.1,99,133491,买盘
365,09:55:04,13.49,0.0,92,124051,买盘
366,09:55:07,13.4,-0.09,1,1340,卖盘
367,09:55:13,13.49,0.09,59,79581,买盘
368,09:55:21,13.49,0.0,28,37762,买盘
369,09:55:25,13.48,-0.01,5,6740,买盘
370,09:55:28,13.47,-0.01,18,24262,中性盘
371,09:55:31,13.48,0.01,10,13480,买盘
372,09:55:34,13.48,0.0,40,53920,买盘
373,09:55:37,13.49,0.01,85,114622,买盘
374,09:55:40,13.49,0.0,103,138947,买盘
375,09:55:46,13.49,0.0,48,64737,买盘
376,09:55:51,13.49,0.0,5,6745,买盘
377,09:55:55,13.49,0.0,55,74194,买盘
378,09:55:58,13.48,-0.01,3,4044,卖盘
379,09:56:01,13.48,0.0,54,72807,卖盘
380,09:56:04,13.49,0.01,45,60667,买盘
381,09:56:07,13.48,-0.01,6,8088,卖盘
382,09:56:10,13.49,0.01,38,51262,买盘
383,09:56:13,13.48,-0.01,114,153672,卖盘
384,09:56:16,13.49,0.01,42,56608,买盘
385,09:56:18,13.48,-0.01,54,72792,买盘
386,09:56:22,13.45,-0.03,10,13474,卖盘
387,09:56:25,13.45,0.0,61,82220,卖盘
388,09:56:27,13.45,0.0,35,47174,卖盘
389,09:56:31,13.43,-0.02,14,18824,卖盘
390,09:56:34,13.48,0.05,20,26935,买盘
391,09:56:40,13.48,0.0,32,43094,买盘
392,09:56:46,13.48,0.0,24,32342,买盘
393,09:56:49,13.45,-0.03,6,8070,中性盘
394,09:56:55,13.45,0.0,1,1345,买盘
395,09:56:57,13.45,0.0,10,13450,买盘
396,09:57:01,13.45,0.0,17,22865,买盘
397,09:57:04,13.45,0.0,8,10760,买盘
398,09:57:07,13.42,-0.03,2,2684,卖盘
399,09:57:13,13.45,0.03,11,14795,买盘
400,09:57:18,13.43,-0.02,31,41685,卖盘
401,09:57:21,13.45,0.02,4,5380,买盘
402,09:57:24,13.43,-0.02,4,5372,卖盘
403,09:57:28,13.44,0.01,10,13440,买盘
404,09:57:34,13.43,-0.01,34,45662,卖盘
405,09:57:37,13.43,0.0,2,2686,买盘
406,09:57:46,13.43,0.0,3,4029,买盘
407,09:57:49,13.42,-0.01,5,6710,卖盘
408,09:57:52,13.42,0.0,30,40260,买盘
409,09:57:55,13.41,-0.01,16,21456,卖盘
410,09:57:58,13.41,0.0,5,6705,卖盘
411,09:58:01,13.44,0.03,422,567046,买盘
412,09:58:04,13.42,-0.02,8,10744,卖盘
413,09:58:06,13.44,0.02,6,8064,中性盘
414,09:58:09,13.47,0.03,132,177596,买盘
415,09:58:12,13.45,-0.02,4,5380,卖盘
416,09:58:16,13.47,0.02,3,4041,买盘
417,09:58:22,13.47,0.0,17,22894,买盘
418,09:58:25,13.47,0.0,59,79431,买盘
419,09:58:34,13.47,0.0,14,18858,买盘
420,09:58:40,13.47,0.0,21,28287,买盘
421,09:58:43,13.47,0.0,17,22899,买盘
422,09:58:49,13.47,0.0,80,107550,买盘
423,09:58:52,13.45,-0.02,1,1345,中性盘
424,09:58:55,13.47,0.02,23,30974,买盘
425,09:58:58,13.47,0.0,30,40410,买盘
426,09:59:04,13.46,-0.01,1,1346,买盘
427,09:59:06,13.45,-0.01,8,10766,卖盘
428,09:59:12,13.46,0.01,33,44418,买盘
429,09:59:21,13.46,0.0,3,4038,买盘
430,09:59:28,13.46,0.0,26,34996,买盘
431,09:59:31,13.46,0.0,1,1346,买盘
432,09:59:37,13.46,0.0,14,18844,买盘
433,09:59:43,13.46,0.0,27,36342,买盘
434,09:59:45,13.45,-0.01,43,57835,卖盘
435,09:59:55,13.45,0.0,12,16140,买盘
436,10:00:01,13.45,0.0,35,47075,买盘
437,10:00:07,13.44,-0.01,1,1344,卖盘
438,10:00:10,13.45,0.01,5,6724,买盘
439,10:00:16,13.45,0.0,12,16140,买盘
440,10:00:19,13.45,0.0,10,13450,买盘
441,10:00:22,13.45,0.0,39,52477,卖盘
442,10:00:25,13.44,-0.01,38,51090,卖盘
443,10:00:31,13.43,-0.01,1,1343,卖盘
444,10:00:34,13.44,0.01,15,20160,买盘
445,10:00:37,13.44,0.0,17,22848,买盘
446,10:00:40,13.44,0.0,11,14784,买盘
447,10:00:43,13.43,-0.01,21,28213,卖盘
448,10:00:49,13.44,0.01,10,13440,买盘
449,10:00:51,13.43,-0.01,1,1343,卖盘
450,10:00:55,13.44,0.01,22,29568,买盘
451,10:00:58,13.43,-0.01,15,20154,卖盘
452,10:01:01,13.43,0.0,1,1343,卖盘
453,10:01:04,13.44,0.01,3,4032,买盘
454,10:01:09,13.43,-0.01,6,8058,买盘
455,10:01:12,13.43,0.0,11,14773,买盘
456,10:01:16,13.44,0.01,23,30909,买盘
457,10:01:22,13.43,-0.01,7,9400,买盘
458,10:01:31,13.44,0.01,9,12090,买盘
459,10:01:37,13.44,0.0,24,32240,买盘
460,10:01:40,13.43,-0.01,8,10744,中性盘
461,10:01:43,13.43,0.0,34,45662,买盘
462,10:01:46,13.43,0.0,3,4029,买盘
463,10:01:52,13.44,0.01,17,22836,买盘
464,10:01:55,13.44,0.0,9,12096,买盘
465,10:02:01,13.44,0.0,10,13440,买盘
466,10:02:05,13.44,0.0,1,1344,买盘
467,10:02:07,13.43,-0.01,2,2686,卖盘
468,10:02:09,13.44,0.01,22,29558,买盘
469,10:02:19,13.44,0.0,7,9408,买盘
470,10:02:24,13.44,0.0,30,40320,买盘
471,10:02:31,13.42,-0.02,8,10750,卖盘
472,10:02:34,13.44,0.02,11,14784,买盘
473,10:02:37,13.42,-0.02,1,1342,卖盘
474,10:02:40,13.43,0.01,23,30883,买盘
475,10:02:43,13.42,-0.01,3,4028,卖盘
476,10:02:49,13.43,0.01,2,2685,买盘
477,10:02:52,13.42,-0.01,13,17449,卖盘
478,10:02:55,13.43,0.01,17,22831,买盘
479,10:02:58,13.43,0.0,8,10744,买盘
480,10:03:06,13.43,0.0,21,28203,买盘
481,10:03:13,13.43,0.0,27,36260,买盘
482,10:03:22,13.43,0.0,8,10744,买盘
483,10:03:28,13.43,0.0,17,22831,买盘
484,10:03:31,13.42,-0.01,30,40260,卖盘
485,10:03:36,13.42,0.0,20,26840,卖盘
486,10:03:40,13.43,0.01,4,5372,买盘
487,10:03:43,13.43,0.0,67,89981,买盘
488,10:03:46,13.43,0.0,13,17459,买盘
489,10:03:49,13.42,-0.01,1,1342,卖盘
490,10:03:55,13.42,0.0,8,10743,卖盘
491,10:04:00,13.43,0.01,28,37599,买盘
492,10:04:04,13.43,0.0,25,33575,买盘
493,10:04:07,13.42,-0.01,2,2684,卖盘
494,10:04:10,13.43,0.01,9,12086,买盘
495,10:04:16,13.46,0.03,671,902325,买盘
496,10:04:18,13.42,-0.04,25,33574,卖盘
497,10:04:21,13.42,0.0,13,17446,买盘
498,10:04:24,13.42,0.0,5,6710,买盘
499,10:04:28,13.42,0.0,3,4026,买盘
500,10:04:31,13.47,0.05,33,44413,买盘
501,10:04:34,13.46,-0.01,663,893073,中性盘
502,10:04:36,13.48,0.02,220,296268,买盘
503,10:04:40,13.45,-0.03,1,1345,卖盘
504,10:04:43,13.48,0.03,32,43136,买盘
505,10:04:46,13.48,0.0,219,295212,买盘
506,10:04:49,13.5,0.02,275,370848,买盘
507,10:04:52,13.48,-0.02,6,8088,中性盘
508,10:04:55,13.5,0.02,152,205154,买盘
509,10:04:57,13.5,0.0,172,232200,买盘
510,10:05:01,13.5,0.0,4,5399,买盘
511,10:05:04,13.49,-0.01,5,6745,卖盘
512,10:05:07,13.5,0.01,449,606149,买盘
513,10:05:13,13.5,0.0,62,83700,买盘
514,10:05:16,13.5,0.0,63,85050,买盘
515,10:05:19,13.5,0.0,26,35098,买盘
516,10:05:22,13.52,0.02,341,460402,买盘
517,10:05:25,13.55,0.03,4,5416,买盘
518,10:05:27,13.55,0.0,43,58180,买盘
519,10:05:31,13.55,0.0,162,219458,买盘
520,10:05:37,13.55,0.0,26,35206,买盘
521,10:05:40,13.55,0.0,2,2710,买盘
522,10:05:43,13.53,-0.02,5,6765,买盘
523,10:05:45,13.53,0.0,64,86577,买盘
524,10:05:55,13.53,0.0,7,9471,买盘
525,10:05:58,13.52,-0.01,10,13520,买盘
526,10:06:01,13.52,0.0,20,27039,买盘
527,10:06:10,13.52,0.0,5,6759,买盘
528,10:06:15,13.52,0.0,16,21624,买盘
529,10:06:18,13.53,0.01,9,12174,买盘
530,10:06:21,13.52,-0.01,2,2704,卖盘
531,10:06:25,13.53,0.01,9,12177,买盘
532,10:06:27,13.52,-0.01,13,17576,卖盘
533,10:06:31,13.52,0.0,12,16226,卖盘
534,10:06:33,13.53,0.01,398,538647,买盘
535,10:06:36,13.53,0.0,10,13530,卖盘
536,10:06:43,13.53,0.0,24,32480,卖盘
537,10:06:46,13.53,0.0,9,12177,卖盘
538,10:06:49,13.55,0.02,121,163883,买盘
539,10:06:52,13.53,-0.02,1,1353,中性盘
540,10:06:58,13.55,0.02,12,16252,买盘
541,10:07:07,13.55,0.0,45,60974,买盘
542,10:07:13,13.54,-0.01,31,41974,卖盘
543,10:07:22,13.53,-0.01,24,32495,卖盘
544,10:07:28,13.53,0.0,139,188170,卖盘
545,10:07:31,13.53,0.0,26,35178,卖盘
546,10:07:33,13.53,0.0,37,50061,买盘
547,10:07:40,13.53,0.0,6,8118,买盘
548,10:07:46,13.53,0.0,65,87944,买盘
549,10:07:49,13.52,-0.01,5,6760,卖盘
550,10:07:51,13.53,0.01,23,31099,买盘
551,10:07:55,13.53,0.0,32,43287,买盘
552,10:08:04,13.53,0.0,8,10824,买盘
553,10:08:06,13.52,-0.01,4,5404,中性盘
554,10:08:10,13.53,0.01,10,13522,买盘
555,10:08:13,13.53,0.0,86,116268,买盘
556,10:08:19,13.5,-0.03,3,4050,买盘
557,10:08:28,13.5,0.0,30,40500,买盘
558,10:08:31,13.49,-0.01,5,6745,卖盘
559,10:08:34,13.5,0.01,20,27000,买盘
560,10:08:36,13.49,-0.01,4,5396,卖盘
561,10:08:42,13.51,0.02,17,22958,买盘
562,10:08:52,13.5,-0.01,1,1350,买盘
563,10:08:58,13.5,0.0,27,37200,买盘
564,10:09:01,13.51,0.01,4,5404,买盘
565,10:09:07,13.5,-0.01,19,25650,卖盘
566,10:09:13,13.5,0.0,2,1930,卖盘
567,10:09:16,13.5,0.0,15,20250,买盘
568,10:09:18,13.49,-0.01,10,13490,卖盘
569,10:09:25,13.49,0.0,1,1349,卖盘
570,10:09:28,13.49,0.0,7,9443,卖盘
571,10:09:31,13.49,0.0,11,14847,卖盘
572,10:09:34,13.49,0.0,5,6745,卖盘
573,10:09:40,13.49,0.0,41,55311,卖盘
574,10:09:45,13.49,0.0,5,6745,买盘
575,10:09:55,13.49,0.0,12,16188,买盘
576,10:10:04,13.46,-0.03,45,60584,卖盘
577,10:10:19,13.48,0.02,14,18872,买盘
578,10:10:22,13.46,-0.02,5,6730,卖盘
579,10:10:27,13.45,-0.01,80,107657,卖盘
580,10:10:33,13.48,0.03,6,8082,买盘
581,10:10:43,13.47,-0.01,24,32328,买盘
582,10:10:52,13.48,0.01,9,12125,买盘
583,10:11:01,13.45,-0.03,2,2690,卖盘
584,10:11:07,13.45,0.0,30,40353,卖盘
585,10:11:22,13.45,0.0,9,12105,买盘
586,10:11:31,13.44,-0.01,9,12096,卖盘
587,10:11:34,13.44,0.0,9,12096,卖盘
588,10:11:37,13.44,0.0,6,8064,卖盘
589,10:11:40,13.45,0.01,11,14790,买盘
590,10:11:43,13.45,0.0,23,30922,买盘
591,10:11:46,13.45,0.0,4,5380,买盘
592,10:11:49,13.44,-0.01,5,6720,卖盘
593,10:11:52,13.44,0.0,1,1344,买盘
594,10:11:55,13.44,0.0,12,16128,买盘
595,10:12:01,13.43,-0.01,1,1343,卖盘
596,10:12:04,13.44,0.01,1,1344,买盘
597,10:12:07,13.43,-0.01,38,51064,卖盘
598,10:12:10,13.44,0.01,4,5376,买盘
599,10:12:19,13.44,0.0,12,16128,买盘
600,10:12:22,13.43,-0.01,20,26860,卖盘
601,10:12:28,13.44,0.01,11,14784,买盘
602,10:12:37,13.44,0.0,10,13440,买盘
603,10:12:40,13.43,-0.01,20,26860,卖盘
604,10:12:43,13.44,0.01,4,5376,买盘
605,10:12:49,13.43,-0.01,4,5372,卖盘
606,10:12:52,13.44,0.01,8,10752,买盘
607,10:12:55,13.44,0.0,10,13440,买盘
608,10:12:58,13.44,0.0,2,2688,买盘
609,10:13:01,13.43,-0.01,20,26860,卖盘
610,10:13:07,13.43,0.0,16,21488,卖盘
611,10:13:10,13.42,-0.01,4,5368,卖盘
612,10:13:13,13.43,0.01,1,1343,买盘
613,10:13:15,13.44,0.01,22,29552,买盘
614,10:13:19,13.44,0.0,16,21504,买盘
615,10:13:21,13.44,0.0,13,17472,买盘
616,10:13:27,13.44,0.0,26,34934,买盘
617,10:13:30,13.44,0.0,41,55077,买盘
618,10:13:40,13.44,0.0,30,40311,买盘
619,10:13:46,13.45,0.01,14,18830,买盘
620,10:13:49,13.45,0.0,51,68595,买盘
621,10:13:55,13.45,0.0,9,12105,买盘
622,10:14:04,13.46,0.01,21,28250,买盘
623,10:14:07,13.44,-0.02,5,6720,卖盘
624,10:14:10,13.45,0.01,15,20170,买盘
625,10:14:13,13.45,0.0,2,2690,卖盘
626,10:14:19,13.46,0.01,8,10768,买盘
627,10:14:21,13.45,-0.01,1,1345,卖盘
628,10:14:28,13.45,0.0,5,6725,买盘
629,10:14:34,13.45,0.0,12,16140,买盘
630,10:14:37,13.45,0.0,2,2690,买盘
631,10:14:40,13.45,0.0,3,4035,买盘
632,10:14:43,13.45,0.0,5,6725,买盘
633,10:14:52,13.45,0.0,3,4035,买盘
634,10:14:58,13.45,0.0,12,16140,买盘
635,10:15:01,13.43,-0.02,20,26860,卖盘
636,10:15:06,13.43,0.0,2,2686,卖盘
637,10:15:16,13.43,0.0,9,12087,买盘
638,10:15:19,13.43,0.0,13,17459,买盘
639,10:15:25,13.42,-0.01,9,12082,卖盘
640,10:15:28,13.41,-0.01,50,67050,卖盘
641,10:15:31,13.45,0.04,30,40269,买盘
642,10:15:40,13.45,0.0,27,36315,买盘
643,10:15:49,13.45,0.0,1,1345,买盘
644,10:15:54,13.45,0.0,18,24200,买盘
645,10:16:00,13.44,-0.01,1,1344,卖盘
646,10:16:04,13.45,0.01,1,1345,买盘
647,10:16:07,13.44,-0.01,8,10752,卖盘
648,10:16:13,13.41,-0.03,54,72438,卖盘
649,10:16:19,13.45,0.04,19,25555,买盘
650,10:16:28,13.45,0.0,6,8070,买盘
651,10:16:42,13.45,0.0,6,8066,买盘
652,10:17:01,13.45,0.0,1,1345,买盘
653,10:17:04,13.42,-0.03,7,9394,卖盘
654,10:17:07,13.42,0.0,20,26840,卖盘
655,10:17:16,13.45,0.03,9,12105,买盘
656,10:17:28,13.42,-0.03,8,10736,卖盘
657,10:17:31,13.45,0.03,3,4035,买盘
658,10:17:34,13.42,-0.03,7,9394,卖盘
659,10:17:39,13.45,0.03,3,4035,买盘
660,10:17:49,13.42,-0.03,49,65767,卖盘
661,10:18:04,13.45,0.03,16,21520,买盘
662,10:18:07,13.42,-0.03,6,8052,卖盘
663,10:18:18,13.45,0.03,5,6725,买盘
664,10:18:21,13.42,-0.03,10,13420,卖盘
665,10:18:25,13.42,0.0,4,5368,卖盘
666,10:18:28,13.44,0.02,3,4032,买盘
667,10:18:31,13.42,-0.02,97,130174,卖盘
668,10:18:37,13.44,0.02,62,83514,买盘
669,10:18:43,13.45,0.01,54,72622,买盘
670,10:18:49,13.44,-0.01,120,161280,卖盘
671,10:18:52,13.45,0.01,19,25555,买盘
672,10:18:58,13.44,-0.01,1,1344,卖盘
673,10:19:01,13.45,0.01,36,48420,买盘
674,10:19:04,13.45,0.0,17,22865,买盘
675,10:19:10,13.41,-0.04,205,275405,卖盘
676,10:19:15,13.45,0.04,16,21510,买盘
677,10:19:25,13.45,0.0,62,83390,买盘
678,10:19:28,13.41,-0.04,7,9387,卖盘
679,10:19:34,13.41,0.0,9,12089,卖盘
680,10:19:40,13.45,0.04,21,28245,买盘
681,10:19:49,13.45,0.0,2,2690,买盘
682,10:19:51,13.41,-0.04,20,26820,卖盘
683,10:19:54,13.41,0.0,10,13410,卖盘
684,10:19:58,13.41,0.0,9,12101,卖盘
685,10:20:04,13.44,0.03,6,8064,买盘
686,10:20:06,13.42,-0.02,6,8052,卖盘
687,10:20:13,13.44,0.02,6,8064,买盘
688,10:20:22,13.44,0.0,5,6720,买盘
689,10:20:33,13.44,0.0,16,21504,买盘
690,10:20:36,13.44,0.0,2,2688,买盘
691,10:20:42,13.42,-0.02,1,1342,卖盘
692,10:20:46,13.43,0.01,5,6715,买盘
693,10:20:49,13.42,-0.01,10,13420,卖盘
694,10:21:01,13.43,0.01,6,8058,买盘
695,10:21:16,13.43,0.0,1,1343,买盘
696,10:21:34,13.43,0.0,1,1343,买盘
697,10:21:43,13.43,0.0,2,2686,买盘
698,10:21:57,13.42,-0.01,32,42944,卖盘
699,10:22:04,13.42,0.0,1,1342,卖盘
700,10:22:07,13.42,0.0,4,5368,卖盘
701,10:22:13,13.42,0.0,229,307528,卖盘
702,10:22:16,13.42,0.0,26,34892,卖盘
703,10:22:22,13.44,0.02,70,94025,买盘
704,10:22:25,13.42,-0.02,18,24156,卖盘
705,10:22:28,13.44,0.02,9,12096,买盘
706,10:22:31,13.42,-0.02,19,25498,卖盘
707,10:22:37,13.43,0.01,26,34918,买盘
708,10:22:45,13.42,-0.01,8,10736,买盘
709,10:22:54,13.42,0.0,8,10736,买盘
710,10:23:01,13.42,0.0,2,2684,买盘
711,10:23:10,13.42,0.0,2,2684,买盘
712,10:23:15,13.42,0.0,1,1342,买盘
713,10:23:19,13.41,-0.01,10,13410,卖盘
714,10:23:31,13.41,0.0,9,11868,卖盘
715,10:23:34,13.41,0.0,4,5364,买盘
716,10:23:36,13.41,0.0,1,1341,买盘
717,10:23:46,13.4,-0.01,30,40200,卖盘
718,10:23:48,13.41,0.01,4,5364,买盘
719,10:23:57,13.41,0.0,10,13410,买盘
720,10:24:04,13.4,-0.01,3,4020,卖盘
721,10:24:13,13.4,0.0,6,8042,卖盘
722,10:24:21,13.41,0.01,2,2682,买盘
723,10:24:25,13.4,-0.01,4,5360,卖盘
724,10:24:28,13.41,0.01,7,9382,买盘
725,10:24:37,13.41,0.0,3,4023,买盘
726,10:24:52,13.41,0.0,17,22797,买盘
727,10:24:55,13.41,0.0,1,1341,买盘
728,10:24:58,13.4,-0.01,43,57620,卖盘
729,10:25:01,13.44,0.04,404,542333,买盘
730,10:25:10,13.45,0.01,140,188242,买盘
731,10:25:13,13.39,-0.06,5,6696,卖盘
732,10:25:25,13.45,0.06,43,57830,买盘
733,10:25:31,13.45,0.0,10,13445,买盘
734,10:25:40,13.45,0.0,13,17485,买盘
735,10:25:49,13.44,-0.01,6,8064,买盘
736,10:25:52,13.41,-0.03,8,10728,卖盘
737,10:26:04,13.43,0.02,4,5372,买盘
738,10:26:07,13.41,-0.02,6,8048,卖盘
739,10:26:10,13.43,0.02,8,10744,买盘
740,10:26:13,13.43,0.0,1,1343,买盘
741,10:26:16,13.43,0.0,4,5372,买盘
742,10:26:22,13.43,0.0,4,5372,买盘
743,10:26:28,13.43,0.0,2,2686,买盘
744,10:26:37,13.43,0.0,2,2686,买盘
745,10:26:43,13.43,0.0,21,28203,买盘
746,10:26:46,13.43,0.0,15,20145,买盘
747,10:26:58,13.43,0.0,92,123556,卖盘
748,10:27:01,13.43,0.0,11,14773,买盘
749,10:27:09,13.43,0.0,31,41633,买盘
750,10:27:25,13.42,-0.01,10,13420,买盘
751,10:27:33,13.42,0.0,3,4026,买盘
752,10:27:36,13.41,-0.01,10,13410,卖盘
753,10:27:43,13.42,0.01,2,2684,买盘
754,10:27:49,13.41,-0.01,22,29504,卖盘
755,10:27:57,13.42,0.01,1,1342,买盘
756,10:28:07,13.42,0.0,7,9394,买盘
757,10:28:10,13.41,-0.01,8,10728,卖盘
758,10:28:13,13.42,0.01,22,29524,买盘
759,10:28:19,13.41,-0.01,4,5364,卖盘
760,10:28:22,13.42,0.01,4,5368,买盘
761,10:28:31,13.41,-0.01,18,24146,卖盘
762,10:28:39,13.41,0.0,1,1341,买盘
763,10:28:45,13.41,0.0,5,6705,买盘
764,10:28:55,13.41,0.0,1,1341,买盘
765,10:29:01,13.4,-0.01,14,18760,卖盘
766,10:29:04,13.41,0.01,1,1341,买盘
767,10:29:07,13.4,-0.01,5,6700,卖盘
768,10:29:13,13.4,0.0,4,5360,卖盘
769,10:29:19,13.41,0.01,21,28161,买盘
770,10:29:21,13.4,-0.01,30,40200,卖盘
771,10:29:25,13.41,0.01,22,29482,买盘
772,10:29:27,13.4,-0.01,10,13400,卖盘
773,10:29:34,13.4,0.0,14,18760,买盘
774,10:29:37,13.39,-0.01,1,1339,卖盘
775,10:29:43,13.4,0.01,16,21439,买盘
776,10:29:46,13.39,-0.01,1,1339,卖盘
777,10:29:49,13.39,0.0,1,1339,买盘
778,10:29:57,13.39,0.0,4,5356,买盘
779,10:30:01,13.38,-0.01,27,36126,卖盘
780,10:30:04,13.38,0.0,39,52182,卖盘
781,10:30:06,13.38,0.0,1,1338,买盘
782,10:30:13,13.39,0.01,21,28110,买盘
783,10:30:24,13.37,-0.02,2,2674,卖盘
784,10:30:31,13.38,0.01,141,188665,买盘
785,10:30:45,13.39,0.01,42,56238,买盘
786,10:30:51,13.38,-0.01,40,53520,卖盘
787,10:30:55,13.38,0.0,38,50856,卖盘
788,10:31:01,13.37,-0.01,21,28077,卖盘
789,10:31:10,13.37,0.0,11,14707,买盘
790,10:31:19,13.37,0.0,7,9359,买盘
791,10:31:24,13.37,0.0,4,5348,买盘
792,10:31:30,13.36,-0.01,55,73480,卖盘
793,10:31:34,13.36,0.0,2,2672,买盘
794,10:31:43,13.36,0.0,16,21376,买盘
795,10:31:49,13.34,-0.02,59,78706,卖盘
796,10:31:55,13.33,-0.01,3,3999,卖盘
797,10:31:58,13.34,0.01,20,26686,买盘
798,10:32:00,13.33,-0.01,27,35991,卖盘
799,10:32:04,13.33,0.0,10,13330,买盘
800,10:32:07,13.33,0.0,23,30659,买盘
801,10:32:13,13.31,-0.02,16,21326,卖盘
802,10:32:16,13.33,0.02,3,3999,买盘
803,10:32:19,13.33,0.0,2,2666,卖盘
804,10:32:22,13.31,-0.02,39,51909,卖盘
805,10:32:25,13.3,-0.01,5,6650,卖盘
806,10:32:31,13.3,0.0,18,23964,卖盘
807,10:32:36,13.34,0.04,12,16008,买盘
808,10:32:46,13.34,0.0,11,14659,买盘
809,10:32:52,13.3,-0.04,42,55860,卖盘
810,10:32:54,13.34,0.04,7,9338,买盘
811,10:33:01,13.34,0.0,12,16008,买盘
812,10:33:10,13.34,0.0,16,21304,买盘
813,10:33:13,13.3,-0.04,3,3990,卖盘
814,10:33:16,13.3,0.0,44,58520,买盘
815,10:33:22,13.3,0.0,9,11970,买盘
816,10:33:28,13.31,0.01,10,13325,卖盘
817,10:33:34,13.34,0.03,16,21344,买盘
818,10:33:37,13.3,-0.04,54,71826,卖盘
819,10:33:43,13.34,0.04,9,12006,买盘
820,10:33:52,13.34,0.0,19,25346,买盘
821,10:33:58,13.33,-0.01,1,1333,中性盘
822,10:34:01,13.3,-0.03,5,6650,卖盘
823,10:34:04,13.3,0.0,8,10640,卖盘
824,10:34:07,13.33,0.03,67,89090,买盘
825,10:34:16,13.33,0.0,1,1333,买盘
826,10:34:22,13.33,0.0,112,148903,买盘
827,10:34:31,13.3,-0.03,489,648062,买盘
828,10:34:34,13.3,0.0,3,3990,买盘
829,10:34:40,13.29,-0.01,3,3987,卖盘
830,10:34:46,13.33,0.04,150,199731,买盘
831,10:34:54,13.33,0.0,1,1333,买盘
832,10:35:04,13.34,0.01,46,61348,买盘
833,10:35:12,13.29,-0.05,43,57147,买盘
834,10:35:15,13.29,0.0,11,14619,买盘
835,10:35:19,13.29,0.0,14,18606,买盘
836,10:35:25,13.29,0.0,5,6645,买盘
837,10:35:28,13.33,0.04,16,21320,买盘
838,10:35:34,13.33,0.0,4,5332,买盘
839,10:35:36,13.29,-0.04,11,14659,卖盘
840,10:35:43,13.33,0.04,6,7998,买盘
841,10:35:52,13.33,0.0,4,5332,买盘
842,10:35:57,13.33,0.0,6,7982,买盘
843,10:36:04,13.28,-0.05,62,82361,卖盘
844,10:36:07,13.29,0.01,2,2658,中性盘
845,10:36:10,13.28,-0.01,1,1328,卖盘
846,10:36:16,13.31,0.03,22,29278,买盘
847,10:36:22,13.31,0.0,1,1331,买盘
848,10:36:24,13.25,-0.06,17,22540,卖盘
849,10:36:28,13.29,0.04,5,6645,卖盘
850,10:36:31,13.31,0.02,6,7980,买盘
851,10:36:37,13.2,-0.11,455,601569,卖盘
852,10:36:39,13.31,0.11,7,9317,买盘
853,10:36:46,13.31,0.0,138,183654,买盘
854,10:36:52,13.22,-0.09,93,122946,卖盘
855,10:36:55,13.31,0.09,3,3993,买盘
856,10:37:01,13.29,-0.02,10,13290,卖盘
857,10:37:04,13.29,0.0,48,63834,卖盘
858,10:37:06,13.29,0.0,2,2658,卖盘
859,10:37:09,13.31,0.02,31,41238,买盘
860,10:37:19,13.31,0.0,25,33274,买盘
861,10:37:34,13.31,0.0,8,10641,买盘
862,10:37:43,13.3,-0.01,3,3990,买盘
863,10:37:58,13.26,-0.04,9,11934,卖盘
864,10:38:16,13.26,0.0,4,5316,卖盘
865,10:38:18,13.26,0.0,2,2652,买盘
866,10:38:22,13.26,0.0,1,1326,买盘
867,10:38:25,13.26,0.0,7,9282,买盘
868,10:38:39,13.26,0.0,9,11934,买盘
869,10:38:49,13.24,-0.02,5,6628,卖盘
870,10:38:55,13.26,0.02,2,2652,买盘
871,10:38:57,13.26,0.0,152,201552,买盘
872,10:39:04,13.3,0.04,18,23892,买盘
873,10:39:12,13.31,0.01,52,69200,买盘
874,10:39:28,13.3,-0.01,14,18620,买盘
875,10:39:40,13.31,0.01,100,133096,买盘
876,10:39:43,13.31,0.0,16,21285,买盘
877,10:39:46,13.3,-0.01,13,17290,卖盘
878,10:39:52,13.31,0.01,35,46579,买盘
879,10:40:01,13.31,0.0,4,5324,买盘
880,10:40:07,13.31,0.0,10,13310,买盘
881,10:40:10,13.31,0.0,2,2662,买盘
882,10:40:16,13.31,0.0,1,1331,买盘
883,10:40:24,13.31,0.0,4,5324,买盘
884,10:40:40,13.31,0.0,1,1331,买盘
885,10:41:10,13.31,0.0,5,6655,买盘
886,10:41:18,13.31,0.0,3,3993,买盘
887,10:42:46,13.3,-0.01,25,33250,卖盘
888,10:42:52,13.27,-0.03,2,2654,卖盘
889,10:42:55,13.3,0.03,7,9310,买盘
890,10:43:04,13.3,0.0,3,3990,买盘
891,10:43:19,13.3,0.0,2,2660,买盘
892,10:43:37,13.3,0.0,1,1330,买盘
893,10:43:43,13.27,-0.03,12,15924,卖盘
894,10:43:52,13.3,0.03,3,3990,买盘
895,10:43:57,13.27,-0.03,5,6635,卖盘
896,10:44:07,13.3,0.03,1,1330,买盘
897,10:44:13,13.27,-0.03,10,13270,卖盘
898,10:44:16,13.3,0.03,1,1330,买盘
899,10:44:22,13.27,-0.03,3,3981,卖盘
900,10:44:25,13.27,0.0,4,5308,买盘
901,10:44:27,13.26,-0.01,22,29172,卖盘
902,10:44:31,13.27,0.01,2,2654,买盘
903,10:44:40,13.27,0.0,9,11943,买盘
904,10:44:49,13.27,0.0,1,1327,买盘
905,10:44:55,13.27,0.0,2,2654,买盘
906,10:44:57,13.27,0.0,2,2654,买盘
907,10:45:01,13.27,0.0,2,2654,买盘
908,10:45:04,13.27,0.0,1,1327,买盘
909,10:45:07,13.31,0.04,226,300474,买盘
910,10:45:19,13.31,0.0,79,105107,买盘
911,10:45:34,13.31,0.0,404,537724,买盘
912,10:45:36,13.32,0.01,25,33289,买盘
913,10:45:43,13.33,0.01,60,79970,买盘
914,10:45:52,13.34,0.01,7,9338,买盘
915,10:45:54,13.34,0.0,14,18676,买盘
916,10:46:01,13.34,0.0,26,34704,卖盘
917,10:46:07,13.35,0.01,5,6675,买盘
918,10:46:15,13.35,0.0,7,9340,买盘
919,10:46:21,13.35,0.0,1,1335,买盘
920,10:46:25,13.35,0.0,4,5340,买盘
921,10:46:40,13.35,0.0,1,1335,买盘
922,10:47:12,13.35,0.0,29,38713,买盘
923,10:47:21,13.35,0.0,10,13350,买盘
924,10:47:37,13.35,0.0,3,4005,买盘
925,10:47:46,13.35,0.0,1,1335,买盘
926,10:48:06,13.31,-0.04,34,45254,卖盘
927,10:48:16,13.35,0.04,10,13350,买盘
928,10:48:25,13.35,0.0,1,1335,买盘
929,10:48:34,13.35,0.0,4,5340,买盘
930,10:48:48,13.35,0.0,1,1335,买盘
931,10:48:52,13.35,0.0,21,28035,买盘
932,10:49:07,13.35,0.0,6,8010,买盘
933,10:49:22,13.35,0.0,2,2670,买盘
934,10:49:37,13.35,0.0,1,1335,买盘
935,10:50:15,13.35,0.0,16,21360,买盘
936,10:50:34,13.35,0.0,4,5340,买盘
937,10:50:48,13.35,0.0,2,2670,买盘
938,10:51:19,13.35,0.0,1,1335,买盘
939,10:52:01,13.32,-0.03,1,1332,卖盘
940,10:52:04,13.32,0.0,53,70596,卖盘
941,10:52:15,13.35,0.03,17,22695,买盘
942,10:52:33,13.34,-0.01,8,10672,买盘
943,10:52:37,13.31,-0.03,60,79860,卖盘
944,10:52:42,13.34,0.03,3,4002,买盘
945,10:52:49,13.34,0.0,16,21344,买盘
946,10:52:52,13.34,0.0,1,1334,买盘
947,10:52:58,13.34,0.0,1,1334,买盘
948,10:53:07,13.34,0.0,6,8004,买盘
949,10:53:22,13.34,0.0,2,2668,买盘
950,10:54:54,13.31,-0.03,20,26620,卖盘
951,10:55:12,13.31,0.0,15,19959,卖盘
952,10:55:31,13.31,0.0,4,5324,买盘
953,10:55:46,13.31,0.0,2,2662,买盘
954,10:56:12,13.31,0.0,10,13310,买盘
955,10:56:24,13.31,0.0,4,5324,买盘
956,10:56:34,13.31,0.0,1,1331,买盘
957,10:56:58,13.31,0.0,9,11979,买盘
958,10:57:01,13.3,-0.01,24,31920,卖盘
959,10:57:07,13.31,0.01,2,2662,买盘
960,10:57:12,13.31,0.0,8,10648,买盘
961,10:57:31,13.31,0.0,2,2662,买盘
962,10:57:46,13.33,0.02,105,139830,买盘
963,10:57:49,13.32,-0.01,11,14652,卖盘
964,10:58:01,13.33,0.01,4,5332,买盘
965,10:58:04,13.33,0.0,32,42656,买盘
966,10:58:10,13.33,0.0,1,1333,买盘
967,10:58:19,13.33,0.0,10,13330,买盘
968,10:58:27,13.33,0.0,2,2666,买盘
969,10:58:43,13.33,0.0,1,1333,买盘
970,10:59:13,13.32,-0.01,18,23976,卖盘
971,10:59:19,13.32,0.0,50,66600,卖盘
972,10:59:21,13.33,0.01,6,7998,买盘
973,10:59:24,13.3,-0.03,70,93140,卖盘
974,10:59:31,13.33,0.03,35,46593,买盘
975,10:59:40,13.33,0.0,21,27993,买盘
976,10:59:46,13.33,0.0,10,13326,买盘
977,10:59:55,13.33,0.0,7,9331,买盘
978,11:00:04,13.33,0.0,2,2666,买盘
979,11:00:12,13.3,-0.03,47,62516,卖盘
980,11:00:19,13.33,0.03,1,1333,买盘
981,11:00:27,13.33,0.0,14,18662,买盘
982,11:00:37,13.33,0.0,4,5332,买盘
983,11:00:40,13.31,-0.02,8,10648,卖盘
984,11:00:43,13.31,0.0,7,9317,买盘
985,11:00:52,13.31,0.0,4,5324,买盘
986,11:01:00,13.33,0.02,3,3999,买盘
987,11:01:16,13.33,0.0,1,1333,买盘
988,11:01:19,13.33,0.0,1,1333,买盘
989,11:01:31,13.33,0.0,1,1333,买盘
990,11:01:54,13.33,0.0,13,17329,买盘
991,11:02:01,13.3,-0.03,16,21280,卖盘
992,11:02:13,13.3,0.0,4,5320,买盘
993,11:02:19,13.3,0.0,17,22610,买盘
994,11:02:27,13.3,0.0,6,7980,买盘
995,11:02:42,13.3,0.0,2,2660,买盘
996,11:03:18,13.29,-0.01,13,17277,卖盘
997,11:03:31,13.29,0.0,9,11953,买盘
998,11:03:45,13.29,0.0,2,2658,买盘
999,11:03:58,13.27,-0.02,4,5308,卖盘
1000,11:04:04,13.29,0.02,2,2658,买盘
1001,11:04:12,13.29,0.0,1,1329,买盘
1002,11:04:16,13.27,-0.02,14,18578,卖盘
1003,11:04:22,13.27,0.0,8,10616,买盘
1004,11:04:25,13.27,0.0,1,1327,买盘
1005,11:04:27,13.27,0.0,4,5308,买盘
1006,11:04:31,13.27,0.0,10,13270,买盘
1007,11:04:37,13.27,0.0,3,3981,买盘
1008,11:04:46,13.27,0.0,38,50426,买盘
1009,11:04:49,13.27,0.0,7,9289,卖盘
1010,11:05:01,13.29,0.02,13,17277,买盘
1011,11:05:04,13.27,-0.02,11,14597,卖盘
1012,11:05:15,13.29,0.02,9,11957,买盘
1013,11:05:19,13.27,-0.02,50,66350,卖盘
1014,11:05:22,13.27,0.0,40,53086,中性盘
1015,11:05:25,13.33,0.06,3,3992,买盘
1016,11:05:33,13.33,0.0,17,22661,买盘
1017,11:05:39,13.33,0.0,14,18662,买盘
1018,11:05:49,13.34,0.01,9,11998,买盘
1019,11:05:54,13.34,0.0,1,1334,买盘
1020,11:06:04,13.34,0.0,3,4002,买盘
1021,11:06:12,13.34,0.0,1,1334,买盘
1022,11:06:34,13.29,-0.05,5,6645,卖盘
1023,11:06:51,13.33,0.04,1,1333,买盘
1024,11:07:10,13.34,0.01,5,6670,买盘
1025,11:07:24,13.33,-0.01,3,3999,买盘
1026,11:07:39,13.33,0.0,1,1333,买盘
1027,11:08:06,13.3,-0.03,4,5320,卖盘
1028,11:08:22,13.33,0.03,1,1333,买盘
1029,11:09:01,13.29,-0.04,2,2658,卖盘
1030,11:09:04,13.36,0.07,405,540669,买盘
1031,11:09:07,13.29,-0.07,1,1329,卖盘
1032,11:09:15,13.32,0.03,18,23944,买盘
1033,11:09:33,13.32,0.0,9,11976,买盘
1034,11:09:49,13.32,0.0,3,3996,买盘
1035,11:10:34,13.29,-0.03,1,1329,买盘
1036,11:10:52,13.29,0.0,1,1329,买盘
1037,11:11:01,13.29,0.0,5,6641,买盘
1038,11:11:16,13.29,0.0,1,1329,买盘
1039,11:11:33,13.29,0.0,1,1329,买盘
1040,11:11:40,13.28,-0.01,16,21248,卖盘
1041,11:11:49,13.28,0.0,4,5312,买盘
1042,11:12:07,13.28,0.0,1,1328,买盘
1043,11:12:22,13.28,0.0,5,6636,买盘
1044,11:12:36,13.28,0.0,1,1328,买盘
1045,11:12:58,13.28,0.0,2,2656,买盘
1046,11:13:10,13.28,0.0,1,1328,买盘
1047,11:13:46,13.27,-0.01,4,5308,卖盘
1048,11:13:55,13.27,0.0,17,22559,卖盘
1049,11:13:58,13.28,0.01,1,1328,买盘
1050,11:14:04,13.26,-0.02,40,53049,卖盘
1051,11:14:07,13.28,0.02,6,7968,买盘
1052,11:14:22,13.28,0.0,14,18592,买盘
1053,11:14:37,13.28,0.0,4,5312,买盘
1054,11:14:45,13.28,0.0,1,1328,买盘
1055,11:14:48,13.28,0.0,1,1328,买盘
1056,11:14:58,13.26,-0.02,10,13260,卖盘
1057,11:15:10,13.29,0.03,4,5313,买盘
1058,11:15:13,13.26,-0.03,4,5304,卖盘
1059,11:15:24,13.27,0.01,2,2654,买盘
1060,11:15:43,13.27,0.0,1,1327,买盘
1061,11:16:40,13.26,-0.01,5,6630,卖盘
1062,11:16:55,13.27,0.01,1,1327,买盘
1063,11:16:58,13.26,-0.01,2,2652,卖盘
1064,11:17:09,13.27,0.01,1,1327,买盘
1065,11:17:40,13.27,0.0,1,1327,买盘
1066,11:17:51,13.27,0.0,1,1327,买盘
1067,11:18:01,13.26,-0.01,33,43758,卖盘
1068,11:18:03,13.26,0.0,4,5304,卖盘
1069,11:18:06,13.26,0.0,17,22542,卖盘
1070,11:18:10,13.26,0.0,2,2652,买盘
1071,11:18:16,13.26,0.0,10,13260,买盘
1072,11:18:21,13.26,0.0,7,9282,买盘
1073,11:18:31,13.25,-0.01,18,23857,卖盘
1074,11:18:37,13.26,0.01,10,13260,卖盘
1075,11:18:45,13.27,0.01,5,6635,买盘
1076,11:18:55,13.27,0.0,5,6635,买盘
1077,11:19:09,13.27,0.0,1,1327,买盘
1078,11:19:19,13.27,0.0,1,1327,买盘
1079,11:19:30,13.26,-0.01,4,5304,卖盘
1080,11:19:42,13.27,0.01,1,1327,买盘
1081,11:20:10,13.25,-0.02,200,265005,卖盘
1082,11:20:13,13.29,0.04,149,197858,买盘
1083,11:20:21,13.3,0.01,104,138221,买盘
1084,11:20:31,13.3,0.0,1,1330,买盘
1085,11:20:40,13.3,0.0,32,42560,买盘
1086,11:20:54,13.31,0.01,8,10641,买盘
1087,11:21:10,13.31,0.0,4,5324,买盘
1088,11:21:15,13.33,0.02,127,169150,买盘
1089,11:21:18,13.31,-0.02,1,1331,中性盘
1090,11:23:25,13.31,0.0,1,1331,买盘
1091,11:23:39,13.27,-0.04,21,27867,卖盘
1092,11:23:52,13.27,0.0,20,26540,买盘
1093,11:24:25,13.26,-0.01,9,11934,卖盘
1094,11:24:34,13.27,0.01,50,66350,买盘
1095,11:24:39,13.27,0.0,13,17251,买盘
1096,11:24:46,13.28,0.01,1,1328,买盘
1097,11:25:10,13.27,-0.01,4,5308,卖盘
1098,11:26:16,13.28,0.01,8,10624,买盘
1099,11:26:34,13.26,-0.02,4,5304,卖盘
1100,11:26:37,13.29,0.03,20,26570,买盘
1101,11:27:25,13.28,-0.01,15,19920,买盘
1102,11:27:52,13.27,-0.01,6,7962,卖盘
1103,11:27:58,13.27,0.0,5,6635,卖盘
1104,11:28:04,13.27,0.0,9,11943,卖盘
1105,11:28:22,13.26,-0.01,20,26520,卖盘
1106,11:28:58,13.27,0.01,1,1327,买盘
1107,11:29:21,13.26,-0.01,4,5304,卖盘
1108,11:29:28,13.26,0.0,34,45084,卖盘
1109,11:29:34,13.24,-0.02,2,2648,卖盘
1110,13:00:07,13.26,0.02,3,3978,买盘
1111,13:00:28,13.24,-0.02,13,17212,卖盘
1112,13:00:40,13.24,0.0,2,2648,卖盘
1113,13:00:52,13.24,0.0,4,5296,卖盘
1114,13:01:18,13.26,0.02,1,1326,买盘
1115,13:01:46,13.24,-0.02,21,27804,卖盘
1116,13:01:48,13.26,0.02,1,1326,买盘
1117,13:02:13,13.25,-0.01,4,5300,卖盘
1118,13:02:18,13.26,0.01,1,1326,买盘
1119,13:02:25,13.25,-0.01,2,2650,中性盘
1120,13:02:28,13.26,0.01,1,1326,买盘
1121,13:03:36,13.24,-0.02,4,5296,卖盘
1122,13:03:42,13.24,0.0,81,107244,卖盘
1123,13:03:48,13.25,0.01,10,13250,中性盘
1124,13:03:55,13.24,-0.01,4,5296,卖盘
1125,13:04:01,13.24,0.0,72,95328,卖盘
1126,13:04:04,13.24,0.0,32,42368,卖盘
1127,13:04:12,13.24,0.0,28,37072,卖盘
1128,13:04:18,13.23,-0.01,11,14553,卖盘
1129,13:04:25,13.24,0.01,1,1324,买盘
1130,13:04:28,13.23,-0.01,8,10584,卖盘
1131,13:04:34,13.23,0.0,4,5292,卖盘
1132,13:04:37,13.23,0.0,5,6615,卖盘
1133,13:04:40,13.23,0.0,1,1323,卖盘
1134,13:04:45,13.24,0.01,20,26480,买盘
1135,13:04:58,13.23,-0.01,11,14553,卖盘
1136,13:05:01,13.22,-0.01,11,14542,卖盘
1137,13:05:10,13.22,0.0,38,50236,卖盘
1138,13:05:21,13.24,0.02,10,13240,买盘
1139,13:05:49,13.24,0.0,20,26480,买盘
1140,13:06:21,13.22,-0.02,15,19830,卖盘
1141,13:06:28,13.24,0.02,1,1324,买盘
1142,13:06:46,13.22,-0.02,4,5288,卖盘
1143,13:06:54,13.24,0.02,39,51636,买盘
1144,13:07:00,13.24,0.0,61,80764,卖盘
1145,13:07:42,13.24,0.0,1,1324,买盘
1146,13:07:48,13.22,-0.02,11,14542,卖盘
1147,13:08:27,13.24,0.02,1,1324,买盘
1148,13:08:52,13.22,-0.02,1,1322,卖盘
1149,13:09:01,13.24,0.02,20,26480,买盘
1150,13:09:04,13.28,0.04,169,224243,买盘
1151,13:09:10,13.28,0.0,8,10624,卖盘
1152,13:09:13,13.28,0.0,11,14608,卖盘
1153,13:09:18,13.28,0.0,2,2656,卖盘
1154,13:09:37,13.29,0.01,10,13290,买盘
1155,13:09:39,13.29,0.0,5,6645,买盘
1156,13:09:49,13.28,-0.01,200,265600,卖盘
1157,13:09:55,13.28,0.0,14,18592,卖盘
1158,13:10:19,13.28,0.0,1,1328,买盘
1159,13:10:24,13.28,0.0,2,2656,买盘
1160,13:10:55,13.29,0.01,30,39855,买盘
1161,13:11:04,13.28,-0.01,9,11952,卖盘
1162,13:12:28,13.29,0.01,1,1329,买盘
1163,13:12:45,13.29,0.0,1,1329,买盘
1164,13:13:31,13.25,-0.04,2,2650,卖盘
1165,13:14:04,13.29,0.04,5,6645,买盘
1166,13:14:28,13.29,0.0,1,1329,买盘
1167,13:15:04,13.29,0.0,52,69108,买盘
1168,13:15:06,13.26,-0.03,2,2652,卖盘
1169,13:15:12,13.25,-0.01,37,49025,卖盘
1170,13:15:18,13.25,0.0,11,14575,卖盘
1171,13:15:34,13.26,0.01,15,19890,买盘
1172,13:15:40,13.25,-0.01,25,33132,卖盘
1173,13:15:46,13.25,0.0,12,15900,买盘
1174,13:16:07,13.24,-0.01,9,11916,卖盘
1175,13:16:25,13.24,0.0,1,1324,买盘
1176,13:16:49,13.24,0.0,51,67524,买盘
1177,13:17:07,13.24,0.0,31,41071,卖盘
1178,13:17:27,13.25,0.01,11,14574,买盘
1179,13:17:40,13.24,-0.01,1,1324,卖盘
1180,13:17:51,13.24,0.0,1,1324,卖盘
1181,13:17:58,13.25,0.01,9,11925,买盘
1182,13:18:00,13.24,-0.01,1,1324,卖盘
1183,13:18:16,13.24,0.0,1,1324,卖盘
1184,13:18:27,13.24,0.0,2,2649,卖盘
1185,13:18:40,13.24,0.0,51,67524,卖盘
1186,13:18:51,13.24,0.0,51,67524,卖盘
1187,13:18:57,13.24,0.0,2,2648,卖盘
1188,13:19:04,13.24,0.0,1,1324,卖盘
1189,13:19:13,13.24,0.0,50,66200,卖盘
1190,13:19:16,13.24,0.0,1,1324,卖盘
1191,13:19:19,13.25,0.01,1,1325,买盘
1192,13:19:33,13.24,-0.01,1,1324,卖盘
1193,13:19:43,13.24,0.0,1,1324,卖盘
1194,13:19:55,13.24,0.0,1,1324,卖盘
1195,13:20:04,13.24,0.0,10,13240,卖盘
1196,13:20:07,13.24,0.0,1,1324,卖盘
1197,13:20:10,13.24,0.0,1,1324,卖盘
1198,13:20:19,13.23,-0.01,2,2647,卖盘
1199,13:20:25,13.25,0.02,1,1325,买盘
1200,13:20:30,13.23,-0.02,1,1323,卖盘
1201,13:20:36,13.23,0.0,1,1323,卖盘
1202,13:20:54,13.23,0.0,1,1323,卖盘
1203,13:21:34,13.23,0.0,20,26460,卖盘
1204,13:21:39,13.23,0.0,2,2646,卖盘
1205,13:22:12,13.22,-0.01,34,44948,卖盘
1206,13:22:25,13.25,0.03,4,5300,买盘
1207,13:23:31,13.23,-0.02,10,13230,卖盘
1208,13:23:36,13.25,0.02,2,2650,买盘
1209,13:24:24,13.25,0.0,1,1325,买盘
1210,13:24:27,13.25,0.0,1,1325,买盘
1211,13:24:54,13.25,0.0,100,132500,买盘
1212,13:25:10,13.23,-0.02,3,3969,卖盘
1213,13:25:36,13.23,0.0,5,6615,卖盘
1214,13:26:19,13.25,0.02,1,1325,买盘
1215,13:26:22,13.25,0.0,1,1325,买盘
1216,13:27:22,13.23,-0.02,20,26460,卖盘
1217,13:27:52,13.22,-0.01,7,9254,卖盘
1218,13:28:01,13.22,0.0,14,18508,卖盘
1219,13:28:25,13.23,0.01,1,1323,买盘
1220,13:28:45,13.23,0.0,12,15876,买盘
1221,13:28:52,13.23,0.0,1,1323,买盘
1222,13:28:54,13.23,0.0,17,22491,买盘
1223,13:28:58,13.23,0.0,30,39690,买盘
1224,13:29:19,13.28,0.05,81,107432,买盘
1225,13:29:22,13.3,0.02,229,304518,买盘
1226,13:29:27,13.3,0.0,50,66500,卖盘
1227,13:29:31,13.3,0.0,61,81130,卖盘
1228,13:29:34,13.31,0.01,92,122452,买盘
1229,13:29:36,13.3,-0.01,2,2660,卖盘
1230,13:29:43,13.3,0.0,20,26600,卖盘
1231,13:29:58,13.3,0.0,2,2660,卖盘
1232,13:30:22,13.3,0.0,1,1330,卖盘
1233,13:30:25,13.3,0.0,20,26600,卖盘
1234,13:30:31,13.31,0.01,40,53240,买盘
1235,13:30:42,13.31,0.0,5,6655,买盘
1236,13:30:49,13.31,0.0,31,41260,买盘
1237,13:30:58,13.31,0.0,1,1331,买盘
1238,13:31:06,13.32,0.01,7,9321,买盘
1239,13:31:22,13.31,-0.01,3,3993,买盘
1240,13:31:30,13.31,0.0,5,6655,买盘
1241,13:31:46,13.32,0.01,2,2664,买盘
1242,13:31:58,13.32,0.0,20,26640,买盘
1243,13:32:04,13.32,0.0,3,3996,买盘
1244,13:32:09,13.31,-0.01,37,49252,卖盘
1245,13:32:18,13.31,0.0,1,1331,买盘
1246,13:32:24,13.31,0.0,3,3993,买盘
1247,13:32:27,13.31,0.0,7,9317,买盘
1248,13:32:34,13.31,0.0,2,2662,买盘
1249,13:32:40,13.3,-0.01,5,6650,卖盘
1250,13:32:43,13.3,0.0,1,1330,买盘
1251,13:32:51,13.3,0.0,1,1330,买盘
1252,13:33:07,13.3,0.0,1,1330,买盘
1253,13:33:16,13.3,0.0,1,1330,买盘
1254,13:34:15,13.3,0.0,8,10640,买盘
1255,13:34:27,13.3,0.0,1,1330,买盘
1256,13:35:16,13.27,-0.03,10,13270,卖盘
1257,13:35:25,13.3,0.03,1,1330,买盘
1258,13:35:31,13.3,0.0,3,3990,买盘
1259,13:35:46,13.3,0.0,1,1330,买盘
1260,13:36:09,13.27,-0.03,1,1327,卖盘
1261,13:36:13,13.27,0.0,1,1327,卖盘
1262,13:36:22,13.27,0.0,1,1327,卖盘
1263,13:36:31,13.27,0.0,1,1327,卖盘
1264,13:36:34,13.3,0.03,2,2657,买盘
1265,13:36:40,13.27,-0.03,1,1327,卖盘
1266,13:36:42,13.27,0.0,1,1327,卖盘
1267,13:36:45,13.27,0.0,1,1327,卖盘
1268,13:36:49,13.3,0.03,2,2657,买盘
1269,13:36:58,13.3,0.0,1,1330,买盘
1270,13:37:46,13.3,0.0,4,5320,买盘
1271,13:38:04,13.3,0.0,1,1330,买盘
1272,13:38:13,13.29,-0.01,28,37212,买盘
1273,13:38:19,13.27,-0.02,6,7964,卖盘
1274,13:38:24,13.29,0.02,3,3987,买盘
1275,13:38:28,13.29,0.0,7,9303,买盘
1276,13:38:34,13.29,0.0,1,1329,买盘
1277,13:38:45,13.26,-0.03,5,6633,卖盘
1278,13:39:01,13.24,-0.02,52,68863,卖盘
1279,13:39:16,13.26,0.02,13,17238,买盘
1280,13:39:27,13.18,-0.08,583,769082,卖盘
1281,13:39:31,13.26,0.08,6,7932,买盘
1282,13:39:34,13.18,-0.08,37,48766,中性盘
1283,13:39:37,13.18,0.0,22,28996,卖盘
1284,13:39:46,13.27,0.09,47,62323,买盘
1285,13:39:49,13.29,0.02,17,22579,买盘
1286,13:39:52,13.29,0.0,35,46515,卖盘
1287,13:39:55,13.18,-0.11,355,468631,卖盘
1288,13:40:01,13.18,0.0,94,123892,买盘
1289,13:40:04,13.3,0.12,30,39460,买盘
1290,13:40:10,13.29,-0.01,6,7974,买盘
1291,13:40:13,13.29,0.0,106,140874,买盘
1292,13:40:18,13.29,0.0,10,13290,买盘
1293,13:40:24,13.29,0.0,1,1329,买盘
1294,13:40:28,13.29,0.0,24,31896,买盘
1295,13:40:34,13.29,0.0,1,1329,买盘
1296,13:40:37,13.29,0.0,2,2658,买盘
1297,13:40:43,13.29,0.0,7,9303,买盘
1298,13:40:48,13.22,-0.07,4,5288,买盘
1299,13:40:52,13.2,-0.02,11,14535,卖盘
1300,13:40:57,13.29,0.09,2,2658,买盘
1301,13:41:07,13.26,-0.03,4,5304,买盘
1302,13:41:25,13.26,0.0,1,1326,买盘
1303,13:41:58,13.25,-0.01,7,9275,买盘
1304,13:42:06,13.25,0.0,11,14575,卖盘
1305,13:42:09,13.26,0.01,1,1326,买盘
1306,13:42:13,13.26,0.0,1,1326,买盘
1307,13:42:16,13.26,0.0,13,17238,买盘
1308,13:42:19,13.29,0.03,2,2658,买盘
1309,13:42:25,13.29,0.0,1,1329,买盘
1310,13:42:28,13.29,0.0,4,5316,买盘
1311,13:42:40,13.26,-0.03,2,2652,买盘
1312,13:42:42,13.26,0.0,2,2652,买盘
1313,13:42:45,13.26,0.0,6,7956,买盘
1314,13:42:55,13.26,0.0,1,1326,买盘
1315,13:42:57,13.26,0.0,2,2652,买盘
1316,13:43:04,13.26,0.0,7,9282,买盘
1317,13:43:13,13.26,0.0,1,1326,买盘
1318,13:43:22,13.26,0.0,3,3978,买盘
1319,13:43:27,13.25,-0.01,11,14575,卖盘
1320,13:43:34,13.26,0.01,10,13260,买盘
1321,13:43:46,13.26,0.0,1,1326,买盘
1322,13:43:49,13.29,0.03,4,5313,买盘
1323,13:44:00,13.29,0.0,2,2658,买盘
1324,13:44:04,13.29,0.0,2,2658,买盘
1325,13:44:10,13.29,0.0,4,5316,买盘
1326,13:44:19,13.29,0.0,2,2658,买盘
1327,13:44:25,13.29,0.0,1,1329,买盘
1328,13:44:33,13.29,0.0,1,1329,买盘
1329,13:44:52,13.26,-0.03,3,3978,卖盘
1330,13:45:01,13.25,-0.01,11,14575,卖盘
1331,13:45:09,13.26,0.01,1,1326,买盘
1332,13:45:16,13.29,0.03,3,3987,买盘
1333,13:46:13,13.25,-0.04,11,14575,卖盘
1334,13:46:25,13.28,0.03,1,1328,买盘
1335,13:46:28,13.28,0.0,3,3984,买盘
1336,13:46:37,13.28,0.0,1,1328,买盘
1337,13:46:58,13.26,-0.02,1,1326,卖盘
1338,13:47:24,13.26,0.0,1,1326,卖盘
1339,13:47:27,13.26,0.0,4,5304,卖盘
1340,13:47:40,13.26,0.0,2,2652,买盘
1341,13:47:43,13.26,0.0,8,10608,买盘
1342,13:47:54,13.27,0.01,2,2654,买盘
1343,13:48:36,13.26,-0.01,2,2652,卖盘
1344,13:48:43,13.26,0.0,9,11934,买盘
1345,13:48:46,13.27,0.01,1,1327,买盘
1346,13:48:52,13.27,0.0,3,3981,买盘
1347,13:48:57,13.26,-0.01,3,3978,卖盘
1348,13:49:10,13.26,0.0,1,1326,买盘
1349,13:49:25,13.26,0.0,1,1326,买盘
1350,13:49:34,13.27,0.01,10,13270,买盘
1351,13:49:40,13.27,0.0,1,1327,买盘
1352,13:49:49,13.27,0.0,8,10616,买盘
1353,13:49:52,13.25,-0.02,11,14575,卖盘
1354,13:49:57,13.25,0.0,1,1325,卖盘
1355,13:50:04,13.25,0.0,4,5300,买盘
1356,13:50:13,13.25,0.0,2,2650,买盘
1357,13:50:18,13.25,0.0,1,1325,买盘
1358,13:50:21,13.25,0.0,3,3975,买盘
1359,13:50:37,13.25,0.0,1,1325,买盘
1360,13:51:00,13.24,-0.01,200,264800,卖盘
1361,13:51:07,13.23,-0.01,10,13230,卖盘
1362,13:51:10,13.23,0.0,1,1323,买盘
1363,13:51:12,13.22,-0.01,2,2644,卖盘
1364,13:51:15,13.24,0.02,15,19860,买盘
1365,13:51:19,13.24,0.0,35,46340,买盘
1366,13:51:24,13.24,0.0,8,10588,买盘
1367,13:51:34,13.24,0.0,9,11916,买盘
1368,13:51:43,13.24,0.0,1,1324,买盘
1369,13:51:49,13.24,0.0,3,3972,买盘
1370,13:52:19,13.23,-0.01,11,14553,卖盘
1371,13:52:36,13.24,0.01,3,3972,买盘
1372,13:52:52,13.24,0.0,1,1324,买盘
1373,13:52:55,13.24,0.0,1,1324,买盘
1374,13:53:13,13.24,0.0,5,6620,买盘
1375,13:53:25,13.25,0.01,1,1325,买盘
1376,13:53:52,13.25,0.0,64,84800,买盘
1377,13:53:57,13.24,-0.01,6,7945,卖盘
1378,13:54:01,13.24,0.0,14,18536,买盘
1379,13:54:04,13.26,0.02,7,9280,买盘
1380,13:54:07,13.26,0.0,11,14586,买盘
1381,13:54:13,13.26,0.0,7,9282,买盘
1382,13:54:19,13.25,-0.01,8,10600,卖盘
1383,13:54:22,13.26,0.01,40,53038,买盘
1384,13:54:25,13.26,0.0,1,1326,卖盘
1385,13:54:28,13.27,0.01,1,1327,买盘
1386,13:54:31,13.27,0.0,1,1327,买盘
1387,13:54:36,13.27,0.0,13,17251,买盘
1388,13:54:46,13.26,-0.01,30,39780,卖盘
1389,13:54:52,13.3,0.04,405,538169,买盘
1390,13:55:01,13.31,0.01,109,145031,买盘
1391,13:55:16,13.32,0.01,9,11987,买盘
1392,13:55:19,13.33,0.01,20,26645,买盘
1393,13:55:24,13.33,0.0,1,1333,买盘
1394,13:55:34,13.33,0.0,5,6665,买盘
1395,13:55:49,13.33,0.0,2,2666,买盘
1396,13:56:18,13.33,0.0,3,3999,买盘
1397,13:56:30,13.33,0.0,1,1333,买盘
1398,13:57:01,13.28,-0.05,12,15936,卖盘
1399,13:57:16,13.3,0.02,1,1330,买盘
1400,13:57:19,13.3,0.0,4,5320,买盘
1401,13:57:25,13.3,0.0,1,1330,买盘
1402,13:57:34,13.3,0.0,3,3986,买盘
1403,13:57:51,13.3,0.0,1,1330,买盘
1404,13:59:04,13.28,-0.02,5,6640,卖盘
1405,13:59:19,13.3,0.02,2,2660,买盘
1406,14:01:22,13.3,0.0,7,9310,买盘
1407,14:01:25,13.29,-0.01,1,1329,卖盘
1408,14:01:34,13.3,0.01,1,1330,买盘
1409,14:01:52,13.3,0.0,1,1330,买盘
1410,14:02:13,13.29,-0.01,12,15948,卖盘
1411,14:02:22,13.3,0.01,3,3990,买盘
1412,14:03:34,13.29,-0.01,8,10632,买盘
1413,14:03:40,13.29,0.0,12,15948,卖盘
1414,14:03:49,13.3,0.01,2,2660,买盘
1415,14:03:52,13.3,0.0,4,5320,买盘
1416,14:04:07,13.31,0.01,86,114382,买盘
1417,14:04:19,13.31,0.0,1,1331,买盘
1418,14:04:22,13.31,0.0,1,1331,买盘
1419,14:04:25,13.31,0.0,20,26620,买盘
1420,14:04:31,13.31,0.0,1,1331,买盘
1421,14:04:33,13.31,0.0,10,13310,买盘
1422,14:04:39,13.31,0.0,4,5324,买盘
1423,14:04:46,13.31,0.0,13,17303,买盘
1424,14:04:52,13.3,-0.01,5,6650,卖盘
1425,14:04:54,13.31,0.01,5,6655,买盘
1426,14:05:04,13.31,0.0,1,1331,买盘
1427,14:05:13,13.31,0.0,1,1331,买盘
1428,14:05:19,13.31,0.0,1,1331,买盘
1429,14:05:48,13.31,0.0,8,10648,买盘
1430,14:05:52,13.3,-0.01,10,13300,卖盘
1431,14:06:04,13.3,0.0,5,6650,卖盘
1432,14:06:07,13.31,0.01,4,5324,买盘
1433,14:06:10,13.31,0.0,9,11979,买盘
1434,14:06:16,13.31,0.0,1,1331,买盘
1435,14:06:22,13.31,0.0,1,1331,买盘
1436,14:06:25,13.31,0.0,3,3993,买盘
1437,14:06:34,13.32,0.01,100,133138,买盘
1438,14:06:40,13.32,0.0,1,1332,买盘
1439,14:06:46,13.32,0.0,2,2664,买盘
1440,14:06:49,13.32,0.0,23,30636,买盘
1441,14:06:52,13.32,0.0,287,382239,买盘
1442,14:06:55,13.33,0.01,1,1333,买盘
1443,14:06:58,13.32,-0.01,10,13320,卖盘
1444,14:07:01,13.33,0.01,4,5332,买盘
1445,14:07:04,13.33,0.0,73,97309,买盘
1446,14:07:07,13.33,0.0,2,2666,买盘
1447,14:07:10,13.33,0.0,4,5332,买盘
1448,14:07:13,13.34,0.01,80,106696,买盘
1449,14:07:19,13.34,0.0,20,26680,买盘
1450,14:07:25,13.34,0.0,2,2668,买盘
1451,14:07:28,13.34,0.0,25,33350,买盘
1452,14:07:31,13.35,0.01,60,80041,买盘
1453,14:07:43,13.35,0.0,21,28035,买盘
1454,14:07:55,13.34,-0.01,20,26680,卖盘
1455,14:07:57,13.34,0.0,2,2668,买盘
1456,14:08:01,13.34,0.0,20,26680,买盘
1457,14:08:04,13.35,0.01,80,106765,买盘
1458,14:08:13,13.35,0.0,1,1335,买盘
1459,14:08:16,13.35,0.0,29,38715,买盘
1460,14:08:22,13.34,-0.01,1,1334,卖盘
1461,14:08:24,13.34,0.0,4,5336,买盘
1462,14:08:31,13.34,0.0,7,9338,买盘
1463,14:08:40,13.34,0.0,42,56028,买盘
1464,14:08:49,13.34,0.0,1,1334,买盘
1465,14:08:52,13.33,-0.01,1,1333,卖盘
1466,14:08:55,13.34,0.01,10,13340,买盘
1467,14:09:04,13.34,0.0,24,32016,买盘
1468,14:09:10,13.35,0.01,1,1335,买盘
1469,14:09:13,13.35,0.0,1,1335,买盘
1470,14:09:19,13.35,0.0,2,2670,买盘
1471,14:09:22,13.35,0.0,5,6675,买盘
1472,14:09:31,13.35,0.0,4,5340,买盘
1473,14:09:34,13.35,0.0,5,6675,买盘
1474,14:09:36,13.35,0.0,1,1335,买盘
1475,14:09:43,13.35,0.0,1,1335,买盘
1476,14:09:52,13.35,0.0,2,2670,买盘
1477,14:10:04,13.35,0.0,306,408510,买盘
1478,14:10:07,13.35,0.0,5,6675,卖盘
1479,14:10:15,13.36,0.01,78,104208,买盘
1480,14:10:21,13.36,0.0,30,40080,买盘
1481,14:10:24,13.36,0.0,40,53440,买盘
1482,14:10:31,13.37,0.01,38,50806,买盘
1483,14:10:34,13.37,0.0,14,18718,买盘
1484,14:10:40,13.38,0.01,41,54819,买盘
1485,14:10:45,13.38,0.0,1,1338,买盘
1486,14:10:48,13.38,0.0,4,5352,买盘
1487,14:10:58,13.38,0.0,10,13380,买盘
1488,14:11:01,13.38,0.0,40,53520,买盘
1489,14:11:04,13.38,0.0,51,68238,买盘
1490,14:11:07,13.38,0.0,26,34788,买盘
1491,14:11:10,13.39,0.01,8,10702,买盘
1492,14:11:13,13.37,-0.02,79,105674,卖盘
1493,14:11:19,13.39,0.02,9,12051,买盘
1494,14:11:28,13.39,0.0,5,6695,买盘
1495,14:11:31,13.39,0.0,14,18746,买盘
1496,14:11:37,13.39,0.0,3,4017,买盘
1497,14:11:42,13.39,0.0,2,2678,买盘
1498,14:11:46,13.39,0.0,3,4017,买盘
1499,14:11:49,13.42,0.03,404,541268,买盘
1500,14:12:01,13.39,-0.03,2,2678,买盘
1501,14:12:07,13.39,0.0,6,8034,买盘
1502,14:12:10,13.43,0.04,95,127385,买盘
1503,14:12:16,13.42,-0.01,2,2684,买盘
1504,14:12:22,13.42,0.0,101,135342,买盘
1505,14:12:25,13.43,0.01,22,29531,买盘
1506,14:12:31,13.42,-0.01,1,1342,买盘
1507,14:12:34,13.42,0.0,2,2684,买盘
1508,14:12:37,13.4,-0.02,300,402000,卖盘
1509,14:12:40,13.43,0.03,31,41616,买盘
1510,14:12:42,13.42,-0.01,28,37576,卖盘
1511,14:12:46,13.42,0.0,19,25498,卖盘
1512,14:12:48,13.43,0.01,72,96659,买盘
1513,14:12:55,13.45,0.02,229,307802,买盘
1514,14:12:58,13.45,0.0,10,13450,买盘
1515,14:13:04,13.44,-0.01,80,107456,买盘
1516,14:13:07,13.42,-0.02,1,1342,卖盘
1517,14:13:10,13.43,0.01,3,4029,买盘
1518,14:13:13,13.43,0.0,1,1343,买盘
1519,14:13:15,13.42,-0.01,1,1342,卖盘
1520,14:13:19,13.45,0.03,22,29564,买盘
1521,14:13:25,13.43,-0.02,5,6715,买盘
1522,14:13:28,13.43,0.0,7,9401,买盘
1523,14:13:33,13.42,-0.01,5,6710,卖盘
1524,14:13:40,13.42,0.0,9,12078,卖盘
1525,14:13:42,13.42,0.0,1,1342,买盘
1526,14:13:45,13.42,0.0,3,4026,买盘
1527,14:13:52,13.42,0.0,1,1342,买盘
1528,14:13:58,13.42,0.0,301,403342,买盘
1529,14:14:01,13.42,0.0,2,2684,买盘
1530,14:14:13,13.42,0.0,8,10736,买盘
1531,14:14:16,13.42,0.0,75,100650,买盘
1532,14:14:25,13.42,0.0,2,2684,买盘
1533,14:14:31,13.42,0.0,15,20110,买盘
1534,14:14:34,13.42,0.0,13,17446,买盘
1535,14:14:36,13.42,0.0,10,13420,买盘
1536,14:14:40,13.42,0.0,4,5368,买盘
1537,14:14:46,13.42,0.0,1,1342,买盘
1538,14:14:49,13.42,0.0,16,21472,买盘
1539,14:14:58,13.42,0.0,1,1342,买盘
1540,14:15:04,13.42,0.0,4,5368,买盘
1541,14:15:18,13.41,-0.01,100,134100,卖盘
1542,14:15:21,13.41,0.0,1,1341,买盘
1543,14:15:24,13.4,-0.01,5,6700,卖盘
1544,14:15:28,13.41,0.01,25,33525,买盘
1545,14:15:37,13.41,0.0,1,1341,买盘
1546,14:15:42,13.41,0.0,1,1341,买盘
1547,14:15:45,13.41,0.0,6,8046,买盘
1548,14:15:58,13.41,0.0,2,2682,买盘
1549,14:16:01,13.41,0.0,2,2682,买盘
1550,14:16:06,13.41,0.0,3,4023,买盘
1551,14:16:10,13.41,0.0,1,1341,买盘
1552,14:16:19,13.41,0.0,1,1341,买盘
1553,14:16:24,13.41,0.0,1,1341,买盘
1554,14:16:34,13.4,-0.01,48,64320,卖盘
1555,14:16:49,13.41,0.01,13,17433,买盘
1556,14:17:07,13.41,0.0,3,4023,买盘
1557,14:17:19,13.41,0.0,24,32184,买盘
1558,14:17:22,13.41,0.0,12,16092,买盘
1559,14:17:24,13.4,-0.01,30,40200,卖盘
1560,14:17:34,13.4,0.0,126,168840,卖盘
1561,14:17:36,13.41,0.01,16,21456,买盘
1562,14:17:43,13.41,0.0,17,22782,买盘
1563,14:17:46,13.41,0.0,30,40230,买盘
1564,14:17:52,13.42,0.01,78,104601,买盘
1565,14:17:54,13.42,0.0,1,1342,买盘
1566,14:18:01,13.42,0.0,12,16104,买盘
1567,14:18:07,13.42,0.0,1,1342,买盘
1568,14:18:10,13.42,0.0,21,28182,买盘
1569,14:18:19,13.42,0.0,11,14762,买盘
1570,14:18:22,13.41,-0.01,19,25493,卖盘
1571,14:18:25,13.41,0.0,5,6705,买盘
1572,14:18:31,13.41,0.0,4,5364,买盘
1573,14:18:33,13.41,0.0,21,28161,买盘
1574,14:18:40,13.41,0.0,4,5364,买盘
1575,14:18:43,13.41,0.0,8,10728,买盘
1576,14:18:46,13.41,0.0,6,8046,买盘
1577,14:18:49,13.42,0.01,11,14752,买盘
1578,14:18:52,13.42,0.0,3,4026,买盘
1579,14:18:55,13.42,0.0,12,16104,买盘
1580,14:18:58,13.42,0.0,4,5368,买盘
1581,14:19:01,13.42,0.0,11,14762,买盘
1582,14:19:04,13.42,0.0,15,20130,买盘
1583,14:19:07,13.42,0.0,4,5368,买盘
1584,14:19:13,13.4,-0.02,18,24140,卖盘
1585,14:19:16,13.42,0.02,8,10736,买盘
1586,14:19:21,13.42,0.0,1,1342,买盘
1587,14:19:28,13.42,0.0,2,2684,买盘
1588,14:19:31,13.42,0.0,5,6710,买盘
1589,14:19:40,13.42,0.0,3,4026,买盘
1590,14:19:46,13.42,0.0,2,2684,买盘
1591,14:19:49,13.42,0.0,18,24143,买盘
1592,14:19:54,13.41,-0.01,1,1341,买盘
1593,14:20:01,13.41,0.0,4,5364,买盘
1594,14:20:10,13.41,0.0,1,1341,买盘
1595,14:20:24,13.41,0.0,1,1341,买盘
1596,14:20:43,13.41,0.0,1,1341,买盘
1597,14:21:22,13.41,0.0,21,28161,买盘
1598,14:21:34,13.41,0.0,10,13410,买盘
1599,14:21:37,13.41,0.0,5,6705,买盘
1600,14:21:46,13.41,0.0,3,4023,买盘
1601,14:21:49,13.4,-0.01,10,13400,卖盘
1602,14:21:52,13.41,0.01,5,6705,买盘
1603,14:21:54,13.41,0.0,1,1341,买盘
1604,14:22:01,13.41,0.0,204,273514,买盘
1605,14:22:04,13.41,0.0,6,8046,买盘
1606,14:22:10,13.41,0.0,2,2682,买盘
1607,14:22:16,13.41,0.0,15,20110,买盘
1608,14:22:19,13.41,0.0,39,52299,买盘
1609,14:22:24,13.4,-0.01,4,5360,买盘
1610,14:22:31,13.4,0.0,1,1340,买盘
1611,14:22:34,13.4,0.0,9,12060,买盘
1612,14:22:40,13.4,0.0,1,1340,买盘
1613,14:22:49,13.4,0.0,2,2680,买盘
1614,14:22:58,13.4,0.0,1,1340,买盘
1615,14:23:24,13.38,-0.02,49,65562,卖盘
1616,14:23:34,13.35,-0.03,133,177720,卖盘
1617,14:23:37,13.35,0.0,12,16020,买盘
1618,14:23:40,13.34,-0.01,30,40020,卖盘
1619,14:23:45,13.34,0.0,34,45356,买盘
1620,14:23:55,13.34,0.0,10,13340,买盘
1621,14:24:01,13.34,0.0,3,4002,买盘
1622,14:24:04,13.34,0.0,6,8004,买盘
1623,14:24:09,13.34,0.0,3,4002,买盘
1624,14:24:19,13.35,0.01,2,2670,买盘
1625,14:24:34,13.35,0.0,15,20025,买盘
1626,14:24:39,13.35,0.0,20,26700,买盘
1627,14:24:43,13.35,0.0,3,4005,买盘
1628,14:24:57,13.35,0.0,5,6675,买盘
1629,14:25:04,13.35,0.0,8,10680,买盘
1630,14:25:12,13.35,0.0,2,2670,买盘
1631,14:25:16,13.35,0.0,3,4005,买盘
1632,14:25:28,13.35,0.0,2,2670,买盘
1633,14:25:34,13.34,-0.01,3,4002,卖盘
1634,14:25:37,13.35,0.01,1,1335,买盘
1635,14:25:45,13.35,0.0,2,2670,买盘
1636,14:26:22,13.34,-0.01,7,9338,卖盘
1637,14:26:31,13.34,0.0,3,4002,买盘
1638,14:26:34,13.34,0.0,1,1334,买盘
1639,14:26:42,13.34,0.0,1,1334,买盘
1640,14:27:07,13.33,-0.01,19,25327,卖盘
1641,14:27:16,13.33,0.0,1,1333,买盘
1642,14:27:19,13.34,0.01,12,15997,买盘
1643,14:27:22,13.34,0.0,5,6670,买盘
1644,14:27:28,13.34,0.0,1,1334,买盘
1645,14:27:31,13.34,0.0,5,6670,买盘
1646,14:27:34,13.34,0.0,11,14674,买盘
1647,14:27:43,13.34,0.0,7,9338,买盘
1648,14:27:46,13.35,0.01,4,5340,买盘
1649,14:27:49,13.35,0.0,5,6675,买盘
1650,14:27:55,13.35,0.0,1,1335,买盘
1651,14:28:01,13.35,0.0,25,33375,买盘
1652,14:28:10,13.35,0.0,6,8010,买盘
1653,14:28:22,13.33,-0.02,1,1333,卖盘
1654,14:28:28,13.35,0.02,1,1335,买盘
1655,14:28:33,13.35,0.0,1,1335,买盘
1656,14:28:48,13.35,0.0,3,4005,买盘
1657,14:28:52,13.35,0.0,1,1335,买盘
1658,14:29:13,13.33,-0.02,7,9331,卖盘
1659,14:29:31,13.35,0.02,1,1335,买盘
1660,14:29:34,13.34,-0.01,1,1334,卖盘
1661,14:29:46,13.35,0.01,1,1335,买盘
1662,14:30:04,13.35,0.0,8,10680,买盘
1663,14:30:19,13.35,0.0,2,2670,买盘
1664,14:30:25,13.35,0.0,5,6675,买盘
1665,14:30:34,13.35,0.0,1,1335,买盘
1666,14:30:40,13.35,0.0,4,5340,买盘
1667,14:30:43,13.35,0.0,1,1335,买盘
1668,14:30:52,13.35,0.0,1,1335,买盘
1669,14:30:58,13.35,0.0,22,29350,买盘
1670,14:31:16,13.35,0.0,5,6675,买盘
1671,14:31:25,13.35,0.0,1,1335,买盘
1672,14:31:31,13.35,0.0,1,1335,买盘
1673,14:31:34,13.34,-0.01,12,16008,卖盘
1674,14:31:40,13.35,0.01,1,1335,买盘
1675,14:31:46,13.35,0.0,1,1335,买盘
1676,14:31:49,13.35,0.0,2,2670,买盘
1677,14:31:52,13.35,0.0,29,38698,买盘
1678,14:32:04,13.35,0.0,8,10680,买盘
1679,14:32:07,13.35,0.0,2,2670,买盘
1680,14:32:19,13.35,0.0,3,4005,买盘
1681,14:32:25,13.33,-0.02,10,13339,卖盘
1682,14:32:34,13.35,0.02,3,4005,买盘
1683,14:32:48,13.35,0.0,220,293700,买盘
1684,14:32:52,13.33,-0.02,15,20005,卖盘
1685,14:32:55,13.35,0.02,30,40050,买盘
1686,14:33:04,13.35,0.0,14,18690,买盘
1687,14:33:07,13.36,0.01,65,86811,买盘
1688,14:33:16,13.36,0.0,4,5344,买盘
1689,14:33:19,13.36,0.0,1,1336,买盘
1690,14:33:22,13.36,0.0,5,6680,买盘
1691,14:33:25,13.34,-0.02,61,81396,中性盘
1692,14:33:31,13.36,0.02,1,1336,买盘
1693,14:33:36,13.38,0.02,15,20042,买盘
1694,14:33:40,13.38,0.0,16,21408,买盘
1695,14:33:52,13.33,-0.05,51,68078,卖盘
1696,14:33:54,13.4,0.07,20,26782,买盘
1697,14:34:00,13.4,0.0,1,1340,买盘
1698,14:34:04,13.4,0.0,12,16080,买盘
1699,14:34:10,13.4,0.0,7,9380,买盘
1700,14:34:16,13.34,-0.06,12,16009,卖盘
1701,14:34:19,13.4,0.06,3,4020,买盘
1702,14:34:25,13.4,0.0,6,8040,买盘
1703,14:34:28,13.4,0.0,18,24042,买盘
1704,14:34:31,13.4,0.0,11,14740,买盘
1705,14:34:34,13.4,0.0,2,2680,买盘
1706,14:34:37,13.4,0.0,11,14740,买盘
1707,14:34:43,13.4,0.0,8,10720,买盘
1708,14:34:52,13.4,0.0,6,8040,买盘
1709,14:34:58,13.4,0.0,1,1340,买盘
1710,14:35:01,13.4,0.0,1,1340,买盘
1711,14:35:06,13.39,-0.01,1,1339,买盘
1712,14:35:16,13.39,0.0,1,1339,买盘
1713,14:35:40,13.38,-0.01,1,1338,买盘
1714,14:35:43,13.34,-0.04,226,301491,卖盘
1715,14:35:49,13.34,0.0,5,6670,买盘
1716,14:35:55,13.34,0.0,57,76038,买盘
1717,14:36:04,13.35,0.01,25,33351,买盘
1718,14:36:07,13.34,-0.01,6,8004,卖盘
1719,14:36:10,13.34,0.0,10,13340,卖盘
1720,14:36:13,13.35,0.01,13,17355,买盘
1721,14:36:16,13.34,-0.01,5,6670,卖盘
1722,14:36:18,13.34,0.0,6,8004,买盘
1723,14:36:22,13.34,0.0,6,8004,买盘
1724,14:36:28,13.35,0.01,8,10679,买盘
1725,14:36:37,13.35,0.0,1,1335,买盘
1726,14:36:40,13.33,-0.02,10,13330,卖盘
1727,14:36:43,13.35,0.02,3,4005,买盘
1728,14:36:49,13.35,0.0,10,13350,买盘
1729,14:36:51,13.35,0.0,3,4005,买盘
1730,14:36:58,13.35,0.0,10,13350,买盘
1731,14:37:01,13.35,0.0,1,1335,买盘
1732,14:37:04,13.35,0.0,7,9345,买盘
1733,14:37:07,13.36,0.01,3,4008,买盘
1734,14:37:16,13.36,0.0,5,6680,买盘
1735,14:37:19,13.36,0.0,1,1336,买盘
1736,14:37:34,13.36,0.0,1,1336,买盘
1737,14:37:46,13.35,-0.01,22,29375,卖盘
1738,14:37:55,13.35,0.0,6,8010,买盘
1739,14:38:04,13.35,0.0,2,2670,买盘
1740,14:38:10,13.33,-0.02,3,3999,卖盘
1741,14:38:28,13.35,0.02,1,1335,买盘
1742,14:38:43,13.33,-0.02,14,18662,卖盘
1743,14:39:01,13.35,0.02,3,4005,买盘
1744,14:39:15,13.35,0.0,1,1335,买盘
1745,14:39:25,13.35,0.0,1,1335,买盘
1746,14:40:07,13.33,-0.02,10,13330,卖盘
1747,14:40:19,13.35,0.02,3,4005,买盘
1748,14:40:25,13.33,-0.02,10,13330,卖盘
1749,14:40:31,13.35,0.02,3,4005,买盘
1750,14:40:43,13.35,0.0,4,5340,买盘
1751,14:40:54,13.33,-0.02,1,1333,卖盘
1752,14:41:06,13.35,0.02,1,1335,买盘
1753,14:41:28,13.33,-0.02,10,13330,卖盘
1754,14:41:37,13.35,0.02,1,1335,买盘
1755,14:41:40,13.35,0.0,4,5340,买盘
1756,14:41:49,13.33,-0.02,10,13330,卖盘
1757,14:42:04,13.35,0.02,1,1335,买盘
1758,14:42:07,13.35,0.0,2,2670,买盘
1759,14:42:22,13.35,0.0,1,1335,买盘
1760,14:42:34,13.33,-0.02,5,6665,卖盘
1761,14:42:52,13.34,0.01,1,1334,买盘
1762,14:43:15,13.33,-0.01,10,13330,卖盘
1763,14:43:22,13.33,0.0,2,2666,卖盘
1764,14:43:25,13.33,0.0,17,22661,卖盘
1765,14:43:34,13.33,0.0,3,3999,买盘
1766,14:43:37,13.32,-0.01,18,23976,卖盘
1767,14:43:43,13.31,-0.01,28,37272,卖盘
1768,14:43:46,13.31,0.0,15,19965,卖盘
1769,14:43:49,13.31,0.0,6,7986,买盘
1770,14:43:58,13.31,0.0,10,13310,买盘
1771,14:44:00,13.3,-0.01,14,18620,卖盘
1772,14:44:04,13.31,0.01,1,1331,买盘
1773,14:44:12,13.31,0.0,4,5324,买盘
1774,14:44:19,13.31,0.0,1,1331,买盘
1775,14:44:22,13.31,0.0,5,6655,买盘
1776,14:44:25,13.3,-0.01,35,46550,卖盘
1777,14:44:27,13.3,0.0,10,13300,卖盘
1778,14:44:34,13.29,-0.01,28,37223,卖盘
1779,14:44:37,13.29,0.0,9,11961,买盘
1780,14:44:40,13.28,-0.01,12,15936,卖盘
1781,14:44:43,13.28,0.0,1,1328,买盘
1782,14:44:46,13.29,0.01,10,13282,买盘
1783,14:44:52,13.29,0.0,14,18586,买盘
1784,14:45:01,13.29,0.0,2,2658,买盘
1785,14:45:04,13.28,-0.01,5,6640,卖盘
1786,14:45:07,13.28,0.0,2,2656,卖盘
1787,14:45:10,13.28,0.0,5,6640,买盘
1788,14:45:13,13.28,0.0,1,1328,买盘
1789,14:45:16,13.28,0.0,12,15926,买盘
1790,14:45:19,13.28,0.0,1,1328,买盘
1791,14:45:22,13.26,-0.02,7,9286,卖盘
1792,14:45:25,13.26,0.0,21,27848,卖盘
1793,14:45:34,13.28,0.02,42,55776,买盘
1794,14:45:39,13.28,0.0,9,11952,买盘
1795,14:45:49,13.28,0.0,10,13280,买盘
1796,14:45:51,13.26,-0.02,16,21216,卖盘
1797,14:45:58,13.26,0.0,2,2652,买盘
1798,14:46:01,13.26,0.0,5,6630,买盘
1799,14:46:04,13.26,0.0,8,10608,买盘
1800,14:46:07,13.26,0.0,122,161772,买盘
1801,14:46:12,13.28,0.02,4,5312,买盘
1802,14:46:16,13.26,-0.02,4,5304,卖盘
1803,14:46:18,13.28,0.02,1,1328,买盘
1804,14:46:22,13.28,0.0,32,42496,买盘
1805,14:46:25,13.25,-0.03,10,13256,卖盘
1806,14:46:28,13.27,0.02,3,3977,中性盘
1807,14:46:31,13.27,0.0,3,3981,买盘
1808,14:46:34,13.3,0.03,35,46500,买盘
1809,14:46:43,13.32,0.02,1,1332,买盘
1810,14:46:46,13.32,0.0,12,15984,买盘
1811,14:46:49,13.3,-0.02,4,5320,卖盘
1812,14:46:51,13.32,0.02,1,1332,买盘
1813,14:47:00,13.32,0.0,4,5328,买盘
1814,14:47:04,13.3,-0.02,17,22610,卖盘
1815,14:47:16,13.3,0.0,10,13304,卖盘
1816,14:47:19,13.32,0.02,4,5328,买盘
1817,14:47:28,13.3,-0.02,1,1330,卖盘
1818,14:47:31,13.31,0.01,1,1331,买盘
1819,14:47:33,13.31,0.0,4,5324,买盘
1820,14:47:43,13.3,-0.01,12,15960,卖盘
1821,14:47:49,13.3,0.0,5,6651,卖盘
1822,14:47:52,13.3,0.0,5,6650,卖盘
1823,14:47:58,13.3,0.0,3,3990,买盘
1824,14:48:04,13.3,0.0,2,2660,买盘
1825,14:48:10,13.28,-0.02,11,14608,卖盘
1826,14:48:13,13.3,0.02,1,1330,买盘
1827,14:48:22,13.3,0.0,1,1330,买盘
1828,14:48:25,13.3,0.0,5,6650,买盘
1829,14:48:28,13.3,0.0,1,1330,买盘
1830,14:48:31,13.3,0.0,2,2660,买盘
1831,14:48:37,13.3,0.0,1,1330,买盘
1832,14:48:43,13.3,0.0,3,3990,买盘
1833,14:48:52,13.28,-0.02,10,13280,卖盘
1834,14:48:55,13.3,0.02,1,1330,买盘
1835,14:49:00,13.3,0.0,4,5320,买盘
1836,14:49:09,13.3,0.0,18,23940,买盘
1837,14:49:52,13.3,0.0,2,2660,买盘
1838,14:50:06,13.28,-0.02,10,13280,卖盘
1839,14:50:10,13.28,0.0,70,92960,卖盘
1840,14:50:19,13.29,0.01,1,1329,买盘
1841,14:50:25,13.29,0.0,1,1329,买盘
1842,14:50:33,13.28,-0.01,54,70623,卖盘
1843,14:50:43,13.28,0.0,3,3984,买盘
1844,14:50:58,13.28,0.0,2,2656,买盘
1845,14:51:01,13.26,-0.02,3,3978,卖盘
1846,14:51:37,13.26,0.0,5,6630,卖盘
1847,14:51:40,13.26,0.0,48,63648,卖盘
1848,14:51:43,13.25,-0.01,10,13250,卖盘
1849,14:51:45,13.25,0.0,1,1325,卖盘
1850,14:51:48,13.26,0.01,16,21216,买盘
1851,14:52:01,13.25,-0.01,10,13250,卖盘
1852,14:52:07,13.25,0.0,3,3975,卖盘
1853,14:52:13,13.25,0.0,20,26500,卖盘
1854,14:52:19,13.26,0.01,7,9282,买盘
1855,14:52:46,13.26,0.0,10,14347,卖盘
1856,14:52:48,13.25,-0.01,88,115566,卖盘
1857,14:52:51,13.25,0.0,30,39750,买盘
1858,14:53:04,13.24,-0.01,11,14564,卖盘
1859,14:53:07,13.25,0.01,2,2650,买盘
1860,14:53:09,13.24,-0.01,3,3972,卖盘
1861,14:53:13,13.24,0.0,41,54284,卖盘
1862,14:53:15,13.22,-0.02,97,128295,卖盘
1863,14:53:22,13.22,0.0,3,3966,买盘
1864,14:53:25,13.24,0.02,10,13240,买盘
1865,14:53:33,13.23,-0.01,7,9261,卖盘
1866,14:53:40,13.23,0.0,21,27783,卖盘
1867,14:53:49,13.21,-0.02,101,133486,卖盘
1868,14:53:55,13.21,0.0,3,3963,买盘
1869,14:53:57,13.21,0.0,39,51519,买盘
1870,14:54:01,13.23,0.02,50,66114,买盘
1871,14:54:04,13.23,0.0,57,75305,买盘
1872,14:54:10,13.2,-0.03,4,5282,卖盘
1873,14:54:31,13.23,0.03,6,7938,卖盘
1874,14:54:39,13.21,-0.02,3,3963,卖盘
1875,14:54:48,13.21,0.0,5,6605,卖盘
1876,14:54:54,13.23,0.02,30,39690,买盘
1877,14:54:57,13.23,0.0,10,13230,买盘
1878,14:55:10,13.22,-0.01,4,5288,卖盘
1879,14:55:13,13.23,0.01,2,2646,买盘
1880,14:55:19,13.23,0.0,1,1323,买盘
1881,14:55:22,13.22,-0.01,59,77998,卖盘
1882,14:55:24,13.23,0.01,2,2645,买盘
1883,14:55:27,13.23,0.0,1,1323,卖盘
1884,14:55:30,13.23,0.0,11,14553,卖盘
1885,14:55:40,13.2,-0.03,214,282643,卖盘
1886,14:55:43,13.2,0.0,44,58080,买盘
1887,14:55:45,13.2,0.0,6,7920,买盘
1888,14:55:48,13.2,0.0,15,19800,买盘
1889,14:55:52,13.2,0.0,87,114840,买盘
1890,14:55:58,13.19,-0.01,6,7915,卖盘
1891,14:56:01,13.2,0.01,40,52790,买盘
1892,14:56:07,13.18,-0.02,269,354679,卖盘
1893,14:56:13,13.2,0.02,22,29040,卖盘
1894,14:56:25,13.19,-0.01,5,6595,卖盘
1895,14:56:31,13.2,0.01,30,39600,买盘
1896,14:56:34,13.2,0.0,57,75240,买盘
1897,14:56:37,13.2,0.0,10,13200,卖盘
1898,14:56:46,13.2,0.0,58,76560,卖盘
1899,14:56:49,13.19,-0.01,40,52767,卖盘
1900,14:56:51,13.16,-0.03,501,659909,卖盘
1901,14:57:04,13.2,0.04,10,13200,卖盘
1902,15:00:05,13.19,-0.01,352,464288,卖盘
