,time,price,change,volume,amount,type
0,09:25:05,17.18,1.56,11357,19512683,卖盘
1,09:30:04,17.18,0.0,2643,4540674,卖盘
2,09:30:07,17.18,0.0,4660,8006069,卖盘
3,09:30:10,17.18,0.0,2406,4133508,卖盘
4,09:30:13,17.18,0.0,580,996440,卖盘
5,09:30:16,17.18,0.0,961,1650998,卖盘
6,09:30:19,17.18,0.0,670,1151060,卖盘
7,09:30:22,17.18,0.0,229,393422,卖盘
8,09:30:26,17.18,0.0,164,281752,卖盘
9,09:30:28,17.18,0.0,79,135722,卖盘
10,09:30:31,17.18,0.0,73,125414,卖盘
11,09:30:34,17.18,0.0,17,29206,卖盘
12,09:30:37,17.18,0.0,56,96208,卖盘
13,09:30:40,17.18,0.0,1,1718,卖盘
14,09:30:43,17.18,0.0,6,10308,卖盘
15,09:30:46,17.18,0.0,16,27488,卖盘
16,09:30:49,17.18,0.0,37,63566,卖盘
17,09:30:52,17.18,0.0,10,17180,卖盘
18,09:30:55,17.18,0.0,9,15462,卖盘
19,09:31:01,17.18,0.0,36,61848,卖盘
20,09:31:04,17.18,0.0,9,15462,卖盘
21,09:31:07,17.18,0.0,21,36078,卖盘
22,09:31:10,17.18,0.0,37,63566,卖盘
23,09:31:13,17.18,0.0,33,56694,卖盘
24,09:31:16,17.18,0.0,17,29206,卖盘
25,09:31:19,17.18,0.0,10,17180,卖盘
26,09:31:22,17.18,0.0,23,39514,卖盘
27,09:31:25,17.18,0.0,8,13744,卖盘
28,09:31:28,17.18,0.0,2,3436,卖盘
29,09:31:31,17.18,0.0,35,60130,卖盘
30,09:31:34,17.18,0.0,7,12026,卖盘
31,09:31:40,17.18,0.0,1,1718,卖盘
32,09:31:43,17.18,0.0,2,3436,卖盘
33,09:31:46,17.18,0.0,18,30924,卖盘
34,09:31:49,17.18,0.0,8,13744,卖盘
35,09:31:52,17.18,0.0,7,12026,卖盘
36,09:31:55,17.18,0.0,14,24052,卖盘
37,09:31:58,17.18,0.0,24,41232,卖盘
38,09:32:04,17.18,0.0,11,18898,卖盘
39,09:32:10,17.18,0.0,36,61848,卖盘
40,09:32:13,17.18,0.0,5,8590,卖盘
41,09:32:16,17.18,0.0,6,10308,卖盘
42,09:32:19,17.18,0.0,80,137440,卖盘
43,09:32:22,17.18,0.0,79,135722,卖盘
44,09:32:25,17.18,0.0,1,1718,卖盘
45,09:32:28,17.18,0.0,36,61848,卖盘
46,09:32:31,17.18,0.0,4,6872,卖盘
47,09:32:37,17.18,0.0,76,129022,卖盘
48,09:32:40,17.18,0.0,112,192416,卖盘
49,09:32:43,17.18,0.0,10,17180,卖盘
50,09:32:46,17.18,0.0,1,1718,卖盘
51,09:32:49,17.18,0.0,1,1718,卖盘
52,09:32:52,17.18,0.0,18,30924,卖盘
53,09:32:55,17.18,0.0,1,1718,卖盘
54,09:33:04,17.18,0.0,1,1718,卖盘
55,09:33:07,17.18,0.0,5,8590,卖盘
56,09:33:10,17.18,0.0,11,18898,卖盘
57,09:33:13,17.18,0.0,4,6872,卖盘
58,09:33:16,17.18,0.0,10,17180,卖盘
59,09:33:19,17.18,0.0,52,89336,卖盘
60,09:33:22,17.18,0.0,6,10308,卖盘
61,09:33:25,17.18,0.0,4,6872,卖盘
62,09:33:28,17.18,0.0,2,3436,卖盘
63,09:33:31,17.18,0.0,42,72156,卖盘
64,09:33:37,17.18,0.0,8,13744,卖盘
65,09:33:40,17.18,0.0,17,29206,卖盘
66,09:33:46,17.18,0.0,14,24052,卖盘
67,09:33:49,17.18,0.0,10,17180,卖盘
68,09:33:52,17.18,0.0,5,8590,卖盘
69,09:33:55,17.18,0.0,192,329856,卖盘
70,09:33:58,17.18,0.0,3,5154,卖盘
71,09:34:01,17.18,0.0,1,1718,卖盘
72,09:34:04,17.18,0.0,1,1718,卖盘
73,09:34:07,17.18,0.0,9,15462,卖盘
74,09:34:10,17.18,0.0,2,3436,卖盘
75,09:34:22,17.18,0.0,3,5154,卖盘
76,09:34:25,17.18,0.0,33,56694,卖盘
77,09:34:28,17.18,0.0,11,18898,卖盘
78,09:34:34,17.18,0.0,8,13744,卖盘
79,09:34:37,17.18,0.0,36,61848,卖盘
80,09:34:40,17.18,0.0,8,13744,卖盘
81,09:34:43,17.18,0.0,26,44668,卖盘
82,09:34:46,17.18,0.0,10,17180,卖盘
83,09:34:49,17.18,0.0,13,22334,卖盘
84,09:34:52,17.18,0.0,2,3436,卖盘
85,09:34:58,17.18,0.0,6,10308,卖盘
86,09:35:07,17.18,0.0,50,85900,卖盘
87,09:35:10,17.18,0.0,18,30924,卖盘
88,09:35:13,17.18,0.0,5,8590,卖盘
89,09:35:17,17.18,0.0,30,51540,卖盘
90,09:35:19,17.18,0.0,14,24052,卖盘
91,09:35:22,17.18,0.0,2,3436,卖盘
92,09:35:25,17.18,0.0,13,22334,卖盘
93,09:35:28,17.18,0.0,26,44668,卖盘
94,09:35:31,17.18,0.0,7,12026,卖盘
95,09:35:34,17.18,0.0,18,30924,卖盘
96,09:35:37,17.18,0.0,24,41232,卖盘
97,09:35:40,17.18,0.0,8,13744,卖盘
98,09:35:43,17.18,0.0,70,120260,卖盘
99,09:35:46,17.18,0.0,4,6872,卖盘
100,09:35:49,17.18,0.0,34,58412,卖盘
101,09:35:52,17.18,0.0,56,96208,卖盘
102,09:35:55,17.18,0.0,41,70438,卖盘
103,09:35:58,17.18,0.0,73,125414,卖盘
104,09:36:01,17.18,0.0,21,36078,卖盘
105,09:36:05,17.18,0.0,106,182108,卖盘
106,09:36:07,17.18,0.0,4,6872,卖盘
107,09:36:10,17.18,0.0,6,10308,卖盘
108,09:36:13,17.18,0.0,15,25770,卖盘
109,09:36:16,17.18,0.0,57,97926,卖盘
110,09:36:19,17.18,0.0,111,190698,卖盘
111,09:36:22,17.18,0.0,38,65284,卖盘
112,09:36:25,17.18,0.0,48,82464,卖盘
113,09:36:28,17.18,0.0,95,163210,卖盘
114,09:36:31,17.18,0.0,15,25770,卖盘
115,09:36:34,17.18,0.0,148,254264,卖盘
116,09:36:37,17.18,0.0,39,67002,卖盘
117,09:36:40,17.18,0.0,26,44668,卖盘
118,09:36:43,17.18,0.0,82,140876,卖盘
119,09:36:46,17.18,0.0,11,18898,卖盘
120,09:36:49,17.18,0.0,24,41232,卖盘
121,09:36:52,17.18,0.0,4,6872,卖盘
122,09:36:55,17.18,0.0,11,18898,卖盘
123,09:36:58,17.18,0.0,62,106516,卖盘
124,09:37:01,17.18,0.0,75,128850,卖盘
125,09:37:04,17.18,0.0,4,6872,卖盘
126,09:37:07,17.18,0.0,20,34360,卖盘
127,09:37:10,17.18,0.0,54,92772,卖盘
128,09:37:13,17.18,0.0,3,5154,卖盘
129,09:37:16,17.18,0.0,13,22334,卖盘
130,09:37:19,17.18,0.0,22,37796,卖盘
131,09:37:22,17.18,0.0,23,39514,卖盘
132,09:37:25,17.18,0.0,10,17180,卖盘
133,09:37:28,17.18,0.0,6,10308,卖盘
134,09:37:31,17.18,0.0,32,54976,卖盘
135,09:37:34,17.18,0.0,12,20616,卖盘
136,09:37:37,17.18,0.0,12,20616,卖盘
137,09:37:43,17.18,0.0,1,1718,卖盘
138,09:37:46,17.18,0.0,5,8590,卖盘
139,09:37:49,17.18,0.0,11,18898,卖盘
140,09:37:52,17.18,0.0,2,3436,卖盘
141,09:37:55,17.18,0.0,7,12026,卖盘
142,09:37:58,17.18,0.0,46,79028,卖盘
143,09:38:01,17.18,0.0,10,17180,卖盘
144,09:38:04,17.18,0.0,35,60130,卖盘
145,09:38:13,17.18,0.0,2,3436,卖盘
146,09:38:16,17.18,0.0,11,18898,卖盘
147,09:38:19,17.18,0.0,20,34360,卖盘
148,09:38:22,17.18,0.0,38,65284,卖盘
149,09:38:25,17.18,0.0,1,1718,卖盘
150,09:38:28,17.18,0.0,64,109952,卖盘
151,09:38:31,17.18,0.0,70,120260,卖盘
152,09:38:40,17.18,0.0,8,13744,卖盘
153,09:38:43,17.18,0.0,9,15462,卖盘
154,09:38:46,17.18,0.0,43,73874,卖盘
155,09:38:49,17.18,0.0,53,91054,卖盘
156,09:38:52,17.18,0.0,38,65284,卖盘
157,09:38:55,17.18,0.0,22,37796,卖盘
158,09:38:58,17.18,0.0,5,8590,卖盘
159,09:39:04,17.18,0.0,2,3436,卖盘
160,09:39:07,17.18,0.0,6,10308,卖盘
161,09:39:13,17.18,0.0,2,3436,卖盘
162,09:39:19,17.18,0.0,5,8590,卖盘
163,09:39:22,17.18,0.0,18,30924,卖盘
164,09:39:25,17.18,0.0,30,51540,卖盘
165,09:39:34,17.18,0.0,10,17180,卖盘
166,09:39:37,17.18,0.0,15,25770,卖盘
167,09:39:40,17.18,0.0,11,18898,卖盘
168,09:39:43,17.18,0.0,1,1718,卖盘
169,09:39:46,17.18,0.0,1,1718,卖盘
170,09:39:49,17.18,0.0,3,5154,卖盘
171,09:39:52,17.18,0.0,10,17180,卖盘
172,09:39:55,17.18,0.0,23,39514,卖盘
173,09:40:01,17.18,0.0,6,10308,卖盘
174,09:40:07,17.18,0.0,5,8590,卖盘
175,09:40:10,17.18,0.0,9,15462,卖盘
176,09:40:13,17.18,0.0,146,250828,卖盘
177,09:40:16,17.18,0.0,5,8590,卖盘
178,09:40:22,17.18,0.0,10,17180,卖盘
179,09:40:28,17.18,0.0,31,53258,卖盘
180,09:40:31,17.18,0.0,1,1718,卖盘
181,09:40:37,17.18,0.0,5,8590,卖盘
182,09:40:40,17.18,0.0,154,264572,卖盘
183,09:40:46,17.18,0.0,1,1718,卖盘
184,09:40:49,17.18,0.0,1,1718,卖盘
185,09:40:52,17.18,0.0,13,22334,卖盘
186,09:40:55,17.18,0.0,10,17180,卖盘
187,09:40:58,17.18,0.0,1,1718,卖盘
188,09:41:01,17.18,0.0,28,48104,卖盘
189,09:41:04,17.18,0.0,55,94490,卖盘
190,09:41:10,17.18,0.0,1,1718,卖盘
191,09:41:16,17.18,0.0,4,6872,卖盘
192,09:41:22,17.18,0.0,4,6872,卖盘
193,09:41:25,17.18,0.0,84,144312,卖盘
194,09:41:28,17.18,0.0,1,1718,卖盘
195,09:41:37,17.18,0.0,2,3436,卖盘
196,09:41:40,17.18,0.0,32,54976,卖盘
197,09:41:43,17.18,0.0,1,1718,卖盘
198,09:41:46,17.18,0.0,2,3436,卖盘
199,09:41:49,17.18,0.0,4,6872,卖盘
200,09:41:52,17.18,0.0,1,1718,卖盘
201,09:41:55,17.18,0.0,12,20616,卖盘
202,09:41:58,17.18,0.0,95,163210,卖盘
203,09:42:13,17.18,0.0,15,25770,卖盘
204,09:42:16,17.18,0.0,1,1718,卖盘
205,09:42:19,17.18,0.0,13,22334,卖盘
206,09:42:22,17.18,0.0,6,10308,卖盘
207,09:42:25,17.18,0.0,3,5154,卖盘
208,09:42:43,17.18,0.0,29,49822,卖盘
209,09:42:52,17.18,0.0,8,13744,卖盘
210,09:42:55,17.18,0.0,9,15462,卖盘
211,09:42:58,17.18,0.0,1,1718,卖盘
212,09:43:05,17.18,0.0,46,79028,卖盘
213,09:43:07,17.18,0.0,10,17180,卖盘
214,09:43:16,17.18,0.0,5,8590,卖盘
215,09:43:19,17.18,0.0,1,1718,卖盘
216,09:43:22,17.18,0.0,4,6872,卖盘
217,09:43:25,17.18,0.0,3,5154,卖盘
218,09:43:31,17.18,0.0,2,3436,卖盘
219,09:43:43,17.18,0.0,15,25770,卖盘
220,09:43:49,17.18,0.0,15,25770,卖盘
221,09:43:58,17.18,0.0,3,5154,卖盘
222,09:44:01,17.18,0.0,9,15462,卖盘
223,09:44:07,17.18,0.0,1,1718,卖盘
224,09:44:10,17.18,0.0,1,1718,卖盘
225,09:44:19,17.18,0.0,42,72156,卖盘
226,09:44:22,17.18,0.0,30,51540,卖盘
227,09:44:25,17.18,0.0,5,8590,卖盘
228,09:44:28,17.18,0.0,1,1718,卖盘
229,09:44:31,17.18,0.0,7,12026,卖盘
230,09:44:34,17.18,0.0,15,25770,卖盘
231,09:44:37,17.18,0.0,13,22334,卖盘
232,09:44:40,17.18,0.0,3,5154,卖盘
233,09:44:43,17.18,0.0,60,103080,卖盘
234,09:44:46,17.18,0.0,52,89336,卖盘
235,09:44:52,17.18,0.0,28,48104,卖盘
236,09:44:55,17.18,0.0,28,48104,卖盘
237,09:45:01,17.18,0.0,60,103080,卖盘
238,09:45:04,17.18,0.0,10,17180,卖盘
239,09:45:10,17.18,0.0,14,24052,卖盘
240,09:45:13,17.18,0.0,3,5154,卖盘
241,09:45:16,17.18,0.0,91,156338,卖盘
242,09:45:28,17.18,0.0,11,18898,卖盘
243,09:45:31,17.18,0.0,54,92772,卖盘
244,09:45:34,17.18,0.0,15,25770,卖盘
245,09:45:43,17.18,0.0,1,1718,卖盘
246,09:45:52,17.18,0.0,17,29206,卖盘
247,09:45:58,17.18,0.0,46,79028,卖盘
248,09:46:01,17.18,0.0,1,1718,卖盘
249,09:46:07,17.18,0.0,1,1718,卖盘
250,09:46:10,17.18,0.0,16,27488,卖盘
251,09:46:13,17.18,0.0,2,3436,卖盘
252,09:46:22,17.18,0.0,25,42950,卖盘
253,09:46:28,17.18,0.0,3,5154,卖盘
254,09:46:31,17.18,0.0,20,34360,卖盘
255,09:46:34,17.18,0.0,3,5154,卖盘
256,09:46:40,17.18,0.0,1,1718,卖盘
257,09:46:43,17.18,0.0,2,3436,卖盘
258,09:46:46,17.18,0.0,22,37796,卖盘
259,09:46:52,17.18,0.0,9,15462,卖盘
260,09:47:07,17.18,0.0,15,25770,卖盘
261,09:47:10,17.18,0.0,1,1718,卖盘
262,09:47:16,17.18,0.0,5,8590,卖盘
263,09:47:22,17.18,0.0,3,5154,卖盘
264,09:47:31,17.18,0.0,3,5154,卖盘
265,09:47:37,17.18,0.0,1,1718,卖盘
266,09:47:46,17.18,0.0,40,68720,卖盘
267,09:48:01,17.18,0.0,2,3436,卖盘
268,09:48:13,17.18,0.0,6,10308,卖盘
269,09:48:16,17.18,0.0,2,3436,卖盘
270,09:48:19,17.18,0.0,2,3436,卖盘
271,09:48:22,17.18,0.0,2,3436,卖盘
272,09:48:25,17.18,0.0,15,25770,卖盘
273,09:48:43,17.18,0.0,20,34360,卖盘
274,09:48:46,17.18,0.0,8,13744,卖盘
275,09:48:49,17.18,0.0,12,20616,卖盘
276,09:48:52,17.18,0.0,1,1718,卖盘
277,09:48:58,17.18,0.0,4,6872,卖盘
278,09:49:10,17.18,0.0,29,49822,卖盘
279,09:49:13,17.18,0.0,5,8590,卖盘
280,09:49:16,17.18,0.0,6,10308,卖盘
281,09:49:19,17.18,0.0,22,37796,卖盘
282,09:49:28,17.18,0.0,11,18898,卖盘
283,09:49:34,17.18,0.0,5,8590,卖盘
284,09:49:40,17.18,0.0,2,3436,卖盘
285,09:49:43,17.18,0.0,3,5154,卖盘
286,09:49:46,17.18,0.0,4,6872,卖盘
287,09:49:49,17.18,0.0,12,20616,卖盘
288,09:49:55,17.18,0.0,5,8590,卖盘
289,09:50:01,17.18,0.0,5,8590,卖盘
290,09:50:04,17.18,0.0,25,42950,卖盘
291,09:50:10,17.18,0.0,23,39514,卖盘
292,09:50:13,17.18,0.0,1,1718,卖盘
293,09:50:19,17.18,0.0,31,53258,卖盘
294,09:50:22,17.18,0.0,10,17180,卖盘
295,09:50:28,17.18,0.0,6,10308,卖盘
296,09:50:31,17.18,0.0,1,1718,卖盘
297,09:50:34,17.18,0.0,300,515400,卖盘
298,09:50:43,17.18,0.0,2,3436,卖盘
299,09:50:49,17.18,0.0,5,8590,卖盘
300,09:50:55,17.18,0.0,12,20616,卖盘
301,09:51:01,17.18,0.0,5,8590,卖盘
302,09:51:04,17.18,0.0,5,8590,卖盘
303,09:51:16,17.18,0.0,2,3436,卖盘
304,09:51:22,17.18,0.0,6,10308,卖盘
305,09:51:25,17.18,0.0,17,29206,卖盘
306,09:51:28,17.18,0.0,1,1718,卖盘
307,09:51:31,17.18,0.0,7,12026,卖盘
308,09:51:34,17.18,0.0,3,5154,卖盘
309,09:51:37,17.18,0.0,3,5154,卖盘
310,09:51:40,17.18,0.0,18,30924,卖盘
311,09:51:52,17.18,0.0,1,1718,卖盘
312,09:51:55,17.18,0.0,7,12026,卖盘
313,09:52:01,17.18,0.0,10,17180,卖盘
314,09:52:04,17.18,0.0,6,10308,卖盘
315,09:52:16,17.18,0.0,119,204442,卖盘
316,09:52:19,17.18,0.0,1,1718,卖盘
317,09:52:25,17.18,0.0,10,17180,卖盘
318,09:52:37,17.18,0.0,3,5154,卖盘
319,09:52:40,17.18,0.0,7,12026,卖盘
320,09:52:46,17.18,0.0,15,25770,卖盘
321,09:52:49,17.18,0.0,1,1718,卖盘
322,09:52:52,17.18,0.0,4,6872,卖盘
323,09:52:55,17.18,0.0,1503,2582154,卖盘
324,09:52:58,17.18,0.0,313,537734,卖盘
325,09:53:01,17.18,0.0,74,127132,卖盘
326,09:53:04,17.18,0.0,168,288624,卖盘
327,09:53:07,17.18,0.0,17,29206,卖盘
328,09:53:10,17.18,0.0,143,245674,卖盘
329,09:53:13,17.18,0.0,37,63566,卖盘
330,09:53:16,17.18,0.0,228,391704,卖盘
331,09:53:19,17.18,0.0,618,1061724,卖盘
332,09:53:22,17.18,0.0,4982,8559076,卖盘
333,09:53:25,17.18,0.0,1968,3381024,卖盘
334,09:53:28,17.0,-0.18,2285,3923743,卖盘
335,09:53:31,16.73,-0.27,261,439463,卖盘
336,09:53:34,17.0,0.27,118,199869,买盘
337,09:53:37,16.99,-0.01,151,253348,中性盘
338,09:53:40,16.99,0.0,77,130675,买盘
339,09:53:43,17.0,0.01,23,39165,卖盘
340,09:53:46,16.97,-0.03,89,150969,卖盘
341,09:53:49,17.0,0.03,199,337579,买盘
342,09:53:52,16.99,-0.01,137,233395,中性盘
343,09:53:55,16.97,-0.02,129,218420,卖盘
344,09:53:58,16.97,0.0,114,193412,买盘
345,09:54:01,16.97,0.0,110,186661,买盘
346,09:54:04,16.9,-0.07,70,118637,中性盘
347,09:54:07,16.97,0.07,110,186584,买盘
348,09:54:10,16.9,-0.07,121,205262,卖盘
349,09:54:13,16.89,-0.01,146,247231,卖盘
350,09:54:16,16.89,0.0,532,898487,买盘
351,09:54:19,16.82,-0.07,190,320567,卖盘
352,09:54:22,16.88,0.06,351,591873,买盘
353,09:54:25,16.87,-0.01,109,183491,中性盘
354,09:54:28,16.88,0.01,363,611684,买盘
355,09:54:31,16.77,-0.11,152,255749,卖盘
356,09:54:34,16.76,-0.01,272,456309,卖盘
357,09:54:37,16.76,0.0,105,176159,买盘
358,09:54:40,16.79,0.03,101,169338,买盘
359,09:54:43,16.79,0.0,14,23474,买盘
360,09:54:46,16.67,-0.12,121,202218,卖盘
361,09:54:49,16.76,0.09,78,130467,买盘
362,09:54:52,16.77,0.01,188,315161,买盘
363,09:54:55,16.77,0.0,54,90542,买盘
364,09:54:58,16.77,0.0,279,466498,买盘
365,09:55:01,16.76,-0.01,188,315016,中性盘
366,09:55:04,16.76,0.0,68,113958,买盘
367,09:55:07,16.75,-0.01,310,519577,中性盘
368,09:55:10,16.75,0.0,343,574989,卖盘
369,09:55:13,16.79,0.04,231,387532,买盘
370,09:55:16,16.83,0.04,622,1044207,买盘
371,09:55:19,16.89,0.06,331,557553,买盘
372,09:55:22,16.88,-0.01,463,781978,卖盘
373,09:55:25,16.97,0.09,45,76307,买盘
374,09:55:28,16.98,0.01,72,122208,买盘
375,09:55:31,16.99,0.01,440,744702,买盘
376,09:55:34,17.0,0.01,214,363416,买盘
377,09:55:37,16.99,-0.01,114,193759,中性盘
378,09:55:40,17.0,0.01,143,243108,买盘
379,09:55:43,17.17,0.17,265,453366,买盘
380,09:55:46,17.02,-0.15,78,133026,卖盘
381,09:55:49,17.17,0.15,647,1106495,买盘
382,09:55:52,17.18,0.01,1764,3027114,买盘
383,09:55:55,17.18,0.0,922,1584817,买盘
384,09:55:58,17.18,0.0,925,1587820,买盘
385,09:56:01,17.18,0.0,176,302368,卖盘
386,09:56:04,17.18,0.0,150,257700,卖盘
387,09:56:07,17.18,0.0,273,469014,卖盘
388,09:56:10,17.18,0.0,1697,2915446,卖盘
389,09:56:13,17.18,0.0,644,1107234,卖盘
390,09:56:16,17.18,0.0,789,1355502,卖盘
391,09:56:19,17.0,-0.18,4744,8146102,卖盘
392,09:56:22,17.05,0.05,200,342537,中性盘
393,09:56:25,16.91,-0.14,405,687949,卖盘
394,09:56:28,16.98,0.07,100,169665,买盘
395,09:56:31,16.87,-0.11,87,146985,卖盘
396,09:56:34,16.98,0.11,26,44141,买盘
397,09:56:37,16.98,0.0,26,43987,买盘
398,09:56:40,16.99,0.01,165,279417,买盘
399,09:56:43,16.99,0.0,110,186154,买盘
400,09:56:46,17.0,0.01,35,59324,买盘
401,09:56:49,16.88,-0.12,68,115033,卖盘
402,09:56:52,16.98,0.1,72,121816,中性盘
403,09:56:55,16.98,0.0,292,494035,买盘
404,09:56:58,16.99,0.01,57,96802,买盘
405,09:57:01,16.89,-0.1,66,111840,卖盘
406,09:57:04,16.97,0.08,119,201736,买盘
407,09:57:07,16.98,0.01,13,22056,买盘
408,09:57:10,16.98,0.0,46,78077,买盘
409,09:57:13,16.84,-0.14,130,219927,卖盘
410,09:57:16,16.91,0.07,65,109985,卖盘
411,09:57:19,16.95,0.04,103,174678,中性盘
412,09:57:22,16.97,0.02,220,372206,买盘
413,09:57:25,16.92,-0.05,37,62513,中性盘
414,09:57:28,16.88,-0.04,29,49028,卖盘
415,09:57:31,16.91,0.03,183,309379,买盘
416,09:57:34,16.91,0.0,55,92957,买盘
417,09:57:37,16.91,0.0,106,179066,买盘
418,09:57:40,16.9,-0.01,41,69346,卖盘
419,09:57:43,16.9,0.0,32,54064,买盘
420,09:57:46,16.9,0.0,57,96324,买盘
421,09:57:49,16.9,0.0,127,214628,买盘
422,09:57:52,16.88,-0.02,74,124912,卖盘
423,09:57:55,16.85,-0.03,13,21936,卖盘
424,09:57:58,16.88,0.03,70,118115,买盘
425,09:58:01,16.86,-0.02,32,53987,中性盘
426,09:58:04,16.86,0.0,64,107897,买盘
427,09:58:07,16.88,0.02,196,330575,买盘
428,09:58:10,16.86,-0.02,167,281713,中性盘
429,09:58:13,16.88,0.02,23,38798,买盘
430,09:58:16,16.85,-0.03,68,114601,卖盘
431,09:58:19,16.83,-0.02,30,50520,卖盘
432,09:58:22,16.88,0.05,310,523037,买盘
433,09:58:25,16.85,-0.03,176,297028,卖盘
434,09:58:28,16.85,0.0,30,50550,卖盘
435,09:58:31,16.87,0.02,66,111299,买盘
436,09:58:34,16.9,0.03,11,18570,买盘
437,09:58:37,16.88,-0.02,24,40515,卖盘
438,09:58:40,16.87,-0.01,57,96152,中性盘
439,09:58:43,16.85,-0.02,86,144991,卖盘
440,09:58:46,16.86,0.01,40,67459,买盘
441,09:58:49,16.86,0.0,97,163534,买盘
442,09:58:52,16.85,-0.01,312,525826,卖盘
443,09:58:55,16.85,0.0,58,97789,卖盘
444,09:58:58,16.86,0.01,77,129911,中性盘
445,09:59:01,16.86,0.0,98,165208,买盘
446,09:59:04,16.85,-0.01,88,148329,卖盘
447,09:59:07,16.86,0.01,14,23610,卖盘
448,09:59:10,16.86,0.0,55,92795,卖盘
449,09:59:13,16.88,0.02,37,62462,买盘
450,09:59:16,16.89,0.01,77,130067,买盘
451,09:59:19,16.88,-0.01,50,84365,卖盘
452,09:59:22,16.88,0.0,148,249732,买盘
453,09:59:25,16.9,0.02,111,187578,买盘
454,09:59:28,16.89,-0.01,34,57462,卖盘
455,09:59:31,16.89,0.0,97,163911,卖盘
456,09:59:34,17.15,0.26,1195,2030204,买盘
457,09:59:37,16.99,-0.16,32,54399,卖盘
458,09:59:40,16.91,-0.08,97,165202,卖盘
459,09:59:43,17.16,0.25,47,80400,买盘
460,09:59:46,17.16,0.0,63,107865,买盘
461,09:59:49,17.15,-0.01,96,164720,中性盘
462,09:59:52,17.14,-0.01,8,13703,中性盘
463,09:59:55,17.1,-0.04,13,22274,中性盘
464,09:59:58,17.14,0.04,164,280570,买盘
465,10:00:01,17.14,0.0,19,32542,买盘
466,10:00:04,17.14,0.0,81,138555,买盘
467,10:00:07,17.1,-0.04,65,111186,中性盘
468,10:00:10,17.08,-0.02,312,531268,卖盘
469,10:00:13,17.05,-0.03,104,177897,卖盘
470,10:00:16,17.03,-0.02,202,343476,卖盘
471,10:00:19,17.03,0.0,77,131131,买盘
472,10:00:22,17.03,0.0,36,61308,买盘
473,10:00:25,17.05,0.02,170,289616,买盘
474,10:00:28,17.0,-0.05,175,297869,卖盘
475,10:00:31,17.0,0.0,10,17003,卖盘
476,10:00:34,17.0,0.0,61,103700,买盘
477,10:00:37,17.0,0.0,93,158089,买盘
478,10:00:40,17.0,0.0,79,134300,买盘
479,10:00:46,16.98,-0.02,12,20385,卖盘
480,10:00:49,17.0,0.02,25,42462,买盘
481,10:00:52,16.98,-0.02,43,73008,买盘
482,10:00:58,16.97,-0.01,43,73019,卖盘
483,10:01:01,16.98,0.01,16,27168,中性盘
484,10:01:04,17.0,0.02,31,52666,买盘
485,10:01:07,16.97,-0.03,57,96850,卖盘
486,10:01:10,16.97,0.0,49,83195,卖盘
487,10:01:13,16.98,0.01,16,27177,买盘
488,10:01:16,16.97,-0.01,30,50913,卖盘
489,10:01:19,16.97,0.0,25,42431,卖盘
490,10:01:22,16.97,0.0,2,3394,买盘
491,10:01:25,16.96,-0.01,18,30528,卖盘
492,10:01:28,16.93,-0.03,96,162724,卖盘
493,10:01:31,16.93,0.0,9,15237,买盘
494,10:01:34,16.95,0.02,145,245956,买盘
495,10:01:37,16.95,0.0,16,27075,买盘
496,10:01:40,16.94,-0.01,25,42329,中性盘
497,10:01:43,16.92,-0.02,8,13536,卖盘
498,10:01:46,16.95,0.03,124,210083,买盘
499,10:01:49,16.96,0.01,129,218280,买盘
500,10:01:52,16.95,-0.01,28,47406,中性盘
501,10:01:55,16.95,0.0,4,6779,买盘
502,10:01:58,16.94,-0.01,17,28797,卖盘
503,10:02:01,16.94,0.0,32,54208,买盘
504,10:02:04,16.95,0.01,20,33897,买盘
505,10:02:07,16.94,-0.01,14,23718,中性盘
506,10:02:10,16.94,0.0,45,76227,卖盘
507,10:02:13,16.92,-0.02,180,304575,卖盘
508,10:02:16,16.93,0.01,31,52461,买盘
509,10:02:19,16.94,0.01,56,94819,买盘
510,10:02:22,16.92,-0.02,68,115032,卖盘
511,10:02:25,16.94,0.02,75,126947,买盘
512,10:02:28,16.92,-0.02,3,5076,中性盘
513,10:02:31,16.92,0.0,17,28764,买盘
514,10:02:34,16.92,0.0,230,388710,买盘
515,10:02:37,16.92,0.0,39,65988,买盘
516,10:02:40,16.89,-0.03,54,91228,卖盘
517,10:02:43,16.92,0.03,17,28726,买盘
518,10:02:46,16.91,-0.01,9,15211,买盘
519,10:02:52,16.91,0.0,56,94593,买盘
520,10:02:55,16.89,-0.02,2,3378,中性盘
521,10:02:58,16.89,0.0,7,11828,卖盘
522,10:03:01,16.88,-0.01,202,341366,卖盘
523,10:03:04,16.9,0.02,3,5070,买盘
524,10:03:07,16.9,0.0,162,273779,买盘
525,10:03:10,16.9,0.0,27,45607,中性盘
526,10:03:13,16.89,-0.01,92,155404,卖盘
527,10:03:16,16.91,0.02,93,157122,买盘
528,10:03:19,16.92,0.01,51,86223,买盘
529,10:03:22,16.9,-0.02,26,43952,卖盘
530,10:03:25,16.91,0.01,22,37192,卖盘
531,10:03:28,16.9,-0.01,15,25355,卖盘
532,10:03:31,16.91,0.01,86,145416,买盘
533,10:03:34,16.91,0.0,14,23663,买盘
534,10:03:37,16.91,0.0,16,27056,卖盘
535,10:03:40,16.91,0.0,36,60889,卖盘
536,10:03:43,16.91,0.0,27,45671,卖盘
537,10:03:46,16.9,-0.01,69,116661,卖盘
538,10:03:49,16.92,0.02,17,28750,买盘
539,10:03:52,16.92,0.0,386,653606,买盘
540,10:03:55,16.92,0.0,17,28783,卖盘
541,10:03:58,16.94,0.02,2,3388,中性盘
542,10:04:01,16.96,0.02,315,534508,买盘
543,10:04:04,16.96,0.0,125,212035,卖盘
544,10:04:07,16.96,0.0,2,3392,卖盘
545,10:04:10,16.97,0.01,140,237566,买盘
546,10:04:13,16.97,0.0,51,86550,买盘
547,10:04:16,16.98,0.01,20,33943,买盘
548,10:04:19,16.97,-0.01,128,217321,卖盘
549,10:04:22,16.97,0.0,791,1344265,卖盘
550,10:04:25,16.98,0.01,23,39054,买盘
551,10:04:28,17.0,0.02,31,52693,买盘
552,10:04:31,17.04,0.04,31,52795,买盘
553,10:04:34,17.05,0.01,106,180582,买盘
554,10:04:37,17.09,0.04,399,681118,买盘
555,10:04:40,17.13,0.04,371,634610,买盘
556,10:04:43,17.13,0.0,43,73655,买盘
557,10:04:46,17.13,0.0,179,306599,买盘
558,10:04:49,17.15,0.02,1716,2944481,买盘
559,10:04:52,17.18,0.03,549,942372,买盘
560,10:04:55,17.18,0.0,3268,5613408,买盘
561,10:04:58,17.18,0.0,3760,6459634,买盘
562,10:05:01,17.18,0.0,234,402012,卖盘
563,10:05:05,17.18,0.0,33,56694,卖盘
564,10:05:07,17.18,0.0,381,654558,卖盘
565,10:05:10,17.18,0.0,148,254264,卖盘
566,10:05:13,17.18,0.0,842,1446556,卖盘
567,10:05:16,17.18,0.0,185,317830,卖盘
568,10:05:19,17.18,0.0,87,149466,卖盘
569,10:05:22,17.18,0.0,86,147748,卖盘
570,10:05:25,17.18,0.0,86,147748,卖盘
571,10:05:28,17.18,0.0,26,44668,卖盘
572,10:05:31,17.18,0.0,208,357344,卖盘
573,10:05:34,17.18,0.0,23,39514,卖盘
574,10:05:37,17.18,0.0,86,147748,卖盘
575,10:05:40,17.18,0.0,50,85900,卖盘
576,10:05:43,17.18,0.0,21,36078,卖盘
577,10:05:46,17.18,0.0,27,46386,卖盘
578,10:05:49,17.18,0.0,11,18898,卖盘
579,10:05:52,17.18,0.0,2,3436,卖盘
580,10:05:55,17.18,0.0,22,37796,卖盘
581,10:05:58,17.18,0.0,19,32642,卖盘
582,10:06:01,17.18,0.0,23,39514,卖盘
583,10:06:04,17.18,0.0,559,960362,卖盘
584,10:06:07,17.18,0.0,256,439808,卖盘
585,10:06:10,17.18,0.0,18,30924,卖盘
586,10:06:13,17.18,0.0,7,12026,卖盘
587,10:06:16,17.18,0.0,27,46386,卖盘
588,10:06:19,17.18,0.0,50,85900,卖盘
589,10:06:22,17.18,0.0,135,231930,卖盘
590,10:06:25,17.18,0.0,16,27488,卖盘
591,10:06:28,17.18,0.0,15,25770,卖盘
592,10:06:31,17.18,0.0,2,3436,卖盘
593,10:06:34,17.18,0.0,1,1718,卖盘
594,10:06:37,17.18,0.0,23,39514,卖盘
595,10:06:40,17.18,0.0,17,29206,卖盘
596,10:06:43,17.18,0.0,20,34360,卖盘
597,10:06:46,17.18,0.0,13,22334,卖盘
598,10:06:49,17.18,0.0,15,25770,卖盘
599,10:06:52,17.18,0.0,25,42950,卖盘
600,10:06:55,17.18,0.0,16,27488,卖盘
601,10:06:58,17.18,0.0,9,15462,卖盘
602,10:07:01,17.18,0.0,17,29206,卖盘
603,10:07:04,17.18,0.0,87,149466,卖盘
604,10:07:07,17.18,0.0,5,8590,卖盘
605,10:07:10,17.18,0.0,23,39514,卖盘
606,10:07:13,17.18,0.0,6,10308,卖盘
607,10:07:16,17.18,0.0,21,36078,卖盘
608,10:07:19,17.18,0.0,5,8590,卖盘
609,10:07:22,17.18,0.0,3,5154,卖盘
610,10:07:25,17.18,0.0,26,44668,卖盘
611,10:07:28,17.18,0.0,10,17180,卖盘
612,10:07:31,17.18,0.0,10,17180,卖盘
613,10:07:37,17.18,0.0,13,22334,卖盘
614,10:07:43,17.18,0.0,34,58412,卖盘
615,10:07:52,17.18,0.0,1,1718,卖盘
616,10:07:55,17.18,0.0,19,32642,卖盘
617,10:08:01,17.18,0.0,1,1718,卖盘
618,10:08:04,17.18,0.0,2,3436,卖盘
619,10:08:06,17.18,0.0,2,3436,卖盘
620,10:08:10,17.18,0.0,3,5154,卖盘
621,10:08:13,17.18,0.0,9,15462,卖盘
622,10:08:19,17.18,0.0,15,25770,卖盘
623,10:08:22,17.18,0.0,3,5154,卖盘
624,10:08:25,17.18,0.0,1,1718,卖盘
625,10:08:28,17.18,0.0,2,3436,卖盘
626,10:08:31,17.18,0.0,1,1718,卖盘
627,10:08:34,17.18,0.0,3,5154,卖盘
628,10:08:43,17.18,0.0,12,20616,卖盘
629,10:08:46,17.18,0.0,29,49822,卖盘
630,10:08:49,17.18,0.0,38,65284,卖盘
631,10:08:55,17.18,0.0,7,12026,卖盘
632,10:08:58,17.18,0.0,10,17180,卖盘
633,10:09:01,17.18,0.0,5,8590,卖盘
634,10:09:07,17.18,0.0,10,17180,卖盘
635,10:09:10,17.18,0.0,3,5154,卖盘
636,10:09:19,17.18,0.0,2,3436,卖盘
637,10:09:22,17.18,0.0,33,56694,卖盘
638,10:09:28,17.18,0.0,1,1718,卖盘
639,10:09:31,17.18,0.0,17,29206,卖盘
640,10:09:37,17.18,0.0,3,5154,卖盘
641,10:09:40,17.18,0.0,15,25770,卖盘
642,10:09:43,17.18,0.0,7,12026,卖盘
643,10:09:46,17.18,0.0,10,17180,卖盘
644,10:09:52,17.18,0.0,33,56694,卖盘
645,10:09:58,17.18,0.0,1,1718,卖盘
646,10:10:07,17.18,0.0,45,77310,卖盘
647,10:10:10,17.18,0.0,54,92772,卖盘
648,10:10:16,17.18,0.0,28,48104,卖盘
649,10:10:19,17.18,0.0,17,29206,卖盘
650,10:10:22,17.18,0.0,9,15462,卖盘
651,10:10:25,17.18,0.0,1,1718,卖盘
652,10:10:40,17.18,0.0,20,34360,卖盘
653,10:10:49,17.18,0.0,10,17180,卖盘
654,10:10:52,17.18,0.0,4,6872,卖盘
655,10:10:58,17.18,0.0,12,20616,卖盘
656,10:11:01,17.18,0.0,10,17180,卖盘
657,10:11:04,17.18,0.0,10,17180,卖盘
658,10:11:07,17.18,0.0,1,1718,卖盘
659,10:11:10,17.18,0.0,3,5154,卖盘
660,10:11:13,17.18,0.0,7,12026,卖盘
661,10:11:25,17.18,0.0,6,9380,卖盘
662,10:11:31,17.18,0.0,17,29206,卖盘
663,10:11:40,17.18,0.0,20,34360,卖盘
664,10:11:43,17.18,0.0,5,8590,卖盘
665,10:11:52,17.18,0.0,1,1718,卖盘
666,10:11:55,17.18,0.0,3,5154,卖盘
667,10:12:04,17.18,0.0,3,5154,卖盘
668,10:12:07,17.18,0.0,10,17180,卖盘
669,10:12:10,17.18,0.0,8,13744,卖盘
670,10:12:13,17.18,0.0,3,5154,卖盘
671,10:12:16,17.18,0.0,1,1718,卖盘
672,10:12:19,17.18,0.0,10,17180,卖盘
673,10:12:22,17.18,0.0,5,8590,卖盘
674,10:12:25,17.18,0.0,6,10308,卖盘
675,10:12:43,17.18,0.0,1,1718,卖盘
676,10:12:46,17.18,0.0,19,32642,卖盘
677,10:12:52,17.18,0.0,1,1718,卖盘
678,10:12:58,17.18,0.0,24,41232,卖盘
679,10:13:10,17.18,0.0,3,5154,卖盘
680,10:13:16,17.18,0.0,2,3436,卖盘
681,10:13:22,17.18,0.0,2,3436,卖盘
682,10:13:25,17.18,0.0,100,171800,卖盘
683,10:13:28,17.18,0.0,1,1718,卖盘
684,10:13:31,17.18,0.0,1,1718,卖盘
685,10:13:37,17.18,0.0,32,54976,卖盘
686,10:13:40,17.18,0.0,9,15462,卖盘
687,10:13:49,17.18,0.0,20,34360,卖盘
688,10:13:52,17.18,0.0,1,1718,卖盘
689,10:13:55,17.18,0.0,3,5154,卖盘
690,10:13:58,17.18,0.0,3,5154,卖盘
691,10:14:01,17.18,0.0,100,171800,卖盘
692,10:14:07,17.18,0.0,42,72156,卖盘
693,10:14:10,17.18,0.0,15,25770,卖盘
694,10:14:28,17.18,0.0,20,34360,卖盘
695,10:14:31,17.18,0.0,6,10308,卖盘
696,10:14:46,17.18,0.0,1,1718,卖盘
697,10:14:52,17.18,0.0,7,12026,卖盘
698,10:14:55,17.18,0.0,7,12026,卖盘
699,10:15:01,17.18,0.0,1,1718,卖盘
700,10:15:07,17.18,0.0,5,8590,卖盘
701,10:15:10,17.18,0.0,35,60130,卖盘
702,10:15:13,17.18,0.0,2,3436,卖盘
703,10:15:19,17.18,0.0,37,63566,卖盘
704,10:15:28,17.18,0.0,29,49822,卖盘
705,10:15:37,17.18,0.0,20,34360,卖盘
706,10:15:46,17.18,0.0,1,1718,卖盘
707,10:15:49,17.18,0.0,23,39514,卖盘
708,10:15:52,17.18,0.0,1,1718,卖盘
709,10:15:55,17.18,0.0,66,113388,卖盘
710,10:16:07,17.18,0.0,24,41232,卖盘
711,10:16:10,17.18,0.0,17,29206,卖盘
712,10:16:22,17.18,0.0,2,3436,卖盘
713,10:16:28,17.18,0.0,15,25770,卖盘
714,10:16:34,17.18,0.0,127,218186,卖盘
715,10:16:37,17.18,0.0,11,18898,卖盘
716,10:16:43,17.18,0.0,27,46386,卖盘
717,10:16:52,17.18,0.0,14,24052,卖盘
718,10:16:55,17.18,0.0,18,30924,卖盘
719,10:17:07,17.18,0.0,38,65284,卖盘
720,10:17:19,17.18,0.0,6,10308,卖盘
721,10:17:25,17.18,0.0,2,3436,卖盘
722,10:17:28,17.18,0.0,7,12026,卖盘
723,10:17:43,17.18,0.0,1,1718,卖盘
724,10:18:04,17.18,0.0,11,18898,卖盘
725,10:18:07,17.18,0.0,3,5154,卖盘
726,10:18:10,17.18,0.0,1,1718,卖盘
727,10:18:13,17.18,0.0,9,15462,卖盘
728,10:18:22,17.18,0.0,2,3436,卖盘
729,10:18:25,17.18,0.0,1,1718,卖盘
730,10:18:40,17.18,0.0,1,1718,卖盘
731,10:18:52,17.18,0.0,1,1718,卖盘
732,10:18:55,17.18,0.0,8,13744,卖盘
733,10:18:58,17.18,0.0,9,15462,卖盘
734,10:19:01,17.18,0.0,20,34360,卖盘
735,10:19:04,17.18,0.0,32,54976,卖盘
736,10:19:07,17.18,0.0,3,5154,卖盘
737,10:19:10,17.18,0.0,6,10308,卖盘
738,10:19:19,17.18,0.0,1,1718,卖盘
739,10:19:31,17.18,0.0,2,3436,卖盘
740,10:19:34,17.18,0.0,13,22334,卖盘
741,10:19:37,17.18,0.0,1,1718,卖盘
742,10:19:43,17.18,0.0,20,34360,卖盘
743,10:19:49,17.18,0.0,1,1718,卖盘
744,10:19:55,17.18,0.0,20,34360,卖盘
745,10:20:07,17.18,0.0,3,5154,卖盘
746,10:20:13,17.18,0.0,10,17180,卖盘
747,10:20:19,17.18,0.0,5,8590,卖盘
748,10:20:31,17.18,0.0,1,1718,卖盘
749,10:20:34,17.18,0.0,8,13744,卖盘
750,10:20:37,17.18,0.0,1,1718,卖盘
751,10:20:43,17.18,0.0,2,3436,卖盘
752,10:20:55,17.18,0.0,9,15462,卖盘
753,10:21:07,17.18,0.0,14,24052,卖盘
754,10:21:19,17.18,0.0,3,5154,卖盘
755,10:21:37,17.18,0.0,1,1718,卖盘
756,10:21:43,17.18,0.0,41,70438,卖盘
757,10:21:46,17.18,0.0,2,3436,卖盘
758,10:21:49,17.18,0.0,6,10308,卖盘
759,10:21:55,17.18,0.0,12,20616,卖盘
760,10:22:07,17.18,0.0,9,15462,卖盘
761,10:22:13,17.18,0.0,1,1718,卖盘
762,10:22:25,17.18,0.0,2,3436,卖盘
763,10:22:34,17.18,0.0,11,18898,卖盘
764,10:22:37,17.18,0.0,2,3436,卖盘
765,10:23:07,17.18,0.0,5,8590,卖盘
766,10:23:19,17.18,0.0,1,1718,卖盘
767,10:23:31,17.18,0.0,1,1718,卖盘
768,10:23:55,17.18,0.0,2,3436,卖盘
769,10:24:07,17.18,0.0,3,5154,卖盘
770,10:24:10,17.18,0.0,59,101362,卖盘
771,10:24:13,17.18,0.0,2,3436,卖盘
772,10:24:16,17.18,0.0,6,10308,卖盘
773,10:24:19,17.18,0.0,4,6872,卖盘
774,10:24:28,17.18,0.0,2,3436,卖盘
775,10:25:04,17.18,0.0,2,3436,卖盘
776,10:25:07,17.18,0.0,3,5154,卖盘
777,10:25:19,17.18,0.0,10,17180,卖盘
778,10:25:25,17.18,0.0,5,8590,卖盘
779,10:25:34,17.18,0.0,16,27488,卖盘
780,10:25:37,17.18,0.0,1,1718,卖盘
781,10:25:40,17.18,0.0,13,22334,卖盘
782,10:25:46,17.18,0.0,5,8590,卖盘
783,10:25:55,17.18,0.0,18,30924,卖盘
784,10:26:07,17.18,0.0,5,8590,卖盘
785,10:26:22,17.18,0.0,1,1718,卖盘
786,10:26:31,17.18,0.0,1,1718,卖盘
787,10:26:52,17.18,0.0,50,85900,卖盘
788,10:26:58,17.18,0.0,3,5154,卖盘
789,10:27:07,17.18,0.0,4,6872,卖盘
790,10:27:19,17.18,0.0,5,8590,卖盘
791,10:27:34,17.18,0.0,1,1718,卖盘
792,10:27:37,17.18,0.0,2,3436,卖盘
793,10:27:46,17.18,0.0,38,65284,卖盘
794,10:27:49,17.18,0.0,78,134004,卖盘
795,10:27:52,17.18,0.0,1,1718,卖盘
796,10:27:55,17.18,0.0,20,34360,卖盘
797,10:28:07,17.18,0.0,6,10308,卖盘
798,10:28:10,17.18,0.0,6,10308,卖盘
799,10:28:16,17.18,0.0,4,6872,卖盘
800,10:28:31,17.18,0.0,3,5154,卖盘
801,10:28:37,17.18,0.0,1,1718,卖盘
802,10:28:43,17.18,0.0,1,1718,卖盘
803,10:28:52,17.18,0.0,2,3436,卖盘
804,10:28:55,17.18,0.0,7,12026,卖盘
805,10:28:58,17.18,0.0,30,51540,卖盘
806,10:29:07,17.18,0.0,4,6872,卖盘
807,10:29:19,17.18,0.0,25,42950,卖盘
808,10:29:22,17.18,0.0,11,18898,卖盘
809,10:29:25,17.18,0.0,20,34360,卖盘
810,10:29:37,17.18,0.0,2,3436,卖盘
811,10:29:40,17.18,0.0,1,1718,卖盘
812,10:29:43,17.18,0.0,72,123696,卖盘
813,10:30:01,17.18,0.0,2,3436,卖盘
814,10:30:07,17.18,0.0,3,5154,卖盘
815,10:30:19,17.18,0.0,39,67002,卖盘
816,10:30:31,17.18,0.0,10,17180,卖盘
817,10:30:40,17.18,0.0,1,1718,卖盘
818,10:30:43,17.18,0.0,6,10308,卖盘
819,10:30:46,17.18,0.0,6,10308,卖盘
820,10:30:58,17.18,0.0,1,1718,卖盘
821,10:31:07,17.18,0.0,4,6872,卖盘
822,10:31:10,17.18,0.0,15,25770,卖盘
823,10:31:22,17.18,0.0,20,34360,卖盘
824,10:31:28,17.18,0.0,1,1718,卖盘
825,10:31:37,17.18,0.0,12,20616,卖盘
826,10:31:46,17.18,0.0,2,3436,卖盘
827,10:31:49,17.18,0.0,1,1718,卖盘
828,10:31:58,17.18,0.0,7,12026,卖盘
829,10:32:01,17.18,0.0,2,3436,卖盘
830,10:32:07,17.18,0.0,6,10308,卖盘
831,10:32:10,17.18,0.0,11,18898,卖盘
832,10:32:19,17.18,0.0,24,41232,卖盘
833,10:32:40,17.18,0.0,4,6872,卖盘
834,10:32:49,17.18,0.0,1,1718,卖盘
835,10:33:07,17.18,0.0,3,5154,卖盘
836,10:33:22,17.18,0.0,20,34360,卖盘
837,10:33:28,17.18,0.0,1,1718,卖盘
838,10:33:37,17.18,0.0,1,1718,卖盘
839,10:33:43,17.18,0.0,1,1718,卖盘
840,10:33:46,17.18,0.0,1,1718,卖盘
841,10:33:49,17.18,0.0,7,12026,卖盘
842,10:33:58,17.18,0.0,2,3436,卖盘
843,10:34:04,17.18,0.0,5,8590,卖盘
844,10:34:07,17.18,0.0,4,6872,卖盘
845,10:34:52,17.18,0.0,1,1718,卖盘
846,10:34:55,17.18,0.0,1,1718,卖盘
847,10:35:07,17.18,0.0,8,13744,卖盘
848,10:35:31,17.18,0.0,20,34360,卖盘
849,10:35:49,17.18,0.0,1,1718,卖盘
850,10:35:55,17.18,0.0,3,5154,卖盘
851,10:36:07,17.18,0.0,14,24052,卖盘
852,10:36:19,17.18,0.0,1,1718,卖盘
853,10:36:37,17.18,0.0,18,30924,卖盘
854,10:36:43,17.18,0.0,50,85900,卖盘
855,10:36:55,17.18,0.0,20,34360,卖盘
856,10:37:04,17.18,0.0,10,17180,卖盘
857,10:37:07,17.18,0.0,4,6872,卖盘
858,10:37:16,17.18,0.0,2,3436,卖盘
859,10:37:22,17.18,0.0,5,8590,卖盘
860,10:37:28,17.18,0.0,30,51540,卖盘
861,10:37:31,17.18,0.0,3,5154,卖盘
862,10:37:43,17.18,0.0,1,1718,卖盘
863,10:38:04,17.18,0.0,3,5154,卖盘
864,10:38:07,17.18,0.0,16,27488,卖盘
865,10:38:10,17.18,0.0,2,3436,卖盘
866,10:38:13,17.18,0.0,10,17180,卖盘
867,10:38:16,17.18,0.0,2,3436,卖盘
868,10:38:22,17.18,0.0,4,6872,卖盘
869,10:38:25,17.18,0.0,6,10308,卖盘
870,10:38:37,17.18,0.0,2,3436,卖盘
871,10:38:46,17.18,0.0,5,8590,卖盘
872,10:38:49,17.18,0.0,5,8590,卖盘
873,10:39:04,17.18,0.0,10,17180,卖盘
874,10:39:07,17.18,0.0,7,12026,卖盘
875,10:39:10,17.18,0.0,9,15462,卖盘
876,10:39:19,17.18,0.0,1,1718,卖盘
877,10:39:22,17.18,0.0,200,343600,卖盘
878,10:39:52,17.18,0.0,2,3436,卖盘
879,10:40:05,17.18,0.0,3,5154,卖盘
880,10:40:07,17.18,0.0,3,5154,卖盘
881,10:40:13,17.18,0.0,50,85900,卖盘
882,10:40:25,17.18,0.0,2,3436,卖盘
883,10:40:31,17.18,0.0,89,152902,卖盘
884,10:40:34,17.18,0.0,20,34360,卖盘
885,10:40:49,17.18,0.0,2,3436,卖盘
886,10:41:07,17.18,0.0,6,10308,卖盘
887,10:41:22,17.18,0.0,2,3436,卖盘
888,10:41:25,17.18,0.0,1,1718,卖盘
889,10:41:43,17.18,0.0,35,60130,卖盘
890,10:41:49,17.18,0.0,19,32642,卖盘
891,10:42:07,17.18,0.0,4,6872,卖盘
892,10:42:37,17.18,0.0,4,6872,卖盘
893,10:42:46,17.18,0.0,37,63566,卖盘
894,10:43:01,17.18,0.0,10,17180,卖盘
895,10:43:07,17.18,0.0,4,6872,卖盘
896,10:43:10,17.18,0.0,10,17180,卖盘
897,10:43:22,17.18,0.0,3,5154,卖盘
898,10:43:25,17.18,0.0,12,20616,卖盘
899,10:43:31,17.18,0.0,10,17180,卖盘
900,10:43:43,17.18,0.0,1,1718,卖盘
901,10:43:49,17.18,0.0,2,3436,卖盘
902,10:43:55,17.18,0.0,30,51540,卖盘
903,10:44:07,17.18,0.0,6,10308,卖盘
904,10:44:28,17.18,0.0,20,34360,卖盘
905,10:44:31,17.18,0.0,2,3436,卖盘
906,10:44:49,17.18,0.0,25,42950,卖盘
907,10:44:52,17.18,0.0,1,1718,卖盘
908,10:45:01,17.18,0.0,1,1718,卖盘
909,10:45:07,17.18,0.0,3,5154,卖盘
910,10:45:13,17.18,0.0,2,3436,卖盘
911,10:45:43,17.18,0.0,2,3436,卖盘
912,10:46:01,17.18,0.0,22,37796,卖盘
913,10:46:07,17.18,0.0,3,5154,卖盘
914,10:46:10,17.18,0.0,1,1718,卖盘
915,10:46:16,17.18,0.0,1,1718,卖盘
916,10:46:27,17.18,0.0,1,1718,卖盘
917,10:46:34,17.18,0.0,7,12026,卖盘
918,10:46:52,17.18,0.0,30,51540,卖盘
919,10:47:04,17.18,0.0,2,3436,卖盘
920,10:47:07,17.18,0.0,4,6872,卖盘
921,10:47:21,17.18,0.0,2,3436,卖盘
922,10:47:25,17.18,0.0,2,3436,卖盘
923,10:47:31,17.18,0.0,2,3436,卖盘
924,10:47:37,17.18,0.0,2,3436,卖盘
925,10:47:55,17.18,0.0,1,1718,卖盘
926,10:48:07,17.18,0.0,3,5154,卖盘
927,10:48:10,17.18,0.0,5,8590,卖盘
928,10:48:28,17.18,0.0,1,1718,卖盘
929,10:48:37,17.18,0.0,5,8590,卖盘
930,10:48:39,17.18,0.0,2,3436,卖盘
931,10:48:52,17.18,0.0,10,17180,卖盘
932,10:49:07,17.18,0.0,4,6872,卖盘
933,10:49:10,17.18,0.0,2,3436,卖盘
934,10:49:13,17.18,0.0,1,1718,卖盘
935,10:49:16,17.18,0.0,4,6872,卖盘
936,10:49:25,17.18,0.0,3,5154,卖盘
937,10:49:28,17.18,0.0,101,173518,卖盘
938,10:49:34,17.18,0.0,1,1718,卖盘
939,10:49:49,17.18,0.0,1,1718,卖盘
940,10:49:52,17.18,0.0,5,8590,卖盘
941,10:50:01,17.18,0.0,6,10308,卖盘
942,10:50:04,17.18,0.0,1,1718,卖盘
943,10:50:07,17.18,0.0,3,5154,卖盘
944,10:50:28,17.18,0.0,1,1718,卖盘
945,10:50:46,17.18,0.0,3,5154,卖盘
946,10:50:49,17.18,0.0,1,1718,卖盘
947,10:50:58,17.18,0.0,1,1718,卖盘
948,10:51:04,17.18,0.0,2,3436,卖盘
949,10:51:07,17.18,0.0,3,5154,卖盘
950,10:51:10,17.18,0.0,14,24052,卖盘
951,10:51:28,17.18,0.0,2,3436,卖盘
952,10:51:43,17.18,0.0,26,44668,卖盘
953,10:51:49,17.18,0.0,3,5154,卖盘
954,10:52:01,17.18,0.0,1,1718,卖盘
955,10:52:07,17.18,0.0,3,5154,卖盘
956,10:52:21,17.18,0.0,1,1718,卖盘
957,10:52:40,17.18,0.0,1,1718,卖盘
958,10:53:07,17.18,0.0,34,58412,卖盘
959,10:53:31,17.18,0.0,1,1718,卖盘
960,10:53:33,17.18,0.0,2,3436,卖盘
961,10:53:52,17.18,0.0,2,3436,卖盘
962,10:53:55,17.18,0.0,1,1718,卖盘
963,10:54:04,17.18,0.0,39,67002,卖盘
964,10:54:07,17.18,0.0,4,6872,卖盘
965,10:54:13,17.18,0.0,50,85900,卖盘
966,10:54:19,17.18,0.0,1,1718,卖盘
967,10:54:34,17.18,0.0,5,8590,卖盘
968,10:54:48,17.18,0.0,20,34360,卖盘
969,10:54:58,17.18,0.0,15,25770,卖盘
970,10:55:01,17.18,0.0,3,5154,卖盘
971,10:55:07,17.18,0.0,3,5154,卖盘
972,10:55:28,17.18,0.0,1,1718,卖盘
973,10:55:31,17.18,0.0,1,1718,卖盘
974,10:55:34,17.18,0.0,1,1718,卖盘
975,10:55:40,17.18,0.0,1,1718,卖盘
976,10:55:58,17.18,0.0,2,3436,卖盘
977,10:56:07,17.18,0.0,3,5154,卖盘
978,10:56:46,17.18,0.0,12,20616,卖盘
979,10:56:52,17.18,0.0,1,1718,卖盘
980,10:56:58,17.18,0.0,2,3436,卖盘
981,10:57:04,17.18,0.0,1,1718,卖盘
982,10:57:07,17.18,0.0,3,5154,卖盘
983,10:58:07,17.18,0.0,3,5154,卖盘
984,10:58:10,17.18,0.0,5,8590,卖盘
985,10:58:13,17.18,0.0,2,3436,卖盘
986,10:58:19,17.18,0.0,2,3436,卖盘
987,10:58:37,17.18,0.0,1,1718,卖盘
988,10:58:40,17.18,0.0,1,1718,卖盘
989,10:59:07,17.18,0.0,4,6872,卖盘
990,10:59:25,17.18,0.0,1,1718,卖盘
991,10:59:37,17.18,0.0,6,10308,卖盘
992,11:00:01,17.18,0.0,30,51540,卖盘
993,11:00:07,17.18,0.0,1,1718,卖盘
994,11:00:19,17.18,0.0,1,1718,卖盘
995,11:00:22,17.18,0.0,4,6872,卖盘
996,11:00:31,17.18,0.0,1,1718,卖盘
997,11:00:49,17.18,0.0,1,1718,卖盘
998,11:00:52,17.18,0.0,2,3436,卖盘
999,11:01:15,17.18,0.0,20,34360,卖盘
1000,11:01:27,17.18,0.0,1,1718,卖盘
1001,11:01:40,17.18,0.0,2,3436,卖盘
1002,11:01:48,17.18,0.0,3,5154,卖盘
1003,11:01:58,17.18,0.0,1,1718,卖盘
1004,11:02:13,17.18,0.0,1,1718,卖盘
1005,11:02:34,17.18,0.0,20,34360,卖盘
1006,11:03:10,17.18,0.0,1,1718,卖盘
1007,11:03:12,17.18,0.0,2,3436,卖盘
1008,11:03:19,17.18,0.0,2,3436,卖盘
1009,11:03:28,17.18,0.0,7,12026,卖盘
1010,11:03:37,17.18,0.0,1,1718,卖盘
1011,11:03:43,17.18,0.0,2,3436,卖盘
1012,11:04:04,17.18,0.0,2,3436,卖盘
1013,11:04:25,17.18,0.0,1,1718,卖盘
1014,11:04:55,17.18,0.0,1,1718,卖盘
1015,11:05:16,17.18,0.0,1,1718,卖盘
1016,11:05:19,17.18,0.0,4,6872,卖盘
1017,11:05:40,17.18,0.0,6,10308,卖盘
1018,11:05:49,17.18,0.0,15,25770,卖盘
1019,11:05:52,17.18,0.0,1,1718,卖盘
1020,11:05:55,17.18,0.0,2,3436,卖盘
1021,11:06:16,17.18,0.0,4,6872,卖盘
1022,11:06:22,17.18,0.0,2,3436,卖盘
1023,11:06:31,17.18,0.0,1,1718,卖盘
1024,11:06:52,17.18,0.0,1,1718,卖盘
1025,11:06:58,17.18,0.0,1,1718,卖盘
1026,11:07:22,17.18,0.0,30,51540,卖盘
1027,11:07:31,17.18,0.0,26,44668,卖盘
1028,11:07:46,17.18,0.0,1,1718,卖盘
1029,11:08:01,17.18,0.0,1,1718,卖盘
1030,11:08:19,17.18,0.0,1,1718,卖盘
1031,11:08:49,17.18,0.0,1,1718,卖盘
1032,11:08:55,17.18,0.0,2,3436,卖盘
1033,11:09:28,17.18,0.0,2,3436,卖盘
1034,11:09:31,17.18,0.0,8,13744,卖盘
1035,11:09:46,17.18,0.0,1,1718,卖盘
1036,11:10:18,17.18,0.0,1,1718,卖盘
1037,11:10:27,17.18,0.0,1,1718,卖盘
1038,11:10:40,17.18,0.0,5,8590,卖盘
1039,11:10:52,17.18,0.0,2,3436,卖盘
1040,11:11:22,17.18,0.0,1,1718,卖盘
1041,11:11:25,17.18,0.0,2,3436,卖盘
1042,11:11:43,17.18,0.0,1,1718,卖盘
1043,11:12:04,17.18,0.0,1,1718,卖盘
1044,11:12:28,17.18,0.0,1,1718,卖盘
1045,11:12:34,17.18,0.0,5,8590,卖盘
1046,11:12:37,17.18,0.0,2,3436,卖盘
1047,11:13:52,17.18,0.0,2,3436,卖盘
1048,11:13:55,17.18,0.0,1,1718,卖盘
1049,11:14:04,17.18,0.0,1,1718,卖盘
1050,11:14:19,17.18,0.0,30,51540,卖盘
1051,11:14:30,17.18,0.0,10,17180,卖盘
1052,11:14:43,17.18,0.0,2,3436,卖盘
1053,11:15:19,17.18,0.0,2,3436,卖盘
1054,11:15:34,17.18,0.0,1,1718,卖盘
1055,11:15:40,17.18,0.0,1,1718,卖盘
1056,11:15:43,17.18,0.0,2,3436,卖盘
1057,11:15:58,17.18,0.0,3,5154,卖盘
1058,11:16:34,17.18,0.0,1,1718,卖盘
1059,11:17:28,17.18,0.0,23,39514,卖盘
1060,11:17:58,17.18,0.0,1,1718,卖盘
1061,11:18:31,17.18,0.0,1,1718,卖盘
1062,11:18:49,17.18,0.0,1,1718,卖盘
1063,11:18:51,17.18,0.0,2,3436,卖盘
1064,11:18:54,17.18,0.0,3,5154,卖盘
1065,11:18:57,17.18,0.0,3,5154,卖盘
1066,11:19:10,17.18,0.0,1,1718,卖盘
1067,11:19:25,17.18,0.0,1,1718,卖盘
1068,11:19:39,17.18,0.0,2,3436,卖盘
1069,11:19:42,17.18,0.0,35,60130,卖盘
1070,11:20:01,17.18,0.0,2,3436,卖盘
1071,11:20:16,17.18,0.0,1,1718,卖盘
1072,11:20:46,17.18,0.0,1,1718,卖盘
1073,11:20:58,17.18,0.0,1,1718,卖盘
1074,11:21:34,17.18,0.0,2,3436,卖盘
1075,11:21:55,17.18,0.0,10,17180,卖盘
1076,11:21:58,17.18,0.0,4,6872,卖盘
1077,11:22:10,17.18,0.0,1,1718,卖盘
1078,11:22:16,17.18,0.0,10,17180,卖盘
1079,11:22:43,17.18,0.0,20,34360,卖盘
1080,11:22:48,17.18,0.0,1,1718,卖盘
1081,11:22:54,17.18,0.0,1,1718,卖盘
1082,11:23:40,17.18,0.0,1,1718,卖盘
1083,11:23:43,17.18,0.0,2,3436,卖盘
1084,11:24:10,17.18,0.0,2,3436,卖盘
1085,11:24:22,17.18,0.0,2,3436,卖盘
1086,11:24:40,17.18,0.0,1,1718,卖盘
1087,11:24:43,17.18,0.0,1,1718,卖盘
1088,11:25:10,17.18,0.0,22,37796,卖盘
1089,11:25:19,17.18,0.0,1,1718,卖盘
1090,11:25:25,17.18,0.0,15,25770,卖盘
1091,11:26:07,17.18,0.0,1,1718,卖盘
1092,11:26:34,17.18,0.0,1,1718,卖盘
1093,11:26:43,17.18,0.0,1,1718,卖盘
1094,11:26:49,17.18,0.0,48,82464,卖盘
1095,11:27:19,17.18,0.0,3,5154,卖盘
1096,11:27:57,17.18,0.0,4,6872,卖盘
1097,11:28:10,17.18,0.0,5,8590,卖盘
1098,13:00:07,17.18,0.0,50,85900,卖盘
1099,13:00:10,17.18,0.0,134,230212,卖盘
1100,13:00:13,17.18,0.0,2,3436,卖盘
1101,13:00:16,17.18,0.0,11,18898,卖盘
1102,13:00:31,17.18,0.0,15,25770,卖盘
1103,13:01:16,17.18,0.0,1,1718,卖盘
1104,13:01:19,17.18,0.0,1,1718,卖盘
1105,13:01:49,17.18,0.0,2,3436,卖盘
1106,13:01:58,17.18,0.0,4,6872,卖盘
1107,13:02:22,17.18,0.0,3,5154,卖盘
1108,13:02:28,17.18,0.0,5,8590,卖盘
1109,13:02:37,17.18,0.0,11,18898,卖盘
1110,13:02:40,17.18,0.0,1,1718,卖盘
1111,13:03:01,17.18,0.0,2,3436,卖盘
1112,13:03:49,17.18,0.0,2,3436,卖盘
1113,13:04:27,17.18,0.0,20,34360,卖盘
1114,13:04:49,17.18,0.0,6,10308,卖盘
1115,13:05:07,17.18,0.0,7,12026,卖盘
1116,13:06:13,17.18,0.0,1,1718,卖盘
1117,13:06:25,17.18,0.0,1,1718,卖盘
1118,13:06:49,17.18,0.0,1,1718,卖盘
1119,13:07:07,17.18,0.0,20,34360,卖盘
1120,13:07:34,17.18,0.0,1,1718,卖盘
1121,13:08:13,17.18,0.0,5,8590,卖盘
1122,13:08:52,17.18,0.0,2,3436,卖盘
1123,13:09:04,17.18,0.0,2,3436,卖盘
1124,13:09:54,17.18,0.0,2,3436,卖盘
1125,13:10:40,17.18,0.0,5,8590,卖盘
1126,13:10:43,17.18,0.0,12,20616,卖盘
1127,13:11:58,17.18,0.0,2,3436,卖盘
1128,13:12:07,17.18,0.0,1,1718,卖盘
1129,13:12:19,17.18,0.0,2,3436,卖盘
1130,13:12:31,17.18,0.0,18,30924,卖盘
1131,13:13:22,17.18,0.0,37,63566,卖盘
1132,13:13:25,17.18,0.0,2,3436,卖盘
1133,13:13:28,17.18,0.0,1,1718,卖盘
1134,13:13:49,17.18,0.0,20,34360,卖盘
1135,13:13:58,17.18,0.0,7,12026,卖盘
1136,13:14:31,17.18,0.0,1,1718,卖盘
1137,13:14:34,17.18,0.0,2,3436,卖盘
1138,13:14:43,17.18,0.0,14,24052,卖盘
1139,13:15:04,17.18,0.0,8,13744,卖盘
1140,13:15:37,17.18,0.0,52,89336,卖盘
1141,13:16:07,17.18,0.0,50,85900,卖盘
1142,13:17:01,17.18,0.0,35,60130,卖盘
1143,13:17:07,17.18,0.0,2,3436,卖盘
1144,13:17:19,17.18,0.0,1,1718,卖盘
1145,13:17:28,17.18,0.0,10,17180,卖盘
1146,13:17:46,17.18,0.0,2,3436,卖盘
1147,13:18:28,17.18,0.0,1,1718,卖盘
1148,13:19:09,17.18,0.0,1,1718,卖盘
1149,13:19:16,17.18,0.0,84,144312,卖盘
1150,13:19:31,17.18,0.0,13,22334,卖盘
1151,13:19:37,17.18,0.0,10,17180,卖盘
1152,13:19:43,17.18,0.0,20,34360,卖盘
1153,13:19:49,17.18,0.0,1,1718,卖盘
1154,13:22:04,17.18,0.0,2,3436,卖盘
1155,13:22:22,17.18,0.0,5,8590,卖盘
1156,13:22:31,17.18,0.0,18,30924,卖盘
1157,13:22:58,17.18,0.0,5,8590,卖盘
1158,13:23:04,17.18,0.0,2,3436,卖盘
1159,13:23:24,17.18,0.0,7,12026,卖盘
1160,13:23:43,17.18,0.0,1,1718,卖盘
1161,13:24:04,17.18,0.0,55,94490,卖盘
1162,13:24:10,17.18,0.0,5,8590,卖盘
1163,13:24:34,17.18,0.0,8,13744,卖盘
1164,13:25:04,17.18,0.0,23,39514,卖盘
1165,13:25:07,17.18,0.0,1,1718,卖盘
1166,13:25:10,17.18,0.0,8,13744,卖盘
1167,13:26:10,17.18,0.0,2,3436,卖盘
1168,13:26:22,17.18,0.0,1,1718,卖盘
1169,13:27:15,17.18,0.0,3,5154,卖盘
1170,13:28:04,17.18,0.0,5,8590,卖盘
1171,13:28:10,17.18,0.0,1,1718,卖盘
1172,13:28:43,17.18,0.0,2,3436,卖盘
1173,13:29:04,17.18,0.0,1,1718,卖盘
1174,13:29:07,17.18,0.0,4,6872,卖盘
1175,13:29:19,17.18,0.0,1,1718,卖盘
1176,13:29:49,17.18,0.0,9,15462,卖盘
1177,13:30:40,17.18,0.0,2,3436,卖盘
1178,13:30:52,17.18,0.0,2,3436,卖盘
1179,13:31:01,17.18,0.0,2,3436,卖盘
1180,13:31:37,17.18,0.0,7,12026,卖盘
1181,13:32:04,17.18,0.0,1,1718,卖盘
1182,13:32:31,17.18,0.0,5,8590,卖盘
1183,13:32:55,17.18,0.0,1,1718,卖盘
1184,13:33:28,17.18,0.0,2,3436,卖盘
1185,13:33:46,17.18,0.0,2,3436,卖盘
1186,13:34:07,17.18,0.0,2,3436,卖盘
1187,13:34:13,17.18,0.0,8,13744,卖盘
1188,13:34:25,17.18,0.0,1,1718,卖盘
1189,13:36:46,17.18,0.0,1,1718,卖盘
1190,13:37:01,17.18,0.0,15,25770,卖盘
1191,13:37:04,17.18,0.0,2,3436,卖盘
1192,13:38:07,17.18,0.0,1,1718,卖盘
1193,13:39:22,17.18,0.0,1,1718,卖盘
1194,13:39:49,17.18,0.0,1,1718,卖盘
1195,13:40:13,17.18,0.0,2,3436,卖盘
1196,13:40:19,17.18,0.0,4,6872,卖盘
1197,13:40:25,17.18,0.0,10,17180,卖盘
1198,13:40:55,17.18,0.0,2,3436,卖盘
1199,13:41:28,17.18,0.0,5,8590,卖盘
1200,13:41:40,17.18,0.0,3,5154,卖盘
1201,13:41:46,17.18,0.0,2,3436,卖盘
1202,13:42:10,17.18,0.0,4,6872,卖盘
1203,13:42:25,17.18,0.0,4,6872,卖盘
1204,13:42:52,17.18,0.0,1,1718,卖盘
1205,13:42:55,17.18,0.0,1,1718,卖盘
1206,13:43:10,17.18,0.0,4,6872,卖盘
1207,13:43:43,17.18,0.0,20,34360,卖盘
1208,13:44:04,17.18,0.0,5,8590,卖盘
1209,13:44:16,17.18,0.0,2,3436,卖盘
1210,13:44:43,17.18,0.0,6,10308,卖盘
1211,13:44:55,17.18,0.0,2,3436,卖盘
1212,13:45:43,17.18,0.0,10,17180,卖盘
1213,13:46:01,17.18,0.0,30,51540,卖盘
1214,13:46:28,17.18,0.0,2,3436,卖盘
1215,13:46:46,17.18,0.0,1,1718,卖盘
1216,13:46:55,17.18,0.0,3,5154,卖盘
1217,13:47:22,17.18,0.0,5,8590,卖盘
1218,13:47:37,17.18,0.0,2,3436,卖盘
1219,13:48:10,17.18,0.0,1,1718,卖盘
1220,13:48:40,17.18,0.0,2,3436,卖盘
1221,13:49:01,17.18,0.0,2,3436,卖盘
1222,13:49:07,17.18,0.0,2,3436,卖盘
1223,13:49:28,17.18,0.0,1,1718,卖盘
1224,13:49:40,17.18,0.0,2,3436,卖盘
1225,13:49:49,17.18,0.0,10,17180,卖盘
1226,13:50:52,17.18,0.0,1,1718,卖盘
1227,13:52:13,17.18,0.0,3,5154,卖盘
1228,13:52:19,17.18,0.0,2,3436,卖盘
1229,13:52:34,17.18,0.0,1,1718,卖盘
1230,13:52:52,17.18,0.0,2,3436,卖盘
1231,13:53:13,17.18,0.0,1,1718,卖盘
1232,13:53:21,17.18,0.0,3,5154,卖盘
1233,13:53:42,17.18,0.0,10,17180,卖盘
1234,13:53:48,17.18,0.0,2,3436,卖盘
1235,13:54:16,17.18,0.0,1,1718,卖盘
1236,13:55:01,17.18,0.0,2,3436,卖盘
1237,13:55:07,17.18,0.0,1,1718,卖盘
1238,13:55:46,17.18,0.0,1,1718,卖盘
1239,13:55:54,17.18,0.0,1,1718,卖盘
1240,13:56:52,17.18,0.0,2,3436,卖盘
1241,13:57:19,17.18,0.0,1,1718,卖盘
1242,13:57:37,17.18,0.0,4,6872,卖盘
1243,13:58:10,17.18,0.0,1,1718,卖盘
1244,13:58:43,17.18,0.0,4,6872,卖盘
1245,13:58:52,17.18,0.0,1,1718,卖盘
1246,13:59:04,17.18,0.0,1,1718,卖盘
1247,13:59:19,17.18,0.0,45,77310,卖盘
1248,13:59:37,17.18,0.0,40,68720,卖盘
1249,14:00:07,17.18,0.0,9,15462,卖盘
1250,14:00:25,17.18,0.0,2,3436,卖盘
1251,14:01:13,17.18,0.0,1,1718,卖盘
1252,14:01:37,17.18,0.0,1,1718,卖盘
1253,14:01:52,17.18,0.0,5,8590,卖盘
1254,14:02:25,17.18,0.0,17,29206,卖盘
1255,14:03:19,17.18,0.0,1,1718,卖盘
1256,14:03:22,17.18,0.0,10,17180,卖盘
1257,14:03:34,17.18,0.0,2,3436,卖盘
1258,14:03:58,17.18,0.0,2,3436,卖盘
1259,14:04:07,17.18,0.0,1,1718,卖盘
1260,14:04:28,17.18,0.0,1,1718,卖盘
1261,14:04:37,17.18,0.0,1,1718,卖盘
1262,14:04:43,17.18,0.0,202,347036,卖盘
1263,14:04:55,17.18,0.0,1,1718,卖盘
1264,14:05:16,17.18,0.0,4,6872,卖盘
1265,14:05:43,17.18,0.0,1,1718,卖盘
1266,14:05:52,17.18,0.0,5,8590,卖盘
1267,14:06:07,17.18,0.0,500,859000,卖盘
1268,14:06:37,17.18,0.0,1,1718,卖盘
1269,14:06:46,17.18,0.0,2,3436,卖盘
1270,14:06:49,17.18,0.0,4,6872,卖盘
1271,14:07:07,17.18,0.0,7,12026,卖盘
1272,14:07:19,17.18,0.0,2,3436,卖盘
1273,14:07:36,17.18,0.0,2,3436,卖盘
1274,14:08:15,17.18,0.0,1,1718,卖盘
1275,14:08:39,17.18,0.0,6,10308,卖盘
1276,14:09:04,17.18,0.0,1,1718,卖盘
1277,14:09:07,17.18,0.0,1,1718,卖盘
1278,14:09:16,17.18,0.0,2,3436,卖盘
1279,14:09:43,17.18,0.0,2,3436,卖盘
1280,14:10:19,17.18,0.0,10,17180,卖盘
1281,14:11:31,17.18,0.0,6,10308,卖盘
1282,14:12:10,17.18,0.0,2,3436,卖盘
1283,14:12:16,17.18,0.0,1,1718,卖盘
1284,14:12:46,17.18,0.0,14,24052,卖盘
1285,14:13:25,17.18,0.0,1,1718,卖盘
1286,14:14:01,17.18,0.0,20,34360,卖盘
1287,14:14:04,17.18,0.0,5,8590,卖盘
1288,14:14:43,17.18,0.0,2,3436,卖盘
1289,14:15:16,17.18,0.0,2,3436,卖盘
1290,14:15:48,17.18,0.0,1,1718,卖盘
1291,14:16:19,17.18,0.0,2,3436,卖盘
1292,14:16:43,17.18,0.0,5,8590,卖盘
1293,14:17:01,17.18,0.0,2,3436,卖盘
1294,14:17:04,17.18,0.0,2,3436,卖盘
1295,14:17:13,17.18,0.0,6,10308,卖盘
1296,14:17:15,17.18,0.0,1,1718,卖盘
1297,14:17:19,17.18,0.0,20,34360,卖盘
1298,14:17:25,17.18,0.0,1,1718,卖盘
1299,14:17:49,17.18,0.0,1,1718,卖盘
1300,14:18:16,17.18,0.0,2,3436,卖盘
1301,14:18:25,17.18,0.0,30,51540,卖盘
1302,14:19:07,17.18,0.0,2,3436,卖盘
1303,14:19:19,17.18,0.0,2,3436,卖盘
1304,14:19:31,17.18,0.0,1,1718,卖盘
1305,14:19:34,17.18,0.0,2,3436,卖盘
1306,14:19:55,17.18,0.0,5,8590,卖盘
1307,14:19:58,17.18,0.0,2,3436,卖盘
1308,14:20:07,17.18,0.0,10,17180,卖盘
1309,14:20:43,17.18,0.0,7,12026,卖盘
1310,14:20:55,17.18,0.0,5,8590,卖盘
1311,14:20:58,17.18,0.0,1,1718,卖盘
1312,14:21:28,17.18,0.0,2,3436,卖盘
1313,14:22:40,17.18,0.0,1,1718,卖盘
1314,14:23:04,17.18,0.0,5,8590,卖盘
1315,14:23:28,17.18,0.0,4,6872,卖盘
1316,14:23:52,17.18,0.0,12,20616,卖盘
1317,14:23:55,17.18,0.0,7,12026,卖盘
1318,14:24:18,17.18,0.0,1,1718,卖盘
1319,14:24:22,17.18,0.0,1,1718,卖盘
1320,14:25:13,17.18,0.0,8,13744,卖盘
1321,14:25:39,17.18,0.0,2,3436,卖盘
1322,14:26:04,17.18,0.0,6,10308,卖盘
1323,14:26:13,17.18,0.0,2,3436,卖盘
1324,14:26:31,17.18,0.0,3,5154,卖盘
1325,14:26:43,17.18,0.0,1,1718,卖盘
1326,14:27:01,17.18,0.0,10,17180,卖盘
1327,14:27:04,17.18,0.0,8,13744,卖盘
1328,14:27:31,17.18,0.0,1,1718,卖盘
1329,14:27:37,17.18,0.0,1,1718,卖盘
1330,14:28:10,17.18,0.0,1,1718,卖盘
1331,14:28:13,17.18,0.0,3,5154,卖盘
1332,14:28:52,17.18,0.0,1,1718,卖盘
1333,14:29:04,17.18,0.0,5,8590,卖盘
1334,14:29:07,17.18,0.0,6,10308,卖盘
1335,14:29:46,17.18,0.0,1,1718,卖盘
1336,14:29:49,17.18,0.0,1,1718,卖盘
1337,14:29:58,17.18,0.0,2,3436,卖盘
1338,14:30:00,17.18,0.0,1,1718,卖盘
1339,14:30:16,17.18,0.0,4,6872,卖盘
1340,14:31:13,17.18,0.0,34,58412,卖盘
1341,14:31:31,17.18,0.0,10,17180,卖盘
1342,14:31:46,17.18,0.0,3,5154,卖盘
1343,14:32:10,17.18,0.0,1,1718,卖盘
1344,14:32:18,17.18,0.0,11,18898,卖盘
1345,14:32:28,17.18,0.0,1,1718,卖盘
1346,14:33:07,17.18,0.0,2,3436,卖盘
1347,14:33:55,17.18,0.0,10,17180,卖盘
1348,14:34:19,17.18,0.0,6,10308,卖盘
1349,14:35:01,17.18,0.0,2,3436,卖盘
1350,14:35:28,17.18,0.0,10,17180,卖盘
1351,14:35:37,17.18,0.0,2,3436,卖盘
1352,14:36:07,17.18,0.0,10,17180,卖盘
1353,14:36:22,17.18,0.0,1,1718,卖盘
1354,14:36:34,17.18,0.0,5,8590,卖盘
1355,14:36:37,17.18,0.0,2,3436,卖盘
1356,14:37:04,17.18,0.0,1,1718,卖盘
1357,14:37:07,17.18,0.0,1,1718,卖盘
1358,14:37:37,17.18,0.0,20,34360,卖盘
1359,14:37:52,17.18,0.0,1,1718,卖盘
1360,14:38:04,17.18,0.0,7,12026,卖盘
1361,14:38:10,17.18,0.0,48,82464,卖盘
1362,14:38:16,17.18,0.0,2,3436,卖盘
1363,14:38:28,17.18,0.0,6,10308,卖盘
1364,14:38:37,17.18,0.0,2,3436,卖盘
1365,14:38:49,17.18,0.0,28,48104,卖盘
1366,14:38:58,17.18,0.0,2,3436,卖盘
1367,14:39:16,17.18,0.0,4,6872,卖盘
1368,14:39:31,17.18,0.0,3,5154,卖盘
1369,14:39:34,17.18,0.0,1,1718,卖盘
1370,14:39:37,17.18,0.0,7,12026,卖盘
1371,14:39:40,17.18,0.0,6,10308,卖盘
1372,14:39:46,17.18,0.0,1,1718,卖盘
1373,14:39:58,17.18,0.0,1,1718,卖盘
1374,14:40:07,17.18,0.0,6,10308,卖盘
1375,14:40:13,17.18,0.0,3,5154,卖盘
1376,14:40:43,17.18,0.0,10,17180,卖盘
1377,14:40:52,17.18,0.0,1,1718,卖盘
1378,14:40:58,17.18,0.0,20,34360,卖盘
1379,14:41:04,17.18,0.0,2,3436,卖盘
1380,14:41:19,17.18,0.0,34,58412,卖盘
1381,14:41:31,17.18,0.0,10,17180,卖盘
1382,14:41:37,17.18,0.0,30,51540,卖盘
1383,14:41:49,17.18,0.0,2,3436,卖盘
1384,14:42:19,17.18,0.0,1,1718,卖盘
1385,14:42:34,17.18,0.0,5,8590,卖盘
1386,14:42:37,17.18,0.0,7,12026,卖盘
1387,14:42:46,17.18,0.0,23,39514,卖盘
1388,14:43:10,17.18,0.0,1,1718,卖盘
1389,14:43:16,17.18,0.0,10,17180,卖盘
1390,14:43:25,17.18,0.0,1,1718,卖盘
1391,14:43:34,17.18,0.0,1,1718,卖盘
1392,14:43:43,17.18,0.0,8,13744,卖盘
1393,14:44:01,17.18,0.0,10,17180,卖盘
1394,14:44:25,17.18,0.0,31,53258,卖盘
1395,14:44:55,17.18,0.0,16,27488,卖盘
1396,14:45:01,17.18,0.0,3,5154,卖盘
1397,14:45:10,17.18,0.0,10,17180,卖盘
1398,14:45:19,17.18,0.0,2,3436,卖盘
1399,14:45:31,17.18,0.0,10,17180,卖盘
1400,14:45:43,17.18,0.0,6,10308,卖盘
1401,14:45:49,17.18,0.0,9,15462,卖盘
1402,14:45:55,17.18,0.0,2,3436,卖盘
1403,14:46:04,17.18,0.0,1,1718,卖盘
1404,14:46:22,17.18,0.0,5,8590,卖盘
1405,14:46:34,17.18,0.0,5,8590,卖盘
1406,14:46:43,17.18,0.0,4,6872,卖盘
1407,14:46:49,17.18,0.0,20,34360,卖盘
1408,14:46:55,17.18,0.0,3,5154,卖盘
1409,14:47:16,17.18,0.0,3,5154,卖盘
1410,14:47:19,17.18,0.0,2,3436,卖盘
1411,14:47:22,17.18,0.0,1,1718,卖盘
1412,14:47:46,17.18,0.0,33,56694,卖盘
1413,14:47:55,17.18,0.0,2,3436,卖盘
1414,14:48:25,17.18,0.0,32,54976,卖盘
1415,14:48:43,17.18,0.0,1,1718,卖盘
1416,14:49:10,17.18,0.0,5,8590,卖盘
1417,14:49:22,17.18,0.0,1,1718,卖盘
1418,14:49:25,17.18,0.0,4,6872,卖盘
1419,14:49:28,17.18,0.0,2,3436,卖盘
1420,14:49:37,17.18,0.0,1,1718,卖盘
1421,14:49:43,17.18,0.0,10,17180,卖盘
1422,14:49:58,17.18,0.0,2,3436,卖盘
1423,14:50:01,17.18,0.0,29,49822,卖盘
1424,14:50:07,17.18,0.0,50,85900,卖盘
1425,14:50:13,17.18,0.0,1,1718,卖盘
1426,14:50:16,17.18,0.0,15,25770,卖盘
1427,14:50:31,17.18,0.0,3,5154,卖盘
1428,14:50:34,17.18,0.0,1,1718,卖盘
1429,14:50:55,17.18,0.0,10,17180,卖盘
1430,14:51:25,17.18,0.0,2,3436,卖盘
1431,14:51:43,17.18,0.0,11,18898,卖盘
1432,14:52:10,17.18,0.0,1,1718,卖盘
1433,14:52:16,17.18,0.0,20,34360,卖盘
1434,14:52:49,17.18,0.0,6,10308,卖盘
1435,14:52:52,17.18,0.0,1,1718,卖盘
1436,14:52:55,17.18,0.0,1,1718,卖盘
1437,14:53:04,17.18,0.0,20,34360,卖盘
1438,14:53:55,17.18,0.0,1,1718,卖盘
1439,14:54:10,17.18,0.0,1,1718,卖盘
1440,14:54:22,17.18,0.0,1,1718,卖盘
1441,14:54:40,17.18,0.0,40,68720,卖盘
1442,14:54:43,17.18,0.0,2,3436,卖盘
1443,14:54:58,17.18,0.0,10,17180,卖盘
1444,14:55:01,17.18,0.0,10,17180,卖盘
1445,14:55:04,17.18,0.0,1,1718,卖盘
1446,14:55:07,17.18,0.0,43,73874,卖盘
1447,14:55:46,17.18,0.0,2,3436,卖盘
1448,14:56:04,17.18,0.0,1,1718,卖盘
1449,14:56:22,17.18,0.0,1,1718,卖盘
1450,14:56:43,17.18,0.0,3,5154,卖盘
1451,14:56:52,17.18,0.0,12,20616,卖盘
1452,15:00:04,17.18,0.0,139,238802,卖盘
