,time,price,change,volume,amount,type
0,09:25:04,7.07,-0.04,710,502479,买盘
1,09:30:01,7.05,-0.02,51,36010,卖盘
2,09:30:04,7.06,0.01,507,358281,卖盘
3,09:30:07,7.07,0.01,236,166850,买盘
4,09:30:10,7.07,0.0,78,55130,买盘
5,09:30:15,7.07,0.0,35,24745,买盘
6,09:30:19,7.06,-0.01,56,39536,卖盘
7,09:30:22,7.1,0.04,941,666092,买盘
8,09:30:31,7.09,-0.01,100,70900,卖盘
9,09:30:33,7.09,0.0,128,90793,卖盘
10,09:30:37,7.09,0.0,8,5672,买盘
11,09:30:39,7.08,-0.01,10,7080,卖盘
12,09:30:46,7.09,0.01,232,164488,买盘
13,09:30:52,7.09,0.0,30,21270,买盘
14,09:30:54,7.1,0.01,271,192339,买盘
15,09:31:00,7.1,0.0,2,1420,买盘
16,09:31:04,7.1,0.0,1,710,买盘
17,09:31:06,7.13,0.03,295,209940,买盘
18,09:31:10,7.1,-0.03,3,2130,中性盘
19,09:31:13,7.11,0.01,1,711,中性盘
20,09:31:16,7.1,-0.01,43,30647,卖盘
21,09:31:18,7.13,0.03,280,199515,买盘
22,09:31:21,7.12,-0.01,15,10685,中性盘
23,09:31:25,7.12,0.0,4,2847,买盘
24,09:31:28,7.13,0.01,306,218139,买盘
25,09:31:33,7.12,-0.01,5,3560,买盘
26,09:31:37,7.12,0.0,162,115332,买盘
27,09:31:43,7.12,0.0,41,29192,买盘
28,09:31:46,7.11,-0.01,93,66210,卖盘
29,09:31:48,7.12,0.01,47,33433,买盘
30,09:31:51,7.12,0.0,120,85301,买盘
31,09:31:54,7.12,0.0,24,17088,买盘
32,09:31:57,7.12,0.0,50,35600,卖盘
33,09:32:04,7.12,0.0,1,712,买盘
34,09:32:07,7.12,0.0,55,39130,买盘
35,09:32:10,7.12,0.0,167,118904,买盘
36,09:32:13,7.11,-0.01,7,4977,卖盘
37,09:32:16,7.13,0.02,133,94691,买盘
38,09:32:19,7.12,-0.01,104,74133,中性盘
39,09:32:22,7.12,0.0,98,69872,卖盘
40,09:32:25,7.12,0.0,147,104678,卖盘
41,09:32:27,7.12,0.0,134,95433,卖盘
42,09:32:30,7.12,0.0,61,43432,买盘
43,09:32:33,7.12,0.0,48,34176,买盘
44,09:32:37,7.12,0.0,74,52688,买盘
45,09:32:40,7.12,0.0,43,30616,买盘
46,09:32:43,7.11,-0.01,87,61924,卖盘
47,09:32:45,7.12,0.01,32,22784,买盘
48,09:32:48,7.12,0.0,57,40600,买盘
49,09:32:51,7.11,-0.01,115,81880,卖盘
50,09:32:54,7.12,0.01,24,17078,买盘
51,09:32:58,7.12,0.0,44,31328,买盘
52,09:33:01,7.12,0.0,29,20648,买盘
53,09:33:04,7.12,0.0,36,25632,买盘
54,09:33:06,7.12,0.0,90,64105,买盘
55,09:33:10,7.13,0.01,59,42022,买盘
56,09:33:13,7.12,-0.01,120,85546,卖盘
57,09:33:16,7.12,0.0,18,12821,卖盘
58,09:33:19,7.12,0.0,33,23506,买盘
59,09:33:21,7.13,0.01,10,7130,买盘
60,09:33:25,7.13,0.0,13,9269,买盘
61,09:33:28,7.12,-0.01,77,54844,卖盘
62,09:33:34,7.13,0.01,1,713,买盘
63,09:33:36,7.11,-0.02,122,86869,卖盘
64,09:33:39,7.13,0.02,10,7130,买盘
65,09:33:42,7.12,-0.01,20,14240,卖盘
66,09:33:46,7.12,0.0,3,2136,卖盘
67,09:33:49,7.13,0.01,23,16399,买盘
68,09:33:52,7.13,0.0,16,11408,买盘
69,09:33:57,7.13,0.0,38,27063,买盘
70,09:34:01,7.13,0.0,8,5704,买盘
71,09:34:04,7.12,-0.01,14,9979,卖盘
72,09:34:07,7.13,0.01,8,5704,买盘
73,09:34:10,7.12,-0.01,4,2848,卖盘
74,09:34:16,7.12,0.0,113,80456,卖盘
75,09:34:19,7.12,0.0,61,43432,卖盘
76,09:34:22,7.12,0.0,7,4984,买盘
77,09:34:25,7.12,0.0,70,49840,买盘
78,09:34:28,7.12,0.0,76,54005,买盘
79,09:34:31,7.12,0.0,10,7120,买盘
80,09:34:33,7.11,-0.01,126,89622,卖盘
81,09:34:36,7.11,0.0,18,12798,买盘
82,09:34:43,7.11,0.0,21,14931,买盘
83,09:34:45,7.12,0.01,157,111753,买盘
84,09:34:48,7.12,0.0,33,23496,买盘
85,09:34:51,7.12,0.0,42,29904,买盘
86,09:34:54,7.12,0.0,6,4273,卖盘
87,09:34:58,7.13,0.01,143,101959,买盘
88,09:35:01,7.12,-0.01,290,206480,卖盘
89,09:35:04,7.12,0.0,6,4272,买盘
90,09:35:06,7.12,0.0,174,123873,买盘
91,09:35:10,7.1,-0.02,111,78732,卖盘
92,09:35:12,7.1,0.0,99,70290,买盘
93,09:35:16,7.1,0.0,169,120111,买盘
94,09:35:19,7.11,0.01,16,11382,中性盘
95,09:35:21,7.11,0.0,73,51903,买盘
96,09:35:25,7.12,0.01,39,27732,买盘
97,09:35:27,7.11,-0.01,78,55482,卖盘
98,09:35:30,7.12,0.01,5,3560,买盘
99,09:35:33,7.12,0.0,39,27768,买盘
100,09:35:37,7.11,-0.01,36,25630,卖盘
101,09:35:40,7.12,0.01,49,34888,买盘
102,09:35:43,7.12,0.0,222,158061,买盘
103,09:35:46,7.12,0.0,18,12816,买盘
104,09:35:48,7.12,0.0,25,17800,买盘
105,09:35:51,7.12,0.0,21,14952,买盘
106,09:35:54,7.12,0.0,155,110182,买盘
107,09:35:58,7.12,0.0,345,245635,买盘
108,09:36:04,7.12,0.0,26,18518,卖盘
109,09:36:06,7.12,0.0,255,181583,卖盘
110,09:36:10,7.12,0.0,81,57672,卖盘
111,09:36:19,7.12,0.0,13,9256,买盘
112,09:36:21,7.13,0.01,22,15671,买盘
113,09:36:25,7.12,-0.01,19,13528,卖盘
114,09:36:30,7.12,0.0,14,9968,买盘
115,09:36:33,7.12,0.0,28,19936,买盘
116,09:36:36,7.12,0.0,34,24208,买盘
117,09:36:40,7.12,0.0,10,7111,买盘
118,09:36:42,7.12,0.0,27,19223,买盘
119,09:36:49,7.12,0.0,10,7120,买盘
120,09:36:52,7.12,0.0,68,48416,买盘
121,09:37:01,7.12,0.0,8,5696,买盘
122,09:37:04,7.1,-0.02,252,179111,卖盘
123,09:37:06,7.12,0.02,13,9256,买盘
124,09:37:09,7.12,0.0,23,16376,买盘
125,09:37:16,7.12,0.0,5,3560,卖盘
126,09:37:19,7.12,0.0,45,32040,卖盘
127,09:37:21,7.12,0.0,8,5696,买盘
128,09:37:25,7.12,0.0,14,9968,买盘
129,09:37:27,7.1,-0.02,54,38343,卖盘
130,09:37:31,7.12,0.02,1,712,买盘
131,09:37:34,7.12,0.0,3,2136,买盘
132,09:37:36,7.12,0.0,7,4984,买盘
133,09:37:40,7.11,-0.01,2,1422,卖盘
134,09:37:42,7.11,0.0,2,1422,卖盘
135,09:37:49,7.12,0.01,42,29872,买盘
136,09:37:51,7.11,-0.01,28,19926,卖盘
137,09:38:01,7.12,0.01,6,4272,买盘
138,09:38:04,7.11,-0.01,27,19197,卖盘
139,09:38:06,7.11,0.0,79,56176,卖盘
140,09:38:16,7.11,0.0,73,51974,卖盘
141,09:38:19,7.12,0.01,10,7120,买盘
142,09:38:22,7.12,0.0,10,7120,买盘
143,09:38:31,7.12,0.0,24,17074,买盘
144,09:38:36,7.11,-0.01,13,9250,卖盘
145,09:38:43,7.11,0.0,250,177750,卖盘
146,09:38:46,7.12,0.01,54,38446,买盘
147,09:38:49,7.12,0.0,23,16367,买盘
148,09:38:51,7.12,0.0,7,4984,买盘
149,09:38:58,7.11,-0.01,94,66844,卖盘
150,09:39:00,7.12,0.01,100,71147,买盘
151,09:39:06,7.12,0.0,7,4984,买盘
152,09:39:13,7.12,0.0,1,712,买盘
153,09:39:16,7.12,0.0,4,2848,买盘
154,09:39:19,7.12,0.0,10,7120,买盘
155,09:39:22,7.12,0.0,7,4984,买盘
156,09:39:28,7.12,0.0,40,28480,买盘
157,09:39:31,7.12,0.0,16,11392,买盘
158,09:39:33,7.12,0.0,231,164472,买盘
159,09:39:36,7.13,0.01,35,24955,买盘
160,09:39:39,7.13,0.0,26,18538,买盘
161,09:39:42,7.12,-0.01,35,24945,卖盘
162,09:39:46,7.13,0.01,33,23511,买盘
163,09:39:49,7.13,0.0,23,16399,买盘
164,09:39:52,7.13,0.0,38,27094,买盘
165,09:39:54,7.13,0.0,21,14973,买盘
166,09:39:57,7.13,0.0,22,15686,买盘
167,09:40:01,7.13,0.0,16,11408,买盘
168,09:40:04,7.13,0.0,36,25668,买盘
169,09:40:07,7.13,0.0,76,54188,买盘
170,09:40:10,7.13,0.0,52,37076,买盘
171,09:40:13,7.13,0.0,46,32798,买盘
172,09:40:16,7.13,0.0,278,198214,买盘
173,09:40:19,7.14,0.01,21,14994,买盘
174,09:40:22,7.14,0.0,28,19992,买盘
175,09:40:24,7.13,-0.01,12,8564,卖盘
176,09:40:27,7.14,0.01,5,3570,买盘
177,09:40:31,7.13,-0.01,32,22816,卖盘
178,09:40:37,7.14,0.01,13,9282,买盘
179,09:40:39,7.13,-0.01,2,1426,卖盘
180,09:40:42,7.13,0.0,20,14260,卖盘
181,09:40:46,7.14,0.01,30,21420,买盘
182,09:40:52,7.14,0.0,44,31416,买盘
183,09:40:55,7.14,0.0,3,2142,买盘
184,09:40:57,7.13,-0.01,2,1426,卖盘
185,09:41:00,7.14,0.01,6,4284,买盘
186,09:41:04,7.14,0.0,81,57834,买盘
187,09:41:06,7.14,0.0,13,9282,买盘
188,09:41:09,7.14,0.0,58,41412,买盘
189,09:41:12,7.14,0.0,23,16422,买盘
190,09:41:16,7.14,0.0,19,13566,买盘
191,09:41:19,7.14,0.0,6,4284,买盘
192,09:41:21,7.15,0.01,38,27138,买盘
193,09:41:28,7.15,0.0,30,21450,买盘
194,09:41:31,7.15,0.0,5,3575,买盘
195,09:41:36,7.15,0.0,153,109395,买盘
196,09:41:39,7.15,0.0,10,7150,买盘
197,09:41:42,7.14,-0.01,101,72114,卖盘
198,09:41:46,7.14,0.0,20,14280,卖盘
199,09:41:49,7.14,0.0,32,22868,卖盘
200,09:41:51,7.14,0.0,20,14298,卖盘
201,09:41:55,7.15,0.01,231,164939,买盘
202,09:41:57,7.14,-0.01,2,1428,卖盘
203,09:42:01,7.14,0.0,11,7854,卖盘
204,09:42:04,7.14,0.0,240,171318,卖盘
205,09:42:06,7.14,0.0,7,4998,买盘
206,09:42:10,7.14,0.0,1,714,买盘
207,09:42:13,7.14,0.0,71,50694,买盘
208,09:42:16,7.14,0.0,6,4284,买盘
209,09:42:22,7.14,0.0,43,30702,买盘
210,09:42:25,7.14,0.0,43,30702,买盘
211,09:42:27,7.14,0.0,6,4284,买盘
212,09:42:30,7.14,0.0,10,7140,买盘
213,09:42:36,7.14,0.0,8,5712,买盘
214,09:42:40,7.14,0.0,2,1428,买盘
215,09:42:43,7.13,-0.01,80,57040,卖盘
216,09:42:46,7.14,0.01,38,27099,买盘
217,09:42:49,7.14,0.0,96,68544,买盘
218,09:42:52,7.14,0.0,57,40705,卖盘
219,09:43:01,7.15,0.01,64,45726,买盘
220,09:43:04,7.15,0.0,16,11436,买盘
221,09:43:07,7.14,-0.01,98,69993,卖盘
222,09:43:10,7.15,0.01,67,47867,买盘
223,09:43:13,7.13,-0.02,85,60665,卖盘
224,09:43:22,7.15,0.02,17,12155,买盘
225,09:43:25,7.13,-0.02,2407,1726307,卖盘
226,09:43:28,7.15,0.02,103,73652,中性盘
227,09:43:31,7.15,0.0,5,3577,卖盘
228,09:43:33,7.17,0.02,6,4302,买盘
229,09:43:36,7.15,-0.02,100,71544,卖盘
230,09:43:45,7.15,0.0,40,28640,卖盘
231,09:43:49,7.14,-0.01,147,105051,卖盘
232,09:43:51,7.17,0.03,17,12189,买盘
233,09:43:54,7.16,-0.01,3,2148,卖盘
234,09:43:58,7.16,0.0,3,2148,卖盘
235,09:44:06,7.16,0.0,23,16485,卖盘
236,09:44:09,7.15,-0.01,268,191799,卖盘
237,09:44:12,7.15,0.0,102,72930,卖盘
238,09:44:15,7.15,0.0,3,2145,卖盘
239,09:44:18,7.16,0.01,53,37948,买盘
240,09:44:21,7.16,0.0,17,12172,买盘
241,09:44:30,7.15,-0.01,9,6435,卖盘
242,09:44:34,7.15,0.0,147,105105,卖盘
243,09:44:36,7.15,0.0,11,7872,卖盘
244,09:44:40,7.14,-0.01,91,64991,卖盘
245,09:44:43,7.16,0.02,75,53700,买盘
246,09:44:46,7.16,0.0,103,73742,买盘
247,09:44:49,7.16,0.0,32,22910,买盘
248,09:44:51,7.13,-0.03,127,90680,卖盘
249,09:45:06,7.16,0.03,17,12162,买盘
250,09:45:09,7.13,-0.03,199,142024,卖盘
251,09:45:16,7.16,0.03,20,14319,买盘
252,09:45:19,7.16,0.0,10,7160,买盘
253,09:45:22,7.16,0.0,17,12172,买盘
254,09:45:25,7.16,0.0,15,10740,买盘
255,09:45:28,7.14,-0.02,149,106460,卖盘
256,09:45:33,7.16,0.02,39,27924,买盘
257,09:45:37,7.17,0.01,108,77409,买盘
258,09:45:40,7.15,-0.02,94,67230,卖盘
259,09:45:43,7.15,0.0,5,3575,卖盘
260,09:45:46,7.15,0.0,111,79366,卖盘
261,09:45:51,7.15,0.0,29,20752,卖盘
262,09:46:04,7.16,0.01,20,14320,买盘
263,09:46:07,7.15,-0.01,135,96532,卖盘
264,09:46:09,7.14,-0.01,94,67186,卖盘
265,09:46:12,7.15,0.01,17,12171,中性盘
266,09:46:15,7.14,-0.01,2,1428,卖盘
267,09:46:19,7.16,0.02,10,7159,买盘
268,09:46:22,7.16,0.0,7,5012,买盘
269,09:46:25,7.14,-0.02,110,78550,卖盘
270,09:46:33,7.15,0.01,5,3575,卖盘
271,09:46:36,7.15,0.0,7,5005,买盘
272,09:46:40,7.14,-0.01,90,64260,卖盘
273,09:46:42,7.14,0.0,110,78540,卖盘
274,09:46:45,7.14,0.0,4,2856,卖盘
275,09:46:51,7.15,0.01,17,12155,买盘
276,09:47:04,7.15,0.0,30,21450,买盘
277,09:47:06,7.13,-0.02,354,252698,卖盘
278,09:47:09,7.13,0.0,96,68462,卖盘
279,09:47:16,7.14,0.01,2,1428,买盘
280,09:47:19,7.13,-0.01,18,12834,卖盘
281,09:47:21,7.14,0.01,22,15708,买盘
282,09:47:24,7.13,-0.01,114,81285,卖盘
283,09:47:31,7.13,0.0,110,78430,卖盘
284,09:47:36,7.14,0.01,8,5712,买盘
285,09:47:39,7.12,-0.02,89,63416,卖盘
286,09:47:42,7.11,-0.01,116,82582,卖盘
287,09:47:46,7.14,0.03,2,1427,买盘
288,09:47:52,7.13,-0.01,10,7130,买盘
289,09:47:54,7.13,0.0,147,104944,卖盘
290,09:48:01,7.14,0.01,1,714,卖盘
291,09:48:04,7.12,-0.02,151,107584,卖盘
292,09:48:07,7.14,0.02,7,4998,买盘
293,09:48:10,7.12,-0.02,89,63394,卖盘
294,09:48:16,7.13,0.01,2,1426,卖盘
295,09:48:22,7.14,0.01,22,15703,买盘
296,09:48:24,7.11,-0.03,131,93219,卖盘
297,09:48:27,7.11,0.0,32,22769,卖盘
298,09:48:37,7.13,0.02,7,4991,买盘
299,09:48:40,7.11,-0.02,89,63279,卖盘
300,09:48:43,7.11,0.0,112,79672,卖盘
301,09:48:51,7.13,0.02,17,12121,买盘
302,09:48:55,7.13,0.0,30,21390,买盘
303,09:49:00,7.13,0.0,97,69154,买盘
304,09:49:04,7.11,-0.02,187,133100,卖盘
305,09:49:06,7.14,0.03,25,17850,买盘
306,09:49:09,7.11,-0.03,98,69699,卖盘
307,09:49:12,7.12,0.01,17,12104,买盘
308,09:49:16,7.14,0.02,26,18564,买盘
309,09:49:19,7.13,-0.01,106,75578,买盘
310,09:49:22,7.14,0.01,212,151045,买盘
311,09:49:31,7.14,0.0,17,12138,买盘
312,09:49:34,7.13,-0.01,44,31372,买盘
313,09:49:36,7.14,0.01,7,4998,买盘
314,09:49:39,7.14,0.0,238,169551,买盘
315,09:49:43,7.12,-0.02,60,42775,卖盘
316,09:49:52,7.14,0.02,17,12138,买盘
317,09:49:54,7.12,-0.02,3,2137,卖盘
318,09:49:58,7.11,-0.01,110,78212,卖盘
319,09:50:01,7.12,0.01,31,22119,中性盘
320,09:50:04,7.12,0.0,2,1424,卖盘
321,09:50:06,7.14,0.02,8,5712,买盘
322,09:50:09,7.14,0.0,178,127092,买盘
323,09:50:12,7.15,0.01,6,4290,买盘
324,09:50:16,7.15,0.0,180,128576,买盘
325,09:50:22,7.15,0.0,134,95756,买盘
326,09:50:36,7.15,0.0,7,5005,买盘
327,09:50:39,7.12,-0.03,251,178983,卖盘
328,09:50:42,7.15,0.03,72,51480,买盘
329,09:50:45,7.15,0.0,57,40735,买盘
330,09:50:49,7.14,-0.01,2,1428,卖盘
331,09:50:52,7.15,0.01,53,37895,买盘
332,09:50:55,7.16,0.01,95,67674,买盘
333,09:50:57,7.13,-0.03,131,93539,卖盘
334,09:51:04,7.14,0.01,48,34318,中性盘
335,09:51:06,7.16,0.02,22,15752,买盘
336,09:51:09,7.13,-0.03,89,63549,卖盘
337,09:51:13,7.16,0.03,26,18616,买盘
338,09:51:16,7.13,-0.03,110,78432,卖盘
339,09:51:22,7.16,0.03,18,12888,买盘
340,09:51:27,7.16,0.0,50,35715,买盘
341,09:51:37,7.16,0.0,7,5012,买盘
342,09:51:40,7.12,-0.04,236,168219,卖盘
343,09:51:42,7.16,0.04,6,4296,买盘
344,09:51:52,7.16,0.0,9,6439,买盘
345,09:52:04,7.16,0.0,30,21473,买盘
346,09:52:06,7.12,-0.04,173,123299,卖盘
347,09:52:10,7.12,0.0,90,64127,卖盘
348,09:52:13,7.12,0.0,2,1425,卖盘
349,09:52:22,7.14,0.02,7,4998,买盘
350,09:52:25,7.12,-0.02,110,78369,卖盘
351,09:52:31,7.15,0.03,5,3575,买盘
352,09:52:34,7.15,0.0,27,19305,买盘
353,09:52:37,7.15,0.0,7,5005,买盘
354,09:52:39,7.13,-0.02,108,77042,卖盘
355,09:52:43,7.13,0.0,112,79856,卖盘
356,09:52:48,7.16,0.03,84,60107,买盘
357,09:52:52,7.16,0.0,23,16468,买盘
358,09:52:54,7.16,0.0,6,4296,买盘
359,09:53:01,7.16,0.0,6,4296,买盘
360,09:53:04,7.16,0.0,164,117296,买盘
361,09:53:07,7.16,0.0,7,5012,买盘
362,09:53:10,7.15,-0.01,90,64350,卖盘
363,09:53:21,7.16,0.01,48,34338,买盘
364,09:53:25,7.16,0.0,334,239015,买盘
365,09:53:28,7.16,0.0,5,3580,买盘
366,09:53:36,7.16,0.0,27,19332,买盘
367,09:53:40,7.15,-0.01,89,63635,卖盘
368,09:53:43,7.16,0.01,240,171730,买盘
369,09:53:45,7.16,0.0,2,1432,卖盘
370,09:53:52,7.17,0.01,7,5019,买盘
371,09:53:54,7.17,0.0,10,7170,买盘
372,09:53:57,7.17,0.0,12,8604,买盘
373,09:54:00,7.17,0.0,16,11472,买盘
374,09:54:04,7.17,0.0,152,108853,买盘
375,09:54:06,7.16,-0.01,9,6451,卖盘
376,09:54:09,7.15,-0.01,61,43621,卖盘
377,09:54:12,7.16,0.01,66,47222,买盘
378,09:54:16,7.15,-0.01,23,16469,卖盘
379,09:54:18,7.15,0.0,139,99439,卖盘
380,09:54:22,7.17,0.02,7,5019,买盘
381,09:54:25,7.16,-0.01,12,8602,卖盘
382,09:54:34,7.16,0.0,1,716,买盘
383,09:54:37,7.15,-0.01,124,88701,卖盘
384,09:54:39,7.15,0.0,90,64372,卖盘
385,09:54:42,7.15,0.0,2,1430,卖盘
386,09:54:45,7.16,0.01,52,37232,买盘
387,09:54:49,7.15,-0.01,11,7871,卖盘
388,09:54:52,7.16,0.01,7,5012,买盘
389,09:54:55,7.16,0.0,127,90822,买盘
390,09:54:58,7.16,0.0,105,75180,买盘
391,09:55:00,7.16,0.0,85,60860,卖盘
392,09:55:07,7.17,0.01,8,5736,买盘
393,09:55:10,7.16,-0.01,99,70894,卖盘
394,09:55:16,7.16,0.0,34,24358,卖盘
395,09:55:18,7.17,0.01,101,72317,买盘
396,09:55:22,7.17,0.0,9,6451,买盘
397,09:55:25,7.17,0.0,323,231491,买盘
398,09:55:30,7.16,-0.01,5,3580,买盘
399,09:55:36,7.16,0.0,7,5012,买盘
400,09:55:39,7.16,0.0,103,73659,买盘
401,09:55:42,7.13,-0.03,319,227786,卖盘
402,09:55:48,7.16,0.03,5,3580,中性盘
403,09:55:51,7.16,0.0,15,10753,卖盘
404,09:55:55,7.17,0.01,24,17199,买盘
405,09:55:58,7.16,-0.01,54,38664,卖盘
406,09:56:00,7.16,0.0,14,10024,买盘
407,09:56:04,7.16,0.0,1,716,买盘
408,09:56:06,7.16,0.0,7,5012,买盘
409,09:56:10,7.13,-0.03,89,63535,卖盘
410,09:56:13,7.16,0.03,6,4296,买盘
411,09:56:22,7.16,0.0,7,5012,买盘
412,09:56:24,7.16,0.0,10,7160,买盘
413,09:56:31,7.16,0.0,4,2864,买盘
414,09:56:34,7.16,0.0,4,2864,买盘
415,09:56:36,7.16,0.0,56,40096,买盘
416,09:56:39,7.15,-0.01,89,63676,卖盘
417,09:56:49,7.15,0.0,7,5010,卖盘
418,09:56:52,7.15,0.0,151,108061,卖盘
419,09:56:55,7.17,0.02,29,20793,买盘
420,09:56:58,7.17,0.0,8,5734,买盘
421,09:57:01,7.17,0.0,76,54492,买盘
422,09:57:04,7.16,-0.01,18,12888,卖盘
423,09:57:07,7.17,0.01,13,9316,买盘
424,09:57:09,7.16,-0.01,687,492527,卖盘
425,09:57:12,7.16,0.0,4,2864,卖盘
426,09:57:15,7.18,0.02,143,102640,买盘
427,09:57:22,7.17,-0.01,62,44511,卖盘
428,09:57:25,7.18,0.01,525,376950,买盘
429,09:57:27,7.17,-0.01,115,82525,卖盘
430,09:57:30,7.17,0.0,104,74568,卖盘
431,09:57:33,7.19,0.02,230,164928,买盘
432,09:57:37,7.19,0.0,7,5033,买盘
433,09:57:40,7.15,-0.04,89,63687,卖盘
434,09:57:49,7.18,0.03,11,7893,买盘
435,09:57:52,7.16,-0.02,157,112535,卖盘
436,09:57:58,7.18,0.02,73,52402,买盘
437,09:58:01,7.17,-0.01,12,8604,卖盘
438,09:58:04,7.17,0.0,24,17222,卖盘
439,09:58:06,7.18,0.01,13,9334,买盘
440,09:58:10,7.15,-0.03,213,152532,卖盘
441,09:58:13,7.17,0.02,10,7170,买盘
442,09:58:16,7.17,0.0,4,2868,买盘
443,09:58:22,7.17,0.0,7,5019,买盘
444,09:58:27,7.17,0.0,15,10755,买盘
445,09:58:30,7.15,-0.02,132,94495,卖盘
446,09:58:37,7.17,0.02,7,5019,买盘
447,09:58:40,7.16,-0.01,139,99574,卖盘
448,09:58:43,7.16,0.0,9,6444,卖盘
449,09:58:46,7.15,-0.01,2,1430,卖盘
450,09:58:49,7.15,0.0,131,93703,卖盘
451,09:58:51,7.17,0.02,7,5019,买盘
452,09:58:54,7.17,0.0,6,4302,买盘
453,09:59:07,7.15,-0.02,10,7166,卖盘
454,09:59:10,7.15,0.0,222,158818,卖盘
455,09:59:13,7.17,0.02,27,19359,买盘
456,09:59:19,7.17,0.0,20,14340,买盘
457,09:59:22,7.17,0.0,7,5019,买盘
458,09:59:25,7.15,-0.02,39,27886,卖盘
459,09:59:28,7.15,0.0,123,87970,卖盘
460,09:59:37,7.16,0.01,9,6451,卖盘
461,09:59:40,7.15,-0.01,90,64385,卖盘
462,09:59:43,7.16,0.01,13,9308,中性盘
463,09:59:45,7.15,-0.01,114,81526,卖盘
464,09:59:48,7.17,0.02,118,84606,买盘
465,09:59:52,7.18,0.01,7,5026,买盘
466,09:59:54,7.18,0.0,22,15796,买盘
467,09:59:58,7.16,-0.02,40,28675,卖盘
468,10:00:04,7.18,0.02,221,158442,买盘
469,10:00:07,7.18,0.0,42,30156,买盘
470,10:00:10,7.18,0.0,268,192303,买盘
471,10:00:12,7.18,0.0,24,17232,买盘
472,10:00:16,7.18,0.0,35,25130,买盘
473,10:00:19,7.15,-0.03,112,80197,卖盘
474,10:00:22,7.18,0.03,18,12924,买盘
475,10:00:25,7.18,0.0,216,155088,买盘
476,10:00:28,7.18,0.0,116,83372,卖盘
477,10:00:31,7.19,0.01,6,4314,买盘
478,10:00:33,7.19,0.0,6,4314,买盘
479,10:00:36,7.19,0.0,225,161662,买盘
480,10:00:40,7.18,-0.01,12,8622,卖盘
481,10:00:43,7.19,0.01,100,71811,买盘
482,10:00:46,7.19,0.0,624,448252,买盘
483,10:00:54,7.19,0.0,5,3595,买盘
484,10:01:00,7.17,-0.02,131,94056,卖盘
485,10:01:07,7.19,0.02,5,3595,买盘
486,10:01:09,7.18,-0.01,6,4308,买盘
487,10:01:12,7.16,-0.02,104,74538,卖盘
488,10:01:15,7.18,0.02,48,34462,买盘
489,10:01:19,7.18,0.0,82,58876,卖盘
490,10:01:22,7.17,-0.01,117,83870,卖盘
491,10:01:25,7.17,0.0,1,717,买盘
492,10:01:28,7.18,0.01,8,5741,买盘
493,10:01:31,7.17,-0.01,2,1434,卖盘
494,10:01:34,7.18,0.01,58,41639,买盘
495,10:01:37,7.16,-0.02,113,80908,卖盘
496,10:01:42,7.17,0.01,91,65158,中性盘
497,10:01:45,7.18,0.01,12,8614,买盘
498,10:02:07,7.18,0.0,6,4308,买盘
499,10:02:09,7.16,-0.02,280,200564,卖盘
500,10:02:12,7.16,0.0,34,24344,卖盘
501,10:02:19,7.17,0.01,1,717,买盘
502,10:02:25,7.16,-0.01,49,35084,卖盘
503,10:02:28,7.16,0.0,113,80908,卖盘
504,10:02:31,7.17,0.01,1,717,买盘
505,10:02:34,7.17,0.0,6,4302,买盘
506,10:02:42,7.16,-0.01,2,1432,卖盘
507,10:02:46,7.16,0.0,219,156804,卖盘
508,10:02:49,7.17,0.01,158,113286,买盘
509,10:03:22,7.17,0.0,14,10038,卖盘
510,10:03:25,7.17,0.0,362,259554,卖盘
511,10:03:33,7.18,0.01,73,52347,买盘
512,10:03:37,7.18,0.0,1,718,买盘
513,10:03:40,7.18,0.0,117,84006,买盘
514,10:03:43,7.17,-0.01,112,80304,卖盘
515,10:03:45,7.16,-0.01,63,45112,卖盘
516,10:03:48,7.17,0.01,3,2151,中性盘
517,10:03:52,7.17,0.0,6,4302,买盘
518,10:03:54,7.16,-0.01,89,63724,卖盘
519,10:03:57,7.17,0.01,89,63813,买盘
520,10:04:01,7.17,0.0,119,85329,卖盘
521,10:04:04,7.17,0.0,200,143400,卖盘
522,10:04:07,7.17,0.0,13,9321,卖盘
523,10:04:09,7.17,0.0,6,4302,买盘
524,10:04:15,7.17,0.0,58,41592,卖盘
525,10:04:19,7.16,-0.01,125,89622,卖盘
526,10:04:34,7.16,0.0,19,13604,卖盘
527,10:04:36,7.15,-0.01,238,170299,卖盘
528,10:04:57,7.18,0.03,40,28700,买盘
529,10:05:00,7.15,-0.03,150,107250,卖盘
530,10:05:04,7.17,0.02,1,717,中性盘
531,10:05:07,7.15,-0.02,91,65082,卖盘
532,10:05:09,7.18,0.03,77,55284,买盘
533,10:05:25,7.17,-0.01,30,21510,卖盘
534,10:05:28,7.15,-0.02,193,138369,卖盘
535,10:05:31,7.18,0.03,111,79698,买盘
536,10:05:33,7.17,-0.01,66,47322,卖盘
537,10:05:36,7.16,-0.01,129,92436,卖盘
538,10:05:40,7.18,0.02,18,12924,买盘
539,10:05:43,7.18,0.0,18,12924,买盘
540,10:05:46,7.17,-0.01,2,1434,卖盘
541,10:05:49,7.18,0.01,122,87442,买盘
542,10:05:52,7.18,0.0,9,6462,买盘
543,10:05:54,7.18,0.0,10,7180,买盘
544,10:05:57,7.17,-0.01,11,7893,卖盘
545,10:06:01,7.18,0.01,5,3590,买盘
546,10:06:04,7.18,0.0,204,146358,买盘
547,10:06:07,7.16,-0.02,94,67343,卖盘
548,10:06:09,7.18,0.02,8,5744,买盘
549,10:06:16,7.18,0.0,34,24412,买盘
550,10:06:19,7.18,0.0,28,20104,买盘
551,10:06:22,7.16,-0.02,113,81008,卖盘
552,10:06:25,7.19,0.03,55,39545,买盘
553,10:06:33,7.19,0.0,200,143800,买盘
554,10:06:37,7.16,-0.03,338,242664,卖盘
555,10:06:39,7.16,0.0,113,80988,卖盘
556,10:06:46,7.18,0.02,33,23694,买盘
557,10:06:49,7.16,-0.02,6,4306,卖盘
558,10:06:52,7.18,0.02,9,6462,买盘
559,10:06:54,7.16,-0.02,109,78058,卖盘
560,10:06:57,7.16,0.0,121,86654,卖盘
561,10:07:06,7.18,0.02,3,2154,买盘
562,10:07:09,7.17,-0.01,98,70266,卖盘
563,10:07:16,7.18,0.01,9,6462,买盘
564,10:07:19,7.17,-0.01,132,94644,卖盘
565,10:07:21,7.18,0.01,48,34464,买盘
566,10:07:25,7.19,0.01,6,4314,买盘
567,10:07:28,7.19,0.0,18,12942,买盘
568,10:07:36,7.18,-0.01,15,10775,卖盘
569,10:07:39,7.17,-0.01,187,134204,卖盘
570,10:07:42,7.19,0.02,53,38022,买盘
571,10:07:45,7.19,0.0,15,10785,买盘
572,10:07:49,7.19,0.0,16,11504,买盘
573,10:07:52,7.19,0.0,32,23004,买盘
574,10:07:58,7.18,-0.01,22,15798,中性盘
575,10:08:01,7.18,0.0,143,102514,买盘
576,10:08:03,7.18,0.0,12,8616,买盘
577,10:08:06,7.18,0.0,10,7180,买盘
578,10:08:10,7.18,0.0,127,91008,买盘
579,10:08:12,7.18,0.0,70,50260,买盘
580,10:08:15,7.18,0.0,6,4308,买盘
581,10:08:18,7.16,-0.02,123,88088,卖盘
582,10:08:24,7.18,0.02,6,4308,买盘
583,10:08:28,7.18,0.0,3,2154,买盘
584,10:08:46,7.16,-0.02,2,1432,卖盘
585,10:08:49,7.15,-0.01,303,216853,卖盘
586,10:08:55,7.17,0.02,9,6453,中性盘
587,10:08:57,7.16,-0.01,66,47257,卖盘
588,10:09:06,7.16,0.0,4,2850,卖盘
589,10:09:10,7.16,0.0,131,93796,卖盘
590,10:09:13,7.16,0.0,1,716,卖盘
591,10:09:16,7.17,0.01,52,37284,买盘
592,10:09:18,7.15,-0.02,89,63705,卖盘
593,10:09:39,7.16,0.01,8,5728,卖盘
594,10:09:42,7.15,-0.01,207,148122,卖盘
595,10:09:49,7.15,0.0,37,26455,卖盘
596,10:09:52,7.15,0.0,99,70785,卖盘
597,10:09:54,7.15,0.0,73,52195,卖盘
598,10:10:00,7.15,0.0,501,358215,卖盘
599,10:10:03,7.14,-0.01,292,208663,卖盘
600,10:10:07,7.15,0.01,25,17875,买盘
601,10:10:13,7.14,-0.01,32,22860,卖盘
602,10:10:16,7.15,0.01,94,67210,买盘
603,10:10:19,7.15,0.0,166,118690,买盘
604,10:10:21,7.14,-0.01,329,235033,卖盘
605,10:10:25,7.15,0.01,6,4291,买盘
606,10:10:27,7.15,0.0,9,6063,买盘
607,10:10:31,7.17,0.02,1979,1416968,买盘
608,10:10:34,7.17,0.0,29,20793,买盘
609,10:10:37,7.17,0.0,32,22944,买盘
610,10:10:40,7.16,-0.01,141,100984,卖盘
611,10:10:45,7.16,0.0,5,3583,卖盘
612,10:10:49,7.17,0.01,6,4302,买盘
613,10:10:52,7.16,-0.01,164,117499,卖盘
614,10:10:55,7.17,0.01,5,3585,买盘
615,10:10:57,7.15,-0.02,112,80145,卖盘
616,10:11:03,7.17,0.02,8,5736,买盘
617,10:11:06,7.17,0.0,41,29397,买盘
618,10:11:13,7.16,-0.01,10,7160,卖盘
619,10:11:16,7.15,-0.01,113,80857,卖盘
620,10:11:19,7.17,0.02,9,6453,买盘
621,10:11:22,7.16,-0.01,153,109611,卖盘
622,10:11:24,7.17,0.01,52,37284,买盘
623,10:11:45,7.18,0.01,36,25848,买盘
624,10:11:49,7.16,-0.02,207,148404,卖盘
625,10:11:52,7.16,0.0,91,65161,卖盘
626,10:11:55,7.18,0.02,24,17232,买盘
627,10:12:07,7.18,0.0,38,27284,买盘
628,10:12:09,7.16,-0.02,131,93852,卖盘
629,10:12:12,7.18,0.02,36,25848,买盘
630,10:12:16,7.19,0.01,649,466468,买盘
631,10:12:19,7.19,0.0,39,28041,卖盘
632,10:12:22,7.16,-0.03,139,99904,卖盘
633,10:12:28,7.19,0.03,1,719,中性盘
634,10:12:31,7.16,-0.03,134,96071,卖盘
635,10:12:39,7.19,0.03,15,10785,买盘
636,10:12:46,7.18,-0.01,3,2154,卖盘
637,10:12:49,7.16,-0.02,115,82378,卖盘
638,10:12:52,7.16,0.0,89,63808,卖盘
639,10:13:00,7.17,0.01,2,1434,买盘
640,10:13:04,7.17,0.0,5,3585,买盘
641,10:13:07,7.16,-0.01,112,80219,卖盘
642,10:13:37,7.18,0.02,41,29438,买盘
643,10:13:40,7.16,-0.02,295,211250,卖盘
644,10:13:42,7.18,0.02,90,64510,买盘
645,10:13:45,7.18,0.0,81,58156,买盘
646,10:13:48,7.18,0.0,6,4308,买盘
647,10:13:55,7.18,0.0,14,10052,买盘
648,10:13:58,7.19,0.01,176,126196,买盘
649,10:14:01,7.19,0.0,9,6471,买盘
650,10:14:04,7.19,0.0,27,19413,买盘
651,10:14:10,7.18,-0.01,36,25874,卖盘
652,10:14:13,7.15,-0.03,98,70220,卖盘
653,10:14:15,7.15,0.0,112,80191,卖盘
654,10:14:22,7.19,0.04,152,109272,买盘
655,10:14:28,7.18,-0.01,2,1436,卖盘
656,10:14:34,7.19,0.01,22,15808,买盘
657,10:14:37,7.15,-0.04,132,94489,卖盘
658,10:14:42,7.19,0.04,2,1438,买盘
659,10:14:46,7.16,-0.03,118,84548,卖盘
660,10:14:49,7.19,0.03,15,10785,买盘
661,10:14:52,7.19,0.0,6,4314,买盘
662,10:14:54,7.16,-0.03,128,91697,卖盘
663,10:14:57,7.19,0.03,27,19413,买盘
664,10:15:00,7.19,0.0,6,4314,买盘
665,10:15:04,7.19,0.0,6,4314,买盘
666,10:15:06,7.19,0.0,20,14380,买盘
667,10:15:09,7.19,0.0,51,36669,买盘
668,10:15:13,7.19,0.0,146,104668,买盘
669,10:15:16,7.16,-0.03,95,68087,卖盘
670,10:15:24,7.17,0.01,8,5736,卖盘
671,10:15:28,7.19,0.02,11,7909,买盘
672,10:15:31,7.17,-0.02,405,291049,卖盘
673,10:15:42,7.19,0.02,88,63272,卖盘
674,10:15:45,7.17,-0.02,89,63813,卖盘
675,10:15:49,7.16,-0.01,113,81004,卖盘
676,10:15:55,7.2,0.04,777,559171,买盘
677,10:16:01,7.2,0.0,7,5040,买盘
678,10:16:15,7.2,0.0,20,14400,买盘
679,10:16:18,7.17,-0.03,570,409254,卖盘
680,10:16:25,7.2,0.03,55,39595,买盘
681,10:16:30,7.2,0.0,10,7200,买盘
682,10:16:37,7.19,-0.01,39,28041,卖盘
683,10:16:39,7.17,-0.02,132,94774,卖盘
684,10:16:42,7.19,0.02,1,719,中性盘
685,10:16:45,7.17,-0.02,12,8624,卖盘
686,10:16:49,7.19,0.02,108,77474,买盘
687,10:16:58,7.2,0.01,100,72000,买盘
688,10:17:01,7.19,-0.01,137,98508,卖盘
689,10:17:04,7.2,0.01,180,129588,买盘
690,10:17:09,7.19,-0.01,334,240146,卖盘
691,10:17:19,7.19,0.0,100,71900,买盘
692,10:17:22,7.17,-0.02,235,168502,卖盘
693,10:17:28,7.19,0.02,15,10785,买盘
694,10:17:31,7.19,0.0,2,1438,买盘
695,10:17:36,7.19,0.0,5,3595,买盘
696,10:17:40,7.17,-0.02,113,81095,卖盘
697,10:17:43,7.17,0.0,1,717,卖盘
698,10:17:48,7.17,0.0,2,1434,卖盘
699,10:17:51,7.17,0.0,89,63813,卖盘
700,10:17:55,7.19,0.02,14,10066,买盘
701,10:17:57,7.17,-0.02,118,84615,卖盘
702,10:18:09,7.18,0.01,24,17252,卖盘
703,10:18:12,7.18,0.0,3,2154,买盘
704,10:18:16,7.17,-0.01,112,80304,卖盘
705,10:18:21,7.18,0.01,1,718,买盘
706,10:18:24,7.17,-0.01,98,70266,卖盘
707,10:18:34,7.17,0.0,48,34416,卖盘
708,10:18:37,7.16,-0.01,146,104605,卖盘
709,10:18:42,7.18,0.02,5,3590,买盘
710,10:18:45,7.16,-0.02,2,1432,卖盘
711,10:19:00,7.16,0.0,34,24365,卖盘
712,10:19:04,7.16,0.0,285,204060,卖盘
713,10:19:31,7.17,0.01,10,7170,卖盘
714,10:19:33,7.16,-0.01,287,205609,卖盘
715,10:19:40,7.17,0.01,11,7887,买盘
716,10:19:42,7.18,0.01,6,4308,买盘
717,10:19:46,7.17,-0.01,32,22944,卖盘
718,10:19:57,7.18,0.01,311,223298,买盘
719,10:20:01,7.16,-0.02,181,129674,卖盘
720,10:20:04,7.16,0.0,90,64470,卖盘
721,10:20:15,7.18,0.02,161,115598,卖盘
722,10:20:18,7.16,-0.02,113,80908,卖盘
723,10:20:43,7.16,0.0,30,21480,卖盘
724,10:20:45,7.16,0.0,293,209788,卖盘
725,10:20:48,7.16,0.0,2,1432,卖盘
726,10:20:55,7.17,0.01,2,1434,买盘
727,10:21:09,7.18,0.01,35,25110,买盘
728,10:21:12,7.18,0.0,185,132526,买盘
729,10:21:15,7.15,-0.03,89,63665,卖盘
730,10:21:42,7.18,0.03,6,4308,买盘
731,10:21:46,7.16,-0.02,303,216960,卖盘
732,10:22:10,7.18,0.02,6,4308,买盘
733,10:22:12,7.18,0.0,272,194963,买盘
734,10:22:16,7.16,-0.02,109,78084,卖盘
735,10:22:18,7.18,0.02,12,8616,买盘
736,10:22:22,7.18,0.0,12,8616,买盘
737,10:22:28,7.18,0.0,6,4308,买盘
738,10:22:31,7.16,-0.02,119,85216,卖盘
739,10:22:34,7.18,0.02,12,8616,买盘
740,10:22:36,7.18,0.0,59,42362,买盘
741,10:22:43,7.18,0.0,186,133548,买盘
742,10:22:46,7.16,-0.02,91,65156,卖盘
743,10:22:49,7.15,-0.01,113,80862,卖盘
744,10:22:54,7.17,0.02,16,11472,中性盘
745,10:23:04,7.17,0.0,57,40869,买盘
746,10:23:06,7.16,-0.01,113,80908,卖盘
747,10:23:15,7.18,0.02,50,35879,买盘
748,10:23:19,7.16,-0.02,61,43676,卖盘
749,10:23:22,7.16,0.0,38,27208,卖盘
750,10:23:24,7.16,0.0,112,80262,卖盘
751,10:23:28,7.16,0.0,1,716,卖盘
752,10:23:30,7.17,0.01,1,717,中性盘
753,10:23:37,7.16,-0.01,11,7881,卖盘
754,10:23:43,7.15,-0.01,100,71586,卖盘
755,10:23:46,7.16,0.01,22,15772,卖盘
756,10:23:48,7.15,-0.01,390,278854,卖盘
757,10:24:07,7.16,0.01,3,2148,卖盘
758,10:24:09,7.15,-0.01,228,163097,卖盘
759,10:24:12,7.17,0.02,16,11472,买盘
760,10:24:22,7.17,0.0,88,63085,买盘
761,10:24:24,7.15,-0.02,123,87945,卖盘
762,10:24:28,7.15,0.0,113,80795,卖盘
763,10:24:31,7.15,0.0,472,337480,卖盘
764,10:24:39,7.15,0.0,73,52195,卖盘
765,10:24:45,7.16,0.01,20,14320,买盘
766,10:24:49,7.13,-0.03,204,145697,卖盘
767,10:25:00,7.15,0.02,2,1430,买盘
768,10:25:04,7.13,-0.02,115,82031,卖盘
769,10:25:06,7.13,0.0,113,80614,卖盘
770,10:25:12,7.16,0.03,17,12172,买盘
771,10:25:21,7.16,0.0,24,17184,买盘
772,10:25:24,7.14,-0.02,157,112098,卖盘
773,10:25:27,7.14,0.0,1,714,卖盘
774,10:25:33,7.14,0.0,1,714,卖盘
775,10:25:36,7.14,0.0,99,70701,卖盘
776,10:25:42,7.16,0.02,16,11456,买盘
777,10:25:45,7.14,-0.02,151,107854,卖盘
778,10:25:48,7.14,0.0,114,81396,卖盘
779,10:25:51,7.16,0.02,37,26430,买盘
780,10:25:54,7.15,-0.01,12,8580,中性盘
781,10:26:00,7.16,0.01,10,7160,买盘
782,10:26:04,7.13,-0.03,113,80578,卖盘
783,10:26:07,7.13,0.0,89,63457,卖盘
784,10:26:12,7.16,0.03,4,2864,买盘
785,10:26:21,7.16,0.0,14,10024,买盘
786,10:26:24,7.13,-0.03,131,93417,卖盘
787,10:26:40,7.13,0.0,51,36378,卖盘
788,10:26:43,7.13,0.0,220,156860,卖盘
789,10:26:46,7.16,0.03,20,14320,买盘
790,10:26:48,7.14,-0.02,2,1428,卖盘
791,10:26:54,7.15,0.01,10,7150,中性盘
792,10:27:04,7.15,0.0,5,3575,卖盘
793,10:27:06,7.13,-0.02,151,107718,卖盘
794,10:27:12,7.16,0.03,6,4296,买盘
795,10:27:15,7.13,-0.03,98,69874,卖盘
796,10:27:27,7.14,0.01,10,7140,卖盘
797,10:27:30,7.13,-0.01,157,111949,卖盘
798,10:27:46,7.16,0.03,5,3580,买盘
799,10:27:49,7.13,-0.03,217,154737,卖盘
800,10:28:04,7.15,0.02,27,19305,卖盘
801,10:28:06,7.13,-0.02,116,82740,卖盘
802,10:28:16,7.15,0.02,20,14300,买盘
803,10:28:18,7.13,-0.02,89,63457,卖盘
804,10:28:21,7.15,0.02,46,32890,买盘
805,10:28:24,7.15,0.0,119,84860,买盘
806,10:28:30,7.15,0.0,42,30030,买盘
807,10:28:45,7.15,0.0,68,48620,买盘
808,10:28:48,7.13,-0.02,239,170422,卖盘
809,10:28:58,7.14,0.01,2,1428,买盘
810,10:29:09,7.15,0.01,27,19305,买盘
811,10:29:12,7.15,0.0,167,119154,买盘
812,10:29:16,7.15,0.0,51,36465,买盘
813,10:29:18,7.13,-0.02,90,64266,卖盘
814,10:29:36,7.14,0.01,5,3570,卖盘
815,10:29:39,7.13,-0.01,169,120661,卖盘
816,10:29:45,7.14,0.01,20,14280,买盘
817,10:29:49,7.14,0.0,99,70597,买盘
818,10:29:51,7.13,-0.01,17,12136,卖盘
819,10:29:54,7.14,0.01,5,3570,买盘
820,10:29:57,7.13,-0.01,132,94136,卖盘
821,10:30:13,7.14,0.01,24,17136,买盘
822,10:30:16,7.14,0.0,166,118411,买盘
823,10:30:19,7.14,0.0,143,102013,买盘
824,10:30:21,7.14,0.0,67,48423,买盘
825,10:30:25,7.14,0.0,6,4284,买盘
826,10:30:28,7.15,0.01,46,32843,买盘
827,10:30:31,7.15,0.0,47,33605,买盘
828,10:30:34,7.15,0.0,36,25740,买盘
829,10:30:36,7.15,0.0,10,7150,买盘
830,10:30:39,7.15,0.0,49,35035,买盘
831,10:30:43,7.15,0.0,21,15013,买盘
832,10:30:45,7.15,0.0,6,4290,买盘
833,10:30:49,7.15,0.0,15,10725,买盘
834,10:30:52,7.15,0.0,6,4290,买盘
835,10:30:57,7.15,0.0,26,18590,买盘
836,10:31:01,7.15,0.0,10,7150,买盘
837,10:31:06,7.15,0.0,10,7150,买盘
838,10:31:10,7.15,0.0,18,12870,买盘
839,10:31:16,7.15,0.0,33,23595,买盘
840,10:31:18,7.15,0.0,30,21450,买盘
841,10:31:21,7.15,0.0,3,2145,买盘
842,10:31:27,7.16,0.01,11,7876,买盘
843,10:31:34,7.15,-0.01,1,715,卖盘
844,10:31:37,7.15,0.0,20,14300,卖盘
845,10:31:39,7.15,0.0,14,10010,卖盘
846,10:31:45,7.16,0.01,42,30063,买盘
847,10:31:51,7.14,-0.02,1,714,卖盘
848,10:31:58,7.16,0.02,5,3580,买盘
849,10:32:25,7.16,0.0,19,13604,买盘
850,10:32:27,7.16,0.0,6,4296,买盘
851,10:32:30,7.16,0.0,2,1432,买盘
852,10:32:40,7.16,0.0,80,57280,买盘
853,10:32:46,7.15,-0.01,10,7150,卖盘
854,10:32:52,7.15,0.0,2,1430,卖盘
855,10:33:00,7.16,0.01,16,11456,买盘
856,10:33:03,7.16,0.0,23,16468,买盘
857,10:33:06,7.16,0.0,5,3580,买盘
858,10:33:12,7.16,0.0,4,2864,买盘
859,10:33:21,7.16,0.0,18,12888,买盘
860,10:33:25,7.16,0.0,19,13604,买盘
861,10:33:42,7.15,-0.01,46,32890,卖盘
862,10:33:49,7.16,0.01,19,13604,买盘
863,10:33:52,7.16,0.0,17,12172,买盘
864,10:34:10,7.16,0.0,150,107400,买盘
865,10:34:12,7.16,0.0,1,716,买盘
866,10:34:15,7.16,0.0,47,33645,买盘
867,10:34:24,7.16,0.0,19,13604,买盘
868,10:34:30,7.16,0.0,15,10740,买盘
869,10:34:33,7.15,-0.01,1,715,卖盘
870,10:34:45,7.15,0.0,2,1430,卖盘
871,10:34:48,7.15,0.0,22,15730,卖盘
872,10:34:51,7.16,0.01,171,122452,买盘
873,10:34:57,7.15,-0.01,6,4290,卖盘
874,10:35:07,7.15,0.0,70,50100,卖盘
875,10:35:10,7.15,0.0,100,71500,卖盘
876,10:35:15,7.16,0.01,1,716,买盘
877,10:35:25,7.16,0.0,19,13592,买盘
878,10:35:27,7.15,-0.01,127,90805,卖盘
879,10:35:36,7.15,0.0,7,4999,买盘
880,10:35:42,7.15,0.0,6,4290,买盘
881,10:35:46,7.14,-0.01,2,1428,卖盘
882,10:35:49,7.15,0.01,40,28600,买盘
883,10:36:07,7.15,0.0,15,10725,买盘
884,10:36:09,7.14,-0.01,26,18564,卖盘
885,10:36:18,7.15,0.01,16,11440,买盘
886,10:36:22,7.14,-0.01,18,12852,卖盘
887,10:36:28,7.15,0.01,7,5005,买盘
888,10:36:34,7.15,0.0,15,10725,买盘
889,10:36:46,7.14,-0.01,30,21420,卖盘
890,10:36:48,7.15,0.01,46,32864,买盘
891,10:36:51,7.14,-0.01,10,7140,卖盘
892,10:36:57,7.14,0.0,89,63546,卖盘
893,10:37:03,7.14,0.0,2,1428,卖盘
894,10:37:10,7.14,0.0,36,25704,卖盘
895,10:37:13,7.14,0.0,2,1428,卖盘
896,10:37:16,7.14,0.0,181,129254,卖盘
897,10:37:22,7.15,0.01,164,117141,买盘
898,10:37:24,7.14,-0.01,60,42818,卖盘
899,10:37:36,7.13,-0.01,464,330390,卖盘
900,10:37:39,7.13,0.0,20,14260,卖盘
901,10:37:42,7.13,0.0,419,299189,卖盘
902,10:37:45,7.13,0.0,10,7130,买盘
903,10:37:49,7.13,0.0,20,14260,买盘
904,10:37:52,7.13,0.0,24,17112,买盘
905,10:37:55,7.13,0.0,13,9269,买盘
906,10:37:57,7.12,-0.01,21,14952,卖盘
907,10:38:00,7.12,0.0,21,14952,卖盘
908,10:38:09,7.13,0.01,5,3565,买盘
909,10:38:15,7.12,-0.01,100,71200,卖盘
910,10:38:19,7.12,0.0,15,10680,卖盘
911,10:38:27,7.12,0.0,15,10680,卖盘
912,10:38:30,7.12,0.0,54,38448,卖盘
913,10:38:48,7.13,0.01,5,3565,买盘
914,10:38:52,7.12,-0.01,30,21388,卖盘
915,10:38:54,7.13,0.01,16,11408,买盘
916,10:39:04,7.12,-0.01,31,22072,卖盘
917,10:39:06,7.12,0.0,23,16376,卖盘
918,10:39:09,7.12,0.0,300,213600,卖盘
919,10:39:16,7.12,0.0,596,423733,卖盘
920,10:39:18,7.12,0.0,12,8544,买盘
921,10:39:22,7.11,-0.01,41,29165,卖盘
922,10:39:24,7.12,0.01,23,16995,买盘
923,10:39:30,7.12,0.0,37,26344,卖盘
924,10:39:33,7.12,0.0,49,34888,卖盘
925,10:39:39,7.13,0.01,20,14260,买盘
926,10:39:42,7.12,-0.01,22,15664,卖盘
927,10:39:45,7.13,0.01,64,45632,买盘
928,10:39:54,7.13,0.0,9,6417,买盘
929,10:40:07,7.13,0.0,1,713,买盘
930,10:40:10,7.12,-0.01,35,24920,卖盘
931,10:40:16,7.13,0.01,98,69874,买盘
932,10:40:18,7.12,-0.01,23,16376,卖盘
933,10:40:21,7.13,0.01,58,41354,买盘
934,10:40:24,7.13,0.0,30,21390,买盘
935,10:40:28,7.15,0.02,115,81668,买盘
936,10:40:33,7.15,0.0,641,457746,买盘
937,10:40:39,7.14,-0.01,195,139693,卖盘
938,10:40:51,7.12,-0.02,2,1424,卖盘
939,10:40:54,7.12,0.0,22,15664,卖盘
940,10:40:57,7.13,0.01,3,2141,中性盘
941,10:41:00,7.13,0.0,5,3565,卖盘
942,10:41:04,7.14,0.01,7,4998,买盘
943,10:41:16,7.14,0.0,20,14280,买盘
944,10:41:21,7.13,-0.01,29,20677,卖盘
945,10:41:24,7.13,0.0,66,47058,买盘
946,10:41:27,7.12,-0.01,60,42759,卖盘
947,10:41:30,7.12,0.0,24,17088,卖盘
948,10:41:33,7.13,0.01,345,245985,买盘
949,10:41:39,7.13,0.0,36,25688,卖盘
950,10:41:42,7.13,0.0,9,6417,买盘
951,10:41:46,7.14,0.01,8,5710,买盘
952,10:41:51,7.13,-0.01,34,24247,卖盘
953,10:41:54,7.13,0.0,3,2139,买盘
954,10:41:57,7.14,0.01,11,7847,买盘
955,10:42:01,7.12,-0.02,45,32040,卖盘
956,10:42:07,7.13,0.01,2,1426,买盘
957,10:42:10,7.13,0.0,25,17825,卖盘
958,10:42:13,7.13,0.0,4,2852,卖盘
959,10:42:16,7.14,0.01,119,84966,买盘
960,10:42:18,7.13,-0.01,1,713,卖盘
961,10:42:21,7.13,0.0,24,17112,卖盘
962,10:42:30,7.13,0.0,25,17825,卖盘
963,10:42:33,7.13,0.0,67,47771,卖盘
964,10:42:40,7.13,0.0,29,20694,卖盘
965,10:42:42,7.13,0.0,7,4991,买盘
966,10:42:46,7.13,0.0,8,5704,买盘
967,10:42:48,7.13,0.0,2,1426,卖盘
968,10:42:52,7.13,0.0,29,20677,卖盘
969,10:43:00,7.12,-0.01,26,18513,卖盘
970,10:43:04,7.13,0.01,30,21390,买盘
971,10:43:06,7.12,-0.01,29,20656,卖盘
972,10:43:09,7.12,0.0,37,26357,卖盘
973,10:43:16,7.13,0.01,7,4991,买盘
974,10:43:21,7.12,-0.01,25,17800,卖盘
975,10:43:30,7.12,0.0,24,17088,卖盘
976,10:43:36,7.13,0.01,21,14973,买盘
977,10:43:39,7.12,-0.01,545,388040,卖盘
978,10:43:42,7.12,0.0,312,222144,卖盘
979,10:43:45,7.11,-0.01,9,6406,卖盘
980,10:43:48,7.12,0.01,12,8544,买盘
981,10:43:51,7.12,0.0,43,30591,买盘
982,10:43:54,7.12,0.0,1,712,卖盘
983,10:44:01,7.12,0.0,24,17088,卖盘
984,10:44:09,7.12,0.0,310,220734,卖盘
985,10:44:12,7.12,0.0,21,14952,卖盘
986,10:44:15,7.13,0.01,32,22768,买盘
987,10:44:21,7.11,-0.02,70,49770,卖盘
988,10:44:27,7.12,0.01,8,5696,买盘
989,10:44:30,7.12,0.0,30,21335,买盘
990,10:44:36,7.12,0.0,10,7120,卖盘
991,10:44:39,7.12,0.0,25,17800,卖盘
992,10:44:46,7.13,0.01,10,7127,买盘
993,10:44:48,7.12,-0.01,24,17088,卖盘
994,10:44:51,7.13,0.01,133,94644,买盘
995,10:44:58,7.13,0.0,14,9982,买盘
996,10:45:00,7.12,-0.01,17,12104,卖盘
997,10:45:09,7.12,0.0,34,24208,买盘
998,10:45:16,7.13,0.01,7,4991,买盘
999,10:45:22,7.12,-0.01,25,17800,卖盘
1000,10:45:24,7.12,0.0,27,19228,卖盘
1001,10:45:27,7.12,0.0,43,30616,卖盘
1002,10:45:30,7.11,-0.01,25,17775,卖盘
1003,10:45:33,7.12,0.01,58,41296,买盘
1004,10:45:40,7.11,-0.01,24,17064,卖盘
1005,10:45:45,7.12,0.01,68,47975,买盘
1006,10:45:48,7.13,0.01,18,12834,买盘
1007,10:45:51,7.12,-0.01,32,22789,卖盘
1008,10:46:00,7.12,0.0,24,17088,卖盘
1009,10:46:04,7.11,-0.01,24,17065,卖盘
1010,10:46:06,7.13,0.02,20,14260,买盘
1011,10:46:09,7.12,-0.01,46,32773,中性盘
1012,10:46:12,7.13,0.01,310,221030,买盘
1013,10:46:15,7.13,0.0,7,4991,买盘
1014,10:46:21,7.13,0.0,30,21365,买盘
1015,10:46:24,7.13,0.0,13,9269,买盘
1016,10:46:30,7.13,0.0,24,17112,卖盘
1017,10:46:36,7.13,0.0,20,14270,卖盘
1018,10:46:39,7.13,0.0,32,22816,卖盘
1019,10:46:42,7.14,0.01,46,32813,买盘
1020,10:46:46,7.14,0.0,6,4284,买盘
1021,10:46:48,7.13,-0.01,26,18538,卖盘
1022,10:46:52,7.13,0.0,34,24216,买盘
1023,10:47:00,7.12,-0.01,25,17800,卖盘
1024,10:47:07,7.13,0.01,20,14260,买盘
1025,10:47:09,7.12,-0.01,26,18512,卖盘
1026,10:47:12,7.11,-0.01,224,159468,卖盘
1027,10:47:15,7.12,0.01,96,68352,买盘
1028,10:47:21,7.12,0.0,79,56248,卖盘
1029,10:47:27,7.12,0.0,11,7832,买盘
1030,10:47:30,7.11,-0.01,27,19199,卖盘
1031,10:47:39,7.11,0.0,24,17064,卖盘
1032,10:47:48,7.12,0.01,19,13528,买盘
1033,10:47:51,7.11,-0.01,55,39111,卖盘
1034,10:47:54,7.12,0.01,9,6408,买盘
1035,10:47:57,7.12,0.0,4,2848,买盘
1036,10:48:00,7.11,-0.01,24,17064,卖盘
1037,10:48:06,7.11,0.0,128,91036,卖盘
1038,10:48:09,7.11,0.0,25,17775,卖盘
1039,10:48:12,7.11,0.0,503,357633,卖盘
1040,10:48:18,7.12,0.01,6,4272,买盘
1041,10:48:21,7.11,-0.01,25,17775,卖盘
1042,10:48:24,7.11,0.0,21,14931,卖盘
1043,10:48:30,7.11,0.0,487,346257,卖盘
1044,10:48:33,7.11,0.0,8,5688,买盘
1045,10:48:36,7.11,0.0,3,2133,买盘
1046,10:48:39,7.1,-0.01,25,17750,卖盘
1047,10:48:46,7.11,0.01,25,17775,买盘
1048,10:48:49,7.11,0.0,17,12087,买盘
1049,10:48:51,7.11,0.0,35,24861,买盘
1050,10:48:54,7.11,0.0,25,17775,卖盘
1051,10:48:57,7.11,0.0,44,31284,买盘
1052,10:49:00,7.11,0.0,25,17775,卖盘
1053,10:49:06,7.12,0.01,5,3560,买盘
1054,10:49:09,7.11,-0.01,25,17775,卖盘
1055,10:49:12,7.12,0.01,8,5696,买盘
1056,10:49:16,7.12,0.0,7,4984,买盘
1057,10:49:21,7.11,-0.01,34,24174,卖盘
1058,10:49:30,7.11,0.0,25,17775,卖盘
1059,10:49:33,7.11,0.0,22,15642,卖盘
1060,10:49:39,7.11,0.0,24,17064,卖盘
1061,10:49:48,7.12,0.01,16,11392,买盘
1062,10:49:51,7.12,0.0,145,103215,买盘
1063,10:49:58,7.12,0.0,29,20648,买盘
1064,10:50:00,7.11,-0.01,25,17775,卖盘
1065,10:50:04,7.12,0.01,12,8544,买盘
1066,10:50:06,7.11,-0.01,31,22041,卖盘
1067,10:50:09,7.11,0.0,26,18486,卖盘
1068,10:50:12,7.12,0.01,408,290496,买盘
1069,10:50:15,7.12,0.0,13,9256,买盘
1070,10:50:21,7.12,0.0,25,17800,卖盘
1071,10:50:31,7.12,0.0,24,17088,卖盘
1072,10:50:39,7.12,0.0,72,51314,卖盘
1073,10:50:42,7.11,-0.01,24,17066,卖盘
1074,10:50:48,7.12,0.01,1,712,买盘
1075,10:50:51,7.13,0.01,31,22078,买盘
1076,10:50:54,7.12,-0.01,10,7120,卖盘
1077,10:51:01,7.11,-0.01,24,17064,卖盘
1078,10:51:06,7.11,0.0,2,1422,卖盘
1079,10:51:09,7.11,0.0,25,17775,卖盘
1080,10:51:19,7.12,0.01,7,4984,买盘
1081,10:51:22,7.11,-0.01,49,34839,卖盘
1082,10:51:28,7.12,0.01,1,712,买盘
1083,10:51:31,7.11,-0.01,25,17775,卖盘
1084,10:51:39,7.11,0.0,25,17775,卖盘
1085,10:51:42,7.11,0.0,44,31284,卖盘
1086,10:51:45,7.12,0.01,7,4984,买盘
1087,10:51:48,7.12,0.0,6,4272,买盘
1088,10:51:51,7.12,0.0,29,20624,买盘
1089,10:51:54,7.11,-0.01,27,19204,卖盘
1090,10:52:00,7.12,0.01,35,24895,买盘
1091,10:52:04,7.11,-0.01,2,1422,卖盘
1092,10:52:06,7.12,0.01,25,17800,买盘
1093,10:52:09,7.11,-0.01,24,17064,卖盘
1094,10:52:19,7.12,0.01,6,4272,买盘
1095,10:52:22,7.11,-0.01,25,17775,卖盘
1096,10:52:24,7.12,0.01,16,11392,买盘
1097,10:52:27,7.11,-0.01,29,20627,卖盘
1098,10:52:30,7.11,0.0,40,28455,卖盘
1099,10:52:39,7.11,0.0,44,31304,卖盘
1100,10:52:45,7.12,0.01,7,4984,买盘
1101,10:52:51,7.11,-0.01,25,17775,卖盘
1102,10:52:57,7.11,0.0,28,19908,卖盘
1103,10:53:00,7.11,0.0,44,31284,卖盘
1104,10:53:04,7.11,0.0,46,32706,卖盘
1105,10:53:06,7.11,0.0,12,8532,卖盘
1106,10:53:09,7.11,0.0,25,17775,卖盘
1107,10:53:18,7.12,0.01,15,10680,买盘
1108,10:53:21,7.11,-0.01,24,17064,卖盘
1109,10:53:30,7.11,0.0,89,63279,卖盘
1110,10:53:33,7.11,0.0,21,14931,卖盘
1111,10:53:39,7.11,0.0,45,32015,卖盘
1112,10:53:42,7.12,0.01,9,6408,买盘
1113,10:53:48,7.12,0.0,7,4984,买盘
1114,10:53:51,7.12,0.0,33,23472,买盘
1115,10:53:54,7.12,0.0,56,39872,买盘
1116,10:53:57,7.12,0.0,9,6408,买盘
1117,10:54:01,7.12,0.0,38,27030,买盘
1118,10:54:04,7.11,-0.01,1,711,卖盘
1119,10:54:07,7.11,0.0,124,88267,卖盘
1120,10:54:09,7.11,0.0,35,24896,卖盘
1121,10:54:12,7.12,0.01,15,10680,买盘
1122,10:54:18,7.12,0.0,9,6408,买盘
1123,10:54:22,7.12,0.0,42,29879,买盘
1124,10:54:24,7.11,-0.01,102,72524,卖盘
1125,10:54:30,7.11,0.0,25,17775,卖盘
1126,10:54:36,7.12,0.01,16,11392,买盘
1127,10:54:39,7.11,-0.01,142,101311,卖盘
1128,10:54:48,7.13,0.02,6,4278,买盘
1129,10:54:51,7.12,-0.01,34,24217,卖盘
1130,10:55:00,7.12,0.0,56,39903,卖盘
1131,10:55:04,7.13,0.01,6,4278,买盘
1132,10:55:07,7.12,-0.01,2,1424,卖盘
1133,10:55:09,7.12,0.0,24,17088,卖盘
1134,10:55:12,7.12,0.0,21,14952,卖盘
1135,10:55:19,7.13,0.01,7,4991,买盘
1136,10:55:21,7.12,-0.01,25,17800,卖盘
1137,10:55:24,7.13,0.01,10,7130,买盘
1138,10:55:27,7.12,-0.01,18,12831,卖盘
1139,10:55:31,7.12,0.0,20,14258,卖盘
1140,10:55:34,7.12,0.0,22,15664,买盘
1141,10:55:39,7.12,0.0,30,21365,卖盘
1142,10:55:42,7.12,0.0,67,47724,卖盘
1143,10:55:45,7.11,-0.01,32,22764,卖盘
1144,10:55:49,7.12,0.01,7,4984,买盘
1145,10:55:51,7.11,-0.01,25,17775,卖盘
1146,10:55:57,7.12,0.01,5,3560,买盘
1147,10:56:00,7.11,-0.01,25,17776,卖盘
1148,10:56:04,7.12,0.01,5,3560,买盘
1149,10:56:06,7.11,-0.01,13,9254,卖盘
1150,10:56:09,7.11,0.0,25,17775,卖盘
1151,10:56:12,7.12,0.01,50,35600,买盘
1152,10:56:18,7.12,0.0,9,6408,买盘
1153,10:56:21,7.11,-0.01,47,33417,卖盘
1154,10:56:27,7.12,0.01,1,712,买盘
1155,10:56:30,7.11,-0.01,25,17775,卖盘
1156,10:56:39,7.11,0.0,24,17064,卖盘
1157,10:56:43,7.12,0.01,25,17800,买盘
1158,10:56:45,7.12,0.0,25,17797,买盘
1159,10:56:48,7.12,0.0,7,4984,买盘
1160,10:56:51,7.11,-0.01,25,17775,卖盘
1161,10:56:54,7.11,0.0,20,14220,卖盘
1162,10:57:00,7.11,0.0,25,17775,卖盘
1163,10:57:03,7.12,0.01,66,46992,买盘
1164,10:57:09,7.11,-0.01,24,17064,卖盘
1165,10:57:13,7.11,0.0,2,1422,卖盘
1166,10:57:15,7.12,0.01,14,9962,买盘
1167,10:57:18,7.12,0.0,54,38400,买盘
1168,10:57:21,7.11,-0.01,25,17775,卖盘
1169,10:57:27,7.12,0.01,54,38409,买盘
1170,10:57:30,7.11,-0.01,47,33417,卖盘
1171,10:57:39,7.11,0.0,26,18486,卖盘
1172,10:57:42,7.12,0.01,82,58384,买盘
1173,10:57:45,7.12,0.0,612,435244,买盘
1174,10:57:48,7.12,0.0,7,4984,买盘
1175,10:57:51,7.11,-0.01,30,21335,卖盘
1176,10:58:00,7.11,0.0,186,132408,卖盘
1177,10:58:03,7.11,0.0,20,14220,卖盘
1178,10:58:09,7.11,0.0,27,19197,卖盘
1179,10:58:13,7.11,0.0,310,220175,卖盘
1180,10:58:15,7.11,0.0,1,711,买盘
1181,10:58:18,7.11,0.0,7,4977,买盘
1182,10:58:21,7.1,-0.01,25,17750,卖盘
1183,10:58:30,7.1,0.0,24,17040,卖盘
1184,10:58:39,7.1,0.0,25,17750,卖盘
1185,10:58:42,7.1,0.0,30,21305,卖盘
1186,10:58:48,7.11,0.01,6,4266,买盘
1187,10:58:51,7.1,-0.01,24,17040,卖盘
1188,10:58:57,7.11,0.01,17,12082,买盘
1189,10:59:00,7.1,-0.01,32,22720,卖盘
1190,10:59:04,7.11,0.01,6,4264,买盘
1191,10:59:06,7.1,-0.01,1,710,卖盘
1192,10:59:09,7.1,0.0,27,19170,卖盘
1193,10:59:12,7.1,0.0,68,48300,卖盘
1194,10:59:15,7.1,0.0,20,14200,卖盘
1195,10:59:18,7.11,0.01,19,13509,买盘
1196,10:59:21,7.1,-0.01,31,22017,卖盘
1197,10:59:24,7.11,0.01,9,6399,买盘
1198,10:59:30,7.1,-0.01,26,18460,卖盘
1199,10:59:33,7.11,0.01,25,17775,买盘
1200,10:59:39,7.1,-0.01,24,17040,卖盘
1201,10:59:42,7.11,0.01,14,9954,买盘
1202,10:59:45,7.11,0.0,25,17775,买盘
1203,10:59:48,7.1,-0.01,21,14910,卖盘
1204,10:59:52,7.11,0.01,34,24149,买盘
1205,10:59:57,7.11,0.0,70,49770,买盘
1206,11:00:00,7.1,-0.01,34,24150,卖盘
1207,11:00:03,7.11,0.01,22,15642,买盘
1208,11:00:06,7.11,0.0,27,19432,买盘
1209,11:00:09,7.11,0.0,14,9719,卖盘
1210,11:00:12,7.11,0.0,55,39124,买盘
1211,11:00:18,7.1,-0.01,3,2132,卖盘
1212,11:00:21,7.11,0.01,51,36243,中性盘
1213,11:00:30,7.11,0.0,24,17064,卖盘
1214,11:00:33,7.11,0.0,1,711,买盘
1215,11:00:39,7.11,0.0,25,17775,卖盘
1216,11:00:46,7.12,0.01,78,55536,买盘
1217,11:00:52,7.11,-0.01,197,140080,卖盘
1218,11:00:54,7.11,0.0,20,14220,卖盘
1219,11:01:00,7.11,0.0,25,17775,卖盘
1220,11:01:04,7.11,0.0,2,1422,卖盘
1221,11:01:09,7.11,0.0,25,17775,卖盘
1222,11:01:12,7.12,0.01,20,14240,买盘
1223,11:01:21,7.12,0.0,30,21336,买盘
1224,11:01:27,7.12,0.0,9,6408,买盘
1225,11:01:30,7.11,-0.01,48,34128,卖盘
1226,11:01:33,7.12,0.01,8,5696,买盘
1227,11:01:39,7.11,-0.01,24,17064,卖盘
1228,11:01:48,7.11,0.0,110,78210,卖盘
1229,11:01:51,7.12,0.01,38,27031,买盘
1230,11:01:54,7.12,0.0,6,4272,买盘
1231,11:02:00,7.11,-0.01,25,17775,卖盘
1232,11:02:03,7.11,0.0,20,14220,卖盘
1233,11:02:06,7.11,0.0,1,711,卖盘
1234,11:02:09,7.11,0.0,32,22758,卖盘
1235,11:02:12,7.12,0.01,5,3560,买盘
1236,11:02:22,7.12,0.0,32,22759,买盘
1237,11:02:24,7.12,0.0,16,11392,买盘
1238,11:02:31,7.11,-0.01,81,57647,卖盘
1239,11:02:34,7.12,0.01,20,14240,买盘
1240,11:02:36,7.11,-0.01,21,14931,卖盘
1241,11:02:39,7.11,0.0,24,17064,卖盘
1242,11:02:51,7.12,0.01,30,21336,买盘
1243,11:02:54,7.11,-0.01,7,4977,卖盘
1244,11:02:57,7.12,0.01,15,10680,买盘
1245,11:03:01,7.11,-0.01,25,17775,卖盘
1246,11:03:04,7.11,0.0,2,1422,卖盘
1247,11:03:09,7.11,0.0,25,17775,卖盘
1248,11:03:12,7.12,0.01,37,26309,买盘
1249,11:03:21,7.12,0.0,37,26320,买盘
1250,11:03:30,7.11,-0.01,25,17775,卖盘
1251,11:03:33,7.12,0.01,20,14240,买盘
1252,11:03:36,7.11,-0.01,106,75366,卖盘
1253,11:03:39,7.1,-0.01,25,17750,卖盘
1254,11:03:42,7.11,0.01,3,2133,买盘
1255,11:03:45,7.1,-0.01,721,511910,卖盘
1256,11:03:48,7.1,0.0,118,83780,卖盘
1257,11:03:51,7.11,0.01,31,22017,买盘
1258,11:03:58,7.1,-0.01,13,9230,卖盘
1259,11:04:00,7.1,0.0,13,9230,卖盘
1260,11:04:04,7.1,0.0,15,10650,买盘
1261,11:04:09,7.1,0.0,33,23439,卖盘
1262,11:04:12,7.1,0.0,2,1420,卖盘
1263,11:04:15,7.11,0.01,6,4266,买盘
1264,11:04:18,7.1,-0.01,27,19176,卖盘
1265,11:04:22,7.11,0.01,31,22016,买盘
1266,11:04:28,7.1,-0.01,59,41890,卖盘
1267,11:04:31,7.1,0.0,25,17750,卖盘
1268,11:04:33,7.11,0.01,20,14220,买盘
1269,11:04:39,7.1,-0.01,24,17040,卖盘
1270,11:04:48,7.11,0.01,1,711,买盘
1271,11:04:51,7.1,-0.01,52,36927,卖盘
1272,11:05:00,7.1,0.0,24,17040,卖盘
1273,11:05:06,7.1,0.0,9,6390,卖盘
1274,11:05:09,7.1,0.0,25,17750,卖盘
1275,11:05:15,7.11,0.01,30,21330,买盘
1276,11:05:21,7.11,0.0,30,21306,买盘
1277,11:05:24,7.1,-0.01,21,14910,卖盘
1278,11:05:31,7.1,0.0,35,24860,卖盘
1279,11:05:34,7.11,0.01,14,9954,买盘
1280,11:05:39,7.1,-0.01,300,213012,卖盘
1281,11:05:42,7.1,0.0,36,25560,买盘
1282,11:05:45,7.1,0.0,35,24850,买盘
1283,11:05:48,7.1,0.0,33,23430,买盘
1284,11:05:51,7.11,0.01,175,124262,买盘
1285,11:05:54,7.11,0.0,12,8532,买盘
1286,11:05:57,7.11,0.0,29,20599,买盘
1287,11:06:00,7.1,-0.01,25,17750,卖盘
1288,11:06:04,7.11,0.01,31,22041,买盘
1289,11:06:06,7.1,-0.01,16,11374,卖盘
1290,11:06:09,7.1,0.0,55,39080,卖盘
1291,11:06:12,7.11,0.01,99,70389,买盘
1292,11:06:21,7.11,0.0,24,17064,卖盘
1293,11:06:24,7.12,0.01,7,4984,买盘
1294,11:06:30,7.11,-0.01,25,17775,卖盘
1295,11:06:34,7.11,0.0,23,16353,卖盘
1296,11:06:39,7.11,0.0,24,17064,卖盘
1297,11:06:51,7.11,0.0,30,21330,卖盘
1298,11:06:54,7.12,0.01,18,12816,买盘
1299,11:07:00,7.11,-0.01,81,57591,卖盘
1300,11:07:04,7.11,0.0,70,49770,买盘
1301,11:07:07,7.1,-0.01,20,14200,卖盘
1302,11:07:09,7.1,0.0,131,93115,卖盘
1303,11:07:12,7.11,0.01,13,9243,买盘
1304,11:07:16,7.11,0.0,56,39816,买盘
1305,11:07:18,7.12,0.01,6,4272,买盘
1306,11:07:21,7.11,-0.01,25,17775,卖盘
1307,11:07:24,7.12,0.01,6,4272,买盘
1308,11:07:27,7.12,0.0,12,8544,买盘
1309,11:07:30,7.11,-0.01,24,17064,卖盘
1310,11:07:37,7.12,0.01,5,3560,买盘
1311,11:07:39,7.11,-0.01,46,32706,卖盘
1312,11:07:51,7.11,0.0,24,17064,卖盘
1313,11:08:00,7.11,0.0,25,17775,卖盘
1314,11:08:03,7.12,0.01,20,14240,买盘
1315,11:08:06,7.12,0.0,1,712,买盘
1316,11:08:09,7.11,-0.01,25,17775,卖盘
1317,11:08:13,7.11,0.0,23,16353,卖盘
1318,11:08:21,7.11,0.0,24,17064,卖盘
1319,11:08:30,7.11,0.0,25,17775,卖盘
1320,11:08:33,7.12,0.01,15,10680,买盘
1321,11:08:40,7.11,-0.01,24,17064,卖盘
1322,11:08:45,7.12,0.01,28,19916,买盘
1323,11:08:48,7.11,-0.01,29,20619,卖盘
1324,11:08:51,7.11,0.0,25,17775,卖盘
1325,11:08:54,7.11,0.0,1,711,卖盘
1326,11:08:57,7.11,0.0,97,69031,卖盘
1327,11:09:00,7.11,0.0,25,17775,卖盘
1328,11:09:03,7.12,0.01,5,3560,买盘
1329,11:09:06,7.11,-0.01,2,1422,卖盘
1330,11:09:09,7.11,0.0,24,17064,卖盘
1331,11:09:12,7.11,0.0,31,22041,卖盘
1332,11:09:18,7.12,0.01,9,6408,买盘
1333,11:09:21,7.11,-0.01,46,32706,卖盘
1334,11:09:24,7.12,0.01,9,6408,买盘
1335,11:09:27,7.11,-0.01,11,7821,卖盘
1336,11:09:30,7.11,0.0,24,17064,卖盘
1337,11:09:33,7.11,0.0,70,49790,卖盘
1338,11:09:39,7.11,0.0,16,11376,卖盘
1339,11:09:42,7.12,0.01,16,11381,买盘
1340,11:09:51,7.11,-0.01,25,17775,卖盘
1341,11:09:54,7.11,0.0,20,14220,卖盘
1342,11:10:00,7.11,0.0,14,9954,卖盘
1343,11:10:03,7.1,-0.01,2,1420,卖盘
1344,11:10:09,7.11,0.01,35,24885,买盘
1345,11:10:22,7.11,0.0,24,17064,卖盘
1346,11:10:27,7.11,0.0,29,20619,卖盘
1347,11:10:30,7.1,-0.01,33,23440,卖盘
1348,11:10:33,7.12,0.02,85,60505,买盘
1349,11:10:36,7.11,-0.01,11,7821,买盘
1350,11:10:40,7.1,-0.01,25,17750,卖盘
1351,11:10:51,7.1,0.0,24,17040,卖盘
1352,11:10:54,7.11,0.01,4,2844,买盘
1353,11:11:00,7.11,0.0,27,19172,买盘
1354,11:11:03,7.1,-0.01,20,14200,卖盘
1355,11:11:09,7.1,0.0,32,22720,卖盘
1356,11:11:15,7.11,0.01,5,3555,买盘
1357,11:11:18,7.11,0.0,50,35550,买盘
1358,11:11:21,7.1,-0.01,25,17750,卖盘
1359,11:11:27,7.1,0.0,858,609180,卖盘
1360,11:11:33,7.1,0.0,31,22010,买盘
1361,11:11:36,7.09,-0.01,51,36190,卖盘
1362,11:11:42,7.1,0.01,44,31240,买盘
1363,11:11:51,7.1,0.0,25,17750,卖盘
1364,11:12:00,7.1,0.0,24,17040,卖盘
1365,11:12:09,7.1,0.0,25,17750,卖盘
1366,11:12:12,7.1,0.0,24,17040,卖盘
1367,11:12:18,7.1,0.0,1,710,卖盘
1368,11:12:21,7.1,0.0,5,3550,卖盘
1369,11:12:31,7.1,0.0,22,15620,买盘
1370,11:12:33,7.1,0.0,5,3550,买盘
1371,11:12:39,7.1,0.0,11,7810,买盘
1372,11:12:45,7.09,-0.01,10,7090,卖盘
1373,11:12:48,7.09,0.0,28,19857,卖盘
1374,11:12:54,7.1,0.01,30,21300,买盘
1375,11:13:04,7.09,-0.01,28,19878,卖盘
1376,11:13:06,7.09,0.0,1000,709000,卖盘
1377,11:13:21,7.1,0.01,9,6390,买盘
1378,11:13:24,7.09,-0.01,22,15598,卖盘
1379,11:13:27,7.09,0.0,194,137546,卖盘
1380,11:13:33,7.09,0.0,5,3545,买盘
1381,11:13:36,7.09,0.0,5,3545,买盘
1382,11:13:48,7.09,0.0,5,3545,卖盘
1383,11:13:57,7.09,0.0,9,6381,卖盘
1384,11:14:01,7.09,0.0,23,16307,卖盘
1385,11:14:09,7.09,0.0,3,2127,卖盘
1386,11:14:12,7.09,0.0,2,1418,卖盘
1387,11:14:18,7.1,0.01,12,8520,买盘
1388,11:14:21,7.1,0.0,9,6390,买盘
1389,11:14:27,7.1,0.0,4,2840,买盘
1390,11:14:36,7.09,-0.01,42,29778,卖盘
1391,11:14:39,7.09,0.0,34,24116,卖盘
1392,11:14:51,7.09,0.0,90,63810,卖盘
1393,11:15:07,7.09,0.0,132,93588,卖盘
1394,11:15:12,7.09,0.0,25,17725,卖盘
1395,11:15:15,7.09,0.0,25,17725,卖盘
1396,11:15:18,7.09,0.0,30,21270,卖盘
1397,11:15:21,7.1,0.01,9,6390,买盘
1398,11:15:25,7.1,0.0,110,78100,买盘
1399,11:15:30,7.1,0.0,1,710,买盘
1400,11:15:45,7.1,0.0,3,2130,买盘
1401,11:15:48,7.09,-0.01,20,14180,卖盘
1402,11:16:06,7.09,0.0,52,36868,卖盘
1403,11:16:12,7.09,0.0,2,1418,卖盘
1404,11:16:21,7.1,0.01,2,1420,买盘
1405,11:16:24,7.09,-0.01,23,16307,卖盘
1406,11:16:27,7.1,0.01,114,80940,买盘
1407,11:16:30,7.1,0.0,70,49700,买盘
1408,11:16:45,7.1,0.0,3,2130,买盘
1409,11:16:51,7.09,-0.01,7,4963,卖盘
1410,11:16:57,7.1,0.01,5,3550,买盘
1411,11:17:01,7.09,-0.01,22,15598,卖盘
1412,11:17:06,7.09,0.0,2,1418,卖盘
1413,11:17:12,7.1,0.01,18,12780,买盘
1414,11:17:39,7.09,-0.01,64,45376,卖盘
1415,11:17:42,7.09,0.0,26,18434,卖盘
1416,11:17:51,7.1,0.01,10,7100,买盘
1417,11:17:54,7.1,0.0,30,21300,买盘
1418,11:18:00,7.1,0.0,2,1420,买盘
1419,11:18:06,7.09,-0.01,21,14908,卖盘
1420,11:18:09,7.1,0.01,1,710,买盘
1421,11:18:36,7.09,-0.01,333,236097,卖盘
1422,11:18:39,7.08,-0.01,36,25488,卖盘
1423,11:18:48,7.08,0.0,9,6372,卖盘
1424,11:18:51,7.09,0.01,10,7090,买盘
1425,11:18:54,7.09,0.0,100,70900,买盘
1426,11:18:57,7.09,0.0,25,17725,买盘
1427,11:19:00,7.09,0.0,7,4963,买盘
1428,11:19:04,7.09,0.0,7,4963,买盘
1429,11:19:06,7.09,0.0,18,12762,买盘
1430,11:19:13,7.09,0.0,1,709,卖盘
1431,11:19:16,7.09,0.0,23,16307,卖盘
1432,11:19:22,7.09,0.0,58,41122,卖盘
1433,11:19:25,7.08,-0.01,48,33987,卖盘
1434,11:19:33,7.08,0.0,1,708,卖盘
1435,11:19:45,7.09,0.01,22,15598,买盘
1436,11:19:48,7.08,-0.01,50,35430,卖盘
1437,11:19:57,7.09,0.01,1,709,买盘
1438,11:20:06,7.09,0.0,2,1418,卖盘
1439,11:20:12,7.08,-0.01,31,21953,卖盘
1440,11:20:15,7.09,0.01,14,9926,中性盘
1441,11:20:18,7.08,-0.01,1,708,卖盘
1442,11:20:21,7.08,0.0,21,14868,卖盘
1443,11:20:24,7.08,0.0,1,708,卖盘
1444,11:20:27,7.08,0.0,1,708,卖盘
1445,11:21:12,7.09,0.01,2,1418,卖盘
1446,11:21:15,7.09,0.0,38,26942,卖盘
1447,11:21:21,7.09,0.0,1,709,卖盘
1448,11:21:24,7.09,0.0,1,709,卖盘
1449,11:21:27,7.09,0.0,3,2127,卖盘
1450,11:21:30,7.1,0.01,3,2130,买盘
1451,11:21:33,7.09,-0.01,1,709,卖盘
1452,11:21:42,7.09,0.0,10,7090,卖盘
1453,11:22:06,7.1,0.01,50,35500,买盘
1454,11:22:09,7.09,-0.01,39,27654,卖盘
1455,11:22:21,7.09,0.0,300,212700,卖盘
1456,11:22:24,7.1,0.01,56,39709,买盘
1457,11:22:27,7.09,-0.01,1,709,卖盘
1458,11:22:30,7.1,0.01,3,2130,买盘
1459,11:22:33,7.09,-0.01,10,7095,卖盘
1460,11:23:00,7.09,0.0,5,3545,卖盘
1461,11:23:03,7.09,0.0,34,24106,卖盘
1462,11:23:12,7.09,0.0,2,1418,卖盘
1463,11:23:21,7.1,0.01,4,2840,买盘
1464,11:23:24,7.09,-0.01,1,709,卖盘
1465,11:23:27,7.09,0.0,1,709,卖盘
1466,11:23:33,7.1,0.01,3,2130,买盘
1467,11:23:36,7.09,-0.01,21,14889,卖盘
1468,11:23:43,7.09,0.0,8,5672,卖盘
1469,11:23:51,7.1,0.01,10,7100,买盘
1470,11:24:06,7.1,0.0,20,14200,买盘
1471,11:24:09,7.09,-0.01,23,16307,卖盘
1472,11:24:18,7.1,0.01,4,2840,买盘
1473,11:24:21,7.09,-0.01,56,39710,卖盘
1474,11:24:24,7.1,0.01,20,14200,买盘
1475,11:24:27,7.09,-0.01,1,709,卖盘
1476,11:24:30,7.1,0.01,3,2129,买盘
1477,11:24:33,7.09,-0.01,1,709,卖盘
1478,11:24:36,7.1,0.01,20,14200,买盘
1479,11:24:40,7.1,0.0,2,1420,买盘
1480,11:24:42,7.09,-0.01,21,14889,卖盘
1481,11:24:45,7.1,0.01,7,4970,买盘
1482,11:24:48,7.1,0.0,20,14200,买盘
1483,11:24:51,7.1,0.0,1,710,买盘
1484,11:24:54,7.1,0.0,5,3550,买盘
1485,11:24:57,7.1,0.0,5,3550,买盘
1486,11:25:01,7.1,0.0,30,21300,买盘
1487,11:25:03,7.1,0.0,75,53250,买盘
1488,11:25:06,7.1,0.0,14,9940,买盘
1489,11:25:09,7.1,0.0,2,1420,买盘
1490,11:25:12,7.09,-0.01,8,5678,卖盘
1491,11:25:15,7.09,0.0,20,14180,卖盘
1492,11:25:21,7.1,0.01,5,3550,买盘
1493,11:25:27,7.09,-0.01,24,17039,卖盘
1494,11:25:33,7.09,0.0,1,709,卖盘
1495,11:25:36,7.09,0.0,13,9229,卖盘
1496,11:25:43,7.1,0.01,6,4260,买盘
1497,11:25:45,7.1,0.0,25,17750,买盘
1498,11:25:48,7.09,-0.01,21,14889,卖盘
1499,11:25:57,7.1,0.01,5,3550,买盘
1500,11:26:06,7.09,-0.01,2,1418,卖盘
1501,11:26:27,7.09,0.0,1,709,卖盘
1502,11:26:30,7.09,0.0,32,22693,卖盘
1503,11:26:33,7.09,0.0,1,709,卖盘
1504,11:26:36,7.09,0.0,2,1418,卖盘
1505,11:26:39,7.09,0.0,2,1418,卖盘
1506,11:26:45,7.09,0.0,639,453051,卖盘
1507,11:26:51,7.09,0.0,20,14180,卖盘
1508,11:26:57,7.1,0.01,54,38340,买盘
1509,11:27:04,7.1,0.0,26,18460,买盘
1510,11:27:06,7.09,-0.01,23,16307,卖盘
1511,11:27:15,7.09,0.0,2,1418,卖盘
1512,11:27:18,7.09,0.0,10,7090,卖盘
1513,11:27:28,7.09,0.0,1,709,卖盘
1514,11:27:30,7.09,0.0,1,709,卖盘
1515,11:27:36,7.09,0.0,1,709,卖盘
1516,11:27:39,7.09,0.0,21,14889,卖盘
1517,11:27:45,7.09,0.0,1,709,卖盘
1518,11:27:54,7.1,0.01,6,4260,买盘
1519,11:28:06,7.1,0.0,6,4258,买盘
1520,11:28:18,7.1,0.0,7,4970,买盘
1521,11:28:21,7.09,-0.01,26,18434,卖盘
1522,11:28:24,7.1,0.01,23,16330,买盘
1523,11:28:30,7.09,-0.01,1,709,卖盘
1524,11:28:33,7.09,0.0,39,27651,卖盘
1525,11:28:37,7.09,0.0,2,1418,卖盘
1526,11:28:39,7.09,0.0,1,709,卖盘
1527,11:28:42,7.1,0.01,100,71000,买盘
1528,11:29:09,7.09,-0.01,2,1418,卖盘
1529,11:29:12,7.09,0.0,32,22688,卖盘
1530,11:29:15,7.1,0.01,33,23430,买盘
1531,11:29:21,7.09,-0.01,5,4013,卖盘
1532,11:29:27,7.09,0.0,23,16307,卖盘
1533,11:29:45,7.1,0.01,21,14910,买盘
1534,11:29:51,7.1,0.0,8,5680,买盘
1535,11:29:57,7.1,0.0,4,2840,买盘
1536,13:00:01,7.1,0.0,5,3550,买盘
1537,13:00:04,7.1,0.0,140,99394,买盘
1538,13:00:09,7.1,0.0,32,22733,卖盘
1539,13:00:24,7.11,0.01,1,711,买盘
1540,13:00:27,7.11,0.0,5,3555,买盘
1541,13:00:30,7.1,-0.01,1,710,卖盘
1542,13:00:48,7.11,0.01,3,2133,买盘
1543,13:00:54,7.11,0.0,16,11376,买盘
1544,13:00:57,7.1,-0.01,11,7810,卖盘
1545,13:01:09,7.1,0.0,2,1420,卖盘
1546,13:01:36,7.11,0.01,30,21330,买盘
1547,13:01:39,7.1,-0.01,1,710,卖盘
1548,13:01:54,7.1,0.0,11,7810,卖盘
1549,13:01:57,7.1,0.0,428,303880,卖盘
1550,13:02:06,7.09,-0.01,2,1418,卖盘
1551,13:02:34,7.1,0.01,76,53960,买盘
1552,13:02:36,7.1,0.0,2,1420,卖盘
1553,13:02:39,7.09,-0.01,136,96455,卖盘
1554,13:03:04,7.1,0.01,11,7810,买盘
1555,13:03:06,7.1,0.0,1,710,卖盘
1556,13:03:12,7.1,0.0,2,1420,卖盘
1557,13:03:27,7.09,-0.01,46,32627,卖盘
1558,13:03:54,7.09,0.0,1,709,卖盘
1559,13:03:57,7.1,0.01,1,710,买盘
1560,13:04:06,7.1,0.0,7,4970,买盘
1561,13:04:09,7.1,0.0,29,20590,买盘
1562,13:04:12,7.09,-0.01,31,21985,卖盘
1563,13:04:33,7.11,0.02,5,3555,买盘
1564,13:04:57,7.1,-0.01,26,18460,买盘
1565,13:05:01,7.1,0.0,2,1420,卖盘
1566,13:05:15,7.1,0.0,2,1420,卖盘
1567,13:05:18,7.1,0.0,7,4970,卖盘
1568,13:05:27,7.1,0.0,7,4970,卖盘
1569,13:05:33,7.11,0.01,13,9232,买盘
1570,13:05:39,7.1,-0.01,7,4970,卖盘
1571,13:06:04,7.1,0.0,107,75970,卖盘
1572,13:06:10,7.09,-0.01,2,1418,卖盘
1573,13:06:21,7.1,0.01,10,7100,买盘
1574,13:06:27,7.09,-0.01,51,36159,卖盘
1575,13:06:33,7.09,0.0,5,3545,卖盘
1576,13:06:45,7.09,0.0,18,12762,卖盘
1577,13:07:09,7.09,0.0,2,1418,卖盘
1578,13:07:15,7.09,0.0,17,12053,卖盘
1579,13:07:33,7.09,0.0,1,709,卖盘
1580,13:07:45,7.1,0.01,12,8520,买盘
1581,13:08:03,7.1,0.0,126,89460,买盘
1582,13:08:12,7.09,-0.01,2,1418,卖盘
1583,13:08:21,7.1,0.01,15,10650,买盘
1584,13:08:27,7.09,-0.01,25,17725,卖盘
1585,13:08:48,7.1,0.01,1,710,买盘
1586,13:09:07,7.1,0.0,10,7100,买盘
1587,13:09:09,7.09,-0.01,21,14908,卖盘
1588,13:09:15,7.09,0.0,5,3545,卖盘
1589,13:09:21,7.1,0.01,4,2840,买盘
1590,13:09:27,7.09,-0.01,51,36159,卖盘
1591,13:09:33,7.1,0.01,23,16330,买盘
1592,13:09:45,7.1,0.0,5,3550,买盘
1593,13:09:48,7.1,0.0,12,8520,买盘
1594,13:09:51,7.1,0.0,5,3550,买盘
1595,13:09:54,7.1,0.0,6,4260,买盘
1596,13:10:00,7.1,0.0,9,6390,买盘
1597,13:10:07,7.1,0.0,290,205900,买盘
1598,13:10:10,7.1,0.0,17,12070,买盘
1599,13:10:13,7.11,0.01,17,12085,买盘
1600,13:10:15,7.11,0.0,10,7110,买盘
1601,13:10:30,7.1,-0.01,3,2130,卖盘
1602,13:10:43,7.11,0.01,41,29151,买盘
1603,13:10:54,7.11,0.0,1,711,买盘
1604,13:11:03,7.11,0.0,121,86020,买盘
1605,13:11:12,7.11,0.0,26,18484,买盘
1606,13:11:21,7.11,0.0,6,4266,买盘
1607,13:11:24,7.11,0.0,62,44082,买盘
1608,13:11:36,7.12,0.01,6,4272,买盘
1609,13:11:54,7.12,0.0,157,111286,买盘
1610,13:11:57,7.12,0.0,11,7832,卖盘
1611,13:12:06,7.12,0.0,2,1424,卖盘
1612,13:12:18,7.13,0.01,10,7130,买盘
1613,13:12:31,7.13,0.0,38,27094,买盘
1614,13:12:34,7.13,0.0,33,23529,买盘
1615,13:12:40,7.13,0.0,1,713,买盘
1616,13:12:45,7.13,0.0,347,247111,买盘
1617,13:12:51,7.13,0.0,11,7843,卖盘
1618,13:13:06,7.13,0.0,12,8556,卖盘
1619,13:13:09,7.14,0.01,19,13556,买盘
1620,13:13:12,7.14,0.0,1,714,买盘
1621,13:13:21,7.13,-0.01,1,713,卖盘
1622,13:13:27,7.13,0.0,113,80672,卖盘
1623,13:13:30,7.14,0.01,4,2856,买盘
1624,13:13:33,7.13,-0.01,41,29233,卖盘
1625,13:13:36,7.13,0.0,213,151869,买盘
1626,13:13:48,7.12,-0.01,31,22091,卖盘
1627,13:13:54,7.13,0.01,9,6417,买盘
1628,13:13:57,7.13,0.0,5,3565,买盘
1629,13:14:12,7.12,-0.01,1,712,卖盘
1630,13:14:39,7.13,0.01,14,9982,买盘
1631,13:14:42,7.12,-0.01,59,42008,卖盘
1632,13:14:51,7.13,0.01,1,713,买盘
1633,13:14:58,7.13,0.0,9,6417,买盘
1634,13:15:00,7.13,0.0,16,11408,买盘
1635,13:15:04,7.13,0.0,6,4278,买盘
1636,13:15:06,7.14,0.01,6,4284,买盘
1637,13:15:12,7.13,-0.01,2,1426,卖盘
1638,13:15:21,7.13,0.0,17,12121,卖盘
1639,13:15:36,7.12,-0.01,11,7832,卖盘
1640,13:16:09,7.13,0.01,9,6417,买盘
1641,13:16:12,7.13,0.0,50,35650,买盘
1642,13:16:18,7.12,-0.01,2,1424,卖盘
1643,13:16:30,7.13,0.01,18,12834,买盘
1644,13:16:33,7.12,-0.01,10,7120,卖盘
1645,13:16:36,7.12,0.0,49,34888,卖盘
1646,13:16:39,7.13,0.01,28,19964,买盘
1647,13:16:48,7.13,0.0,11,7843,买盘
1648,13:16:54,7.12,-0.01,36,25632,卖盘
1649,13:17:06,7.13,0.01,4,2852,买盘
1650,13:17:12,7.13,0.0,9,6417,买盘
1651,13:17:21,7.13,0.0,22,15686,买盘
1652,13:17:27,7.12,-0.01,11,7832,卖盘
1653,13:17:39,7.12,0.0,55,39160,卖盘
1654,13:17:45,7.13,0.01,7,4991,买盘
1655,13:17:54,7.13,0.0,21,14973,买盘
1656,13:18:00,7.13,0.0,51,36361,买盘
1657,13:18:09,7.12,-0.01,240,170880,卖盘
1658,13:18:15,7.12,0.0,226,160886,买盘
1659,13:18:18,7.12,0.0,3,2136,买盘
1660,13:18:21,7.11,-0.01,11,7821,卖盘
1661,13:18:24,7.12,0.01,75,53400,买盘
1662,13:18:36,7.13,0.01,16,11408,买盘
1663,13:18:51,7.13,0.0,20,14260,买盘
1664,13:18:54,7.12,-0.01,2,1424,卖盘
1665,13:18:57,7.13,0.01,16,11408,买盘
1666,13:19:06,7.12,-0.01,36,25632,卖盘
1667,13:19:15,7.12,0.0,164,116769,卖盘
1668,13:19:18,7.11,-0.01,11,7821,卖盘
1669,13:19:54,7.12,0.01,21,14952,买盘
1670,13:20:09,7.11,-0.01,2,1422,卖盘
1671,13:20:12,7.11,0.0,11,7821,卖盘
1672,13:20:15,7.12,0.01,11,7832,买盘
1673,13:20:21,7.11,-0.01,150,106650,卖盘
1674,13:20:33,7.12,0.01,78,55487,买盘
1675,13:20:43,7.11,-0.01,3,2133,卖盘
1676,13:20:48,7.11,0.0,50,35556,卖盘
1677,13:20:51,7.12,0.01,8,5696,买盘
1678,13:20:54,7.12,0.0,20,14240,买盘
1679,13:21:07,7.11,-0.01,50,35550,卖盘
1680,13:21:12,7.12,0.01,10,7120,买盘
1681,13:21:21,7.11,-0.01,48,34128,卖盘
1682,13:21:24,7.11,0.0,63,44793,卖盘
1683,13:21:42,7.11,0.0,59,41949,卖盘
1684,13:21:45,7.11,0.0,8,5688,卖盘
1685,13:21:54,7.12,0.01,21,14952,买盘
1686,13:21:57,7.11,-0.01,57,40527,卖盘
1687,13:22:03,7.11,0.0,11,7821,卖盘
1688,13:22:09,7.11,0.0,415,295065,卖盘
1689,13:22:15,7.11,0.0,66,46881,买盘
1690,13:22:18,7.11,0.0,75,53325,买盘
1691,13:22:33,7.1,-0.01,38,26980,卖盘
1692,13:22:48,7.1,0.0,62,44020,卖盘
1693,13:22:55,7.11,0.01,21,14931,买盘
1694,13:22:57,7.11,0.0,22,15631,买盘
1695,13:23:03,7.1,-0.01,135,95850,卖盘
1696,13:23:06,7.11,0.01,5,3555,买盘
1697,13:23:18,7.11,0.0,52,36925,买盘
1698,13:23:21,7.1,-0.01,51,36210,卖盘
1699,13:23:24,7.11,0.01,4,2844,买盘
1700,13:23:27,7.11,0.0,5,3555,买盘
1701,13:23:30,7.11,0.0,30,21330,买盘
1702,13:23:33,7.11,0.0,8,5688,买盘
1703,13:23:39,7.11,0.0,49,34794,买盘
1704,13:23:45,7.1,-0.01,1,710,卖盘
1705,13:23:51,7.11,0.01,16,11365,买盘
1706,13:23:54,7.11,0.0,20,14220,买盘
1707,13:23:57,7.1,-0.01,41,29110,卖盘
1708,13:24:00,7.11,0.01,5,3555,买盘
1709,13:24:06,7.1,-0.01,1,710,卖盘
1710,13:24:12,7.1,0.0,62,44020,卖盘
1711,13:24:15,7.11,0.01,5,3555,买盘
1712,13:24:18,7.1,-0.01,2,1420,卖盘
1713,13:24:21,7.11,0.01,5,3555,买盘
1714,13:24:24,7.1,-0.01,17,12070,卖盘
1715,13:24:31,7.1,0.0,85,60379,卖盘
1716,13:24:36,7.11,0.01,4,2844,买盘
1717,13:24:42,7.1,-0.01,1,710,卖盘
1718,13:24:48,7.1,0.0,64,45445,卖盘
1719,13:24:51,7.1,0.0,1,710,卖盘
1720,13:24:54,7.11,0.01,21,14931,买盘
1721,13:24:57,7.1,-0.01,20,14205,卖盘
1722,13:25:04,7.1,0.0,44,31240,卖盘
1723,13:25:06,7.1,0.0,46,32660,卖盘
1724,13:25:09,7.11,0.01,4,2844,买盘
1725,13:25:15,7.1,-0.01,1,710,卖盘
1726,13:25:18,7.11,0.01,6,4266,买盘
1727,13:25:21,7.1,-0.01,47,33371,卖盘
1728,13:25:24,7.1,0.0,1,710,卖盘
1729,13:25:27,7.11,0.01,8,5688,买盘
1730,13:25:30,7.1,-0.01,205,145555,卖盘
1731,13:25:33,7.1,0.0,3,2130,卖盘
1732,13:25:36,7.1,0.0,1,710,卖盘
1733,13:25:39,7.11,0.01,64,45445,买盘
1734,13:25:42,7.11,0.0,80,56869,买盘
1735,13:25:45,7.11,0.0,1,711,卖盘
1736,13:25:51,7.12,0.01,5,3560,买盘
1737,13:25:54,7.11,-0.01,57,40547,卖盘
1738,13:25:58,7.11,0.0,1,711,卖盘
1739,13:26:00,7.12,0.01,9,6408,买盘
1740,13:26:06,7.12,0.0,2,1424,买盘
1741,13:26:09,7.11,-0.01,2,1422,卖盘
1742,13:26:15,7.11,0.0,109,77440,卖盘
1743,13:26:18,7.1,-0.01,31,22011,卖盘
1744,13:26:27,7.12,0.02,5,3560,买盘
1745,13:26:30,7.1,-0.02,63,44740,卖盘
1746,13:26:33,7.12,0.02,5,3560,买盘
1747,13:26:36,7.1,-0.02,11,7810,卖盘
1748,13:26:42,7.1,0.0,1,710,卖盘
1749,13:26:45,7.09,-0.01,56,39727,卖盘
1750,13:26:48,7.11,0.02,5,3555,中性盘
1751,13:26:51,7.09,-0.02,1,709,卖盘
1752,13:26:54,7.11,0.02,21,14931,买盘
1753,13:26:57,7.11,0.0,14,9954,买盘
1754,13:27:03,7.09,-0.02,54,38293,卖盘
1755,13:27:06,7.1,0.01,1,710,中性盘
1756,13:27:09,7.12,0.02,69,49067,买盘
1757,13:27:15,7.1,-0.02,5,3558,卖盘
1758,13:27:18,7.11,0.01,2,1422,中性盘
1759,13:27:21,7.12,0.01,40,28445,买盘
1760,13:27:27,7.11,-0.01,16,11376,卖盘
1761,13:27:30,7.1,-0.01,1,710,卖盘
1762,13:27:33,7.11,0.01,17,12076,中性盘
1763,13:27:36,7.1,-0.01,59,41890,卖盘
1764,13:27:39,7.1,0.0,1,710,卖盘
1765,13:27:42,7.1,0.0,1,710,卖盘
1766,13:27:48,7.1,0.0,1,710,卖盘
1767,13:27:54,7.09,-0.01,80,56811,卖盘
1768,13:27:57,7.1,0.01,6,4260,中性盘
1769,13:28:00,7.1,0.0,1,710,卖盘
1770,13:28:04,7.1,0.0,1,710,卖盘
1771,13:28:09,7.1,0.0,1,710,卖盘
1772,13:28:12,7.09,-0.01,78,55334,卖盘
1773,13:28:15,7.09,0.0,3,2127,卖盘
1774,13:28:21,7.1,0.01,1,710,卖盘
1775,13:28:24,7.1,0.0,1,710,卖盘
1776,13:28:27,7.1,0.0,11,7810,卖盘
1777,13:28:30,7.09,-0.01,43,30500,卖盘
1778,13:28:33,7.09,0.0,1,709,卖盘
1779,13:28:36,7.1,0.01,1,710,卖盘
1780,13:28:42,7.1,0.0,1,710,卖盘
1781,13:28:45,7.1,0.0,51,36210,卖盘
1782,13:28:48,7.1,0.0,2,1420,卖盘
1783,13:28:54,7.1,0.0,4,2842,卖盘
1784,13:28:57,7.1,0.0,1,710,卖盘
1785,13:29:04,7.09,-0.01,61,43292,卖盘
1786,13:29:06,7.1,0.01,6,4260,买盘
1787,13:29:09,7.1,0.0,1,710,卖盘
1788,13:29:15,7.1,0.0,10,7100,卖盘
1789,13:29:18,7.09,-0.01,83,58857,卖盘
1790,13:29:27,7.09,0.0,1,709,卖盘
1791,13:29:30,7.09,0.0,1,709,卖盘
1792,13:29:33,7.1,0.01,2,1420,买盘
1793,13:29:36,7.09,-0.01,51,36159,卖盘
1794,13:29:39,7.09,0.0,3,2127,卖盘
1795,13:29:42,7.09,0.0,2,1418,卖盘
1796,13:29:45,7.09,0.0,2,1418,卖盘
1797,13:29:48,7.09,0.0,1,709,卖盘
1798,13:29:54,7.09,0.0,43,30487,卖盘
1799,13:30:01,7.09,0.0,2,1418,卖盘
1800,13:30:04,7.09,0.0,1,709,卖盘
1801,13:30:09,7.09,0.0,39,27651,卖盘
1802,13:30:12,7.09,0.0,1,709,卖盘
1803,13:30:15,7.1,0.01,6,4259,买盘
1804,13:30:18,7.09,-0.01,25,17725,卖盘
1805,13:30:21,7.1,0.01,18,12780,买盘
1806,13:30:24,7.1,0.0,1,710,卖盘
1807,13:30:27,7.1,0.0,65,46150,卖盘
1808,13:30:30,7.11,0.01,2,1422,买盘
1809,13:30:33,7.1,-0.01,16,11360,卖盘
1810,13:30:37,7.1,0.0,1,710,卖盘
1811,13:30:45,7.1,0.0,60,42600,卖盘
1812,13:30:48,7.1,0.0,1,710,卖盘
1813,13:30:54,7.1,0.0,1,710,卖盘
1814,13:31:00,7.1,0.0,51,36210,卖盘
1815,13:31:06,7.1,0.0,1,710,卖盘
1816,13:31:09,7.1,0.0,2,1420,卖盘
1817,13:31:12,7.1,0.0,11,7810,卖盘
1818,13:31:15,7.1,0.0,14,9940,卖盘
1819,13:31:18,7.1,0.0,74,52540,卖盘
1820,13:31:21,7.1,0.0,1,710,卖盘
1821,13:31:31,7.1,0.0,2,1420,卖盘
1822,13:31:33,7.1,0.0,1,710,卖盘
1823,13:31:36,7.1,0.0,51,36210,卖盘
1824,13:31:39,7.1,0.0,1,710,卖盘
1825,13:31:45,7.1,0.0,1,710,卖盘
1826,13:31:51,7.1,0.0,1,710,卖盘
1827,13:31:54,7.1,0.0,46,32660,卖盘
1828,13:32:00,7.1,0.0,1,710,卖盘
1829,13:32:04,7.1,0.0,1,710,卖盘
1830,13:32:06,7.1,0.0,12,8520,卖盘
1831,13:32:09,7.1,0.0,60,42600,卖盘
1832,13:32:15,7.1,0.0,1,710,卖盘
1833,13:32:18,7.1,0.0,1,710,卖盘
1834,13:32:22,7.1,0.0,26,18460,卖盘
1835,13:32:25,7.1,0.0,1,710,卖盘
1836,13:32:27,7.09,-0.01,62,43981,卖盘
1837,13:32:30,7.11,0.02,6,4262,买盘
1838,13:32:36,7.1,-0.01,1,710,卖盘
1839,13:32:39,7.1,0.0,1,710,卖盘
1840,13:32:45,7.09,-0.01,57,40424,卖盘
1841,13:32:48,7.09,0.0,1,709,卖盘
1842,13:32:57,7.09,0.0,2,1418,卖盘
1843,13:33:00,7.09,0.0,53,37581,卖盘
1844,13:33:09,7.09,0.0,1,709,卖盘
1845,13:33:12,7.09,0.0,1,709,卖盘
1846,13:33:18,7.1,0.01,55,39005,买盘
1847,13:33:21,7.09,-0.01,37,26245,卖盘
1848,13:33:24,7.09,0.0,1,709,卖盘
1849,13:33:27,7.1,0.01,1,710,买盘
1850,13:33:30,7.09,-0.01,1,709,卖盘
1851,13:33:33,7.09,0.0,40,28360,卖盘
1852,13:33:36,7.1,0.01,11,7810,买盘
1853,13:33:42,7.09,-0.01,1,709,卖盘
1854,13:33:45,7.09,0.0,17,12053,卖盘
1855,13:33:51,7.09,0.0,64,45376,卖盘
1856,13:33:54,7.09,0.0,1,709,卖盘
1857,13:34:00,7.09,0.0,1,709,卖盘
1858,13:34:03,7.09,0.0,1,709,卖盘
1859,13:34:06,7.09,0.0,1,709,卖盘
1860,13:34:09,7.09,0.0,57,40413,卖盘
1861,13:34:12,7.1,0.01,1,710,买盘
1862,13:34:15,7.09,-0.01,1,709,卖盘
1863,13:34:18,7.09,0.0,1,709,卖盘
1864,13:34:21,7.09,0.0,26,18434,卖盘
1865,13:34:24,7.09,0.0,59,41831,卖盘
1866,13:34:27,7.09,0.0,2,1418,卖盘
1867,13:34:30,7.09,0.0,2,1418,卖盘
1868,13:34:36,7.09,0.0,1,709,卖盘
1869,13:34:39,7.09,0.0,1,709,卖盘
1870,13:34:43,7.09,0.0,52,36868,卖盘
1871,13:34:48,7.09,0.0,261,185049,卖盘
1872,13:34:51,7.09,0.0,56,39758,卖盘
1873,13:35:00,7.1,0.01,40,28400,卖盘
1874,13:35:04,7.1,0.0,4,2840,卖盘
1875,13:35:06,7.1,0.0,96,68160,卖盘
1876,13:35:12,7.09,-0.01,1,709,卖盘
1877,13:35:15,7.09,0.0,38,26943,卖盘
1878,13:35:21,7.09,0.0,1,709,卖盘
1879,13:35:24,7.09,0.0,1,709,卖盘
1880,13:35:27,7.09,0.0,94,66646,卖盘
1881,13:35:33,7.09,0.0,61,43249,卖盘
1882,13:35:39,7.09,0.0,1,709,卖盘
1883,13:35:45,7.09,0.0,61,43249,卖盘
1884,13:35:49,7.1,0.01,12,8520,买盘
1885,13:35:51,7.09,-0.01,50,35450,卖盘
1886,13:35:54,7.09,0.0,1,709,卖盘
1887,13:35:57,7.09,0.0,1,709,卖盘
1888,13:36:03,7.09,0.0,55,38995,卖盘
1889,13:36:06,7.08,-0.01,212,150504,卖盘
1890,13:36:09,7.08,0.0,1,708,卖盘
1891,13:36:15,7.08,0.0,2,1416,卖盘
1892,13:36:21,7.08,0.0,48,33984,卖盘
1893,13:36:24,7.08,0.0,39,27612,卖盘
1894,13:36:30,7.08,0.0,6,4251,卖盘
1895,13:36:33,7.08,0.0,27,19116,卖盘
1896,13:36:36,7.08,0.0,35,24780,卖盘
1897,13:36:40,7.08,0.0,1,708,卖盘
1898,13:36:42,7.08,0.0,39,27612,卖盘
1899,13:36:45,7.09,0.01,5,3545,买盘
1900,13:36:48,7.08,-0.01,2,1417,卖盘
1901,13:36:51,7.09,0.01,58,41122,买盘
1902,13:36:55,7.09,0.0,98,69414,买盘
1903,13:36:57,7.08,-0.01,59,41772,卖盘
1904,13:37:00,7.08,0.0,1,708,卖盘
1905,13:37:03,7.08,0.0,2,1416,卖盘
1906,13:37:12,7.08,0.0,60,42480,卖盘
1907,13:37:15,7.08,0.0,52,36816,卖盘
1908,13:37:21,7.08,0.0,1,708,卖盘
1909,13:37:27,7.08,0.0,67,47436,卖盘
1910,13:37:33,7.08,0.0,88,62304,卖盘
1911,13:37:39,7.08,0.0,1,708,卖盘
1912,13:37:45,7.08,0.0,60,42480,卖盘
1913,13:37:48,7.09,0.01,3,2125,买盘
1914,13:37:51,7.08,-0.01,54,38232,卖盘
1915,13:37:57,7.08,0.0,1,708,卖盘
1916,13:38:00,7.08,0.0,1,708,卖盘
1917,13:38:04,7.08,0.0,75,53121,卖盘
1918,13:38:06,7.08,0.0,48,33984,卖盘
1919,13:38:09,7.08,0.0,2,1416,卖盘
1920,13:38:15,7.08,0.0,20,14160,卖盘
1921,13:38:18,7.08,0.0,44,31152,卖盘
1922,13:38:21,7.08,0.0,42,29736,卖盘
1923,13:38:24,7.09,0.01,37,26197,买盘
1924,13:38:27,7.08,-0.01,1,708,卖盘
1925,13:38:30,7.08,0.0,100,70800,卖盘
1926,13:38:33,7.08,0.0,26,18408,卖盘
1927,13:38:36,7.08,0.0,38,26904,卖盘
1928,13:38:39,7.08,0.0,126,89208,卖盘
1929,13:38:42,7.09,0.01,4,2835,买盘
1930,13:38:48,7.08,-0.01,22,15576,卖盘
1931,13:38:51,7.08,0.0,2,1416,卖盘
1932,13:38:54,7.08,0.0,70,49560,卖盘
1933,13:39:00,7.08,0.0,2,1416,卖盘
1934,13:39:03,7.08,0.0,102,72216,卖盘
1935,13:39:09,7.08,0.0,64,45312,卖盘
1936,13:39:12,7.08,0.0,1,708,卖盘
1937,13:39:15,7.08,0.0,1,708,卖盘
1938,13:39:24,7.08,0.0,1,708,卖盘
1939,13:39:27,7.08,0.0,59,41772,卖盘
1940,13:39:33,7.08,0.0,25,17700,卖盘
1941,13:39:36,7.08,0.0,2,1416,卖盘
1942,13:39:39,7.09,0.01,1,709,买盘
1943,13:39:45,7.08,-0.01,50,35400,卖盘
1944,13:39:48,7.08,0.0,2,1416,卖盘
1945,13:39:51,7.08,0.0,15,10620,卖盘
1946,13:39:54,7.08,0.0,2,1416,卖盘
1947,13:40:00,7.08,0.0,52,36824,卖盘
1948,13:40:09,7.08,0.0,1,708,卖盘
1949,13:40:12,7.08,0.0,1,708,卖盘
1950,13:40:19,7.08,0.0,36,25488,卖盘
1951,13:40:24,7.08,0.0,1,708,卖盘
1952,13:40:27,7.08,0.0,50,35400,卖盘
1953,13:40:30,7.08,0.0,501,354708,卖盘
1954,13:40:33,7.08,0.0,1,708,卖盘
1955,13:40:36,7.08,0.0,69,48852,卖盘
1956,13:40:42,7.08,0.0,4,2832,卖盘
1957,13:40:48,7.09,0.01,8,5672,买盘
1958,13:40:51,7.08,-0.01,61,43188,卖盘
1959,13:40:54,7.08,0.0,1,708,卖盘
1960,13:40:57,7.08,0.0,91,64428,卖盘
1961,13:41:04,7.07,-0.01,20,14159,卖盘
1962,13:41:06,7.07,0.0,1,707,卖盘
1963,13:41:09,7.07,0.0,52,36764,卖盘
1964,13:41:12,7.08,0.01,27,19099,买盘
1965,13:41:15,7.07,-0.01,1,707,卖盘
1966,13:41:19,7.07,0.0,2,1414,卖盘
1967,13:41:24,7.07,0.0,1,707,卖盘
1968,13:41:28,7.07,0.0,44,31108,卖盘
1969,13:41:30,7.07,0.0,1,707,卖盘
1970,13:41:34,7.08,0.01,19,13452,买盘
1971,13:41:36,7.07,-0.01,1,707,卖盘
1972,13:41:39,7.07,0.0,1,707,卖盘
1973,13:41:43,7.07,0.0,40,28280,卖盘
1974,13:41:48,7.07,0.0,2,1414,卖盘
1975,13:41:58,7.07,0.0,1,707,卖盘
1976,13:42:00,7.07,0.0,111,78487,卖盘
1977,13:42:04,7.07,0.0,1,707,卖盘
1978,13:42:09,7.07,0.0,1,707,卖盘
1979,13:42:12,7.07,0.0,2,1414,卖盘
1980,13:42:15,7.07,0.0,21,14861,卖盘
1981,13:42:18,7.08,0.01,61,43129,买盘
1982,13:42:21,7.07,-0.01,2,1414,卖盘
1983,13:42:24,7.07,0.0,1,707,卖盘
1984,13:42:27,7.07,0.0,48,33936,卖盘
1985,13:42:30,7.07,0.0,1,707,卖盘
1986,13:42:33,7.07,0.0,60,42430,卖盘
1987,13:42:42,7.07,0.0,1,707,卖盘
1988,13:42:45,7.07,0.0,2,1414,卖盘
1989,13:42:51,7.07,0.0,42,29694,卖盘
1990,13:42:54,7.07,0.0,5,3535,卖盘
1991,13:43:01,7.08,0.01,10,7080,买盘
1992,13:43:04,7.07,-0.01,16,11312,卖盘
1993,13:43:06,7.07,0.0,7,4955,卖盘
1994,13:43:09,7.07,0.0,34,24038,卖盘
1995,13:43:15,7.08,0.01,226,160007,买盘
1996,13:43:18,7.08,0.0,16,11342,卖盘
1997,13:43:24,7.08,0.0,64,45312,卖盘
1998,13:43:27,7.08,0.0,2,1416,卖盘
1999,13:43:36,7.08,0.0,1,708,卖盘
2000,13:43:42,7.08,0.0,62,43896,卖盘
2001,13:43:48,7.08,0.0,2,1416,卖盘
2002,13:43:51,7.08,0.0,1,708,卖盘
2003,13:44:00,7.09,0.01,92,65176,买盘
2004,13:44:04,7.08,-0.01,1,708,卖盘
2005,13:44:10,7.08,0.0,1,708,卖盘
2006,13:44:15,7.08,0.0,166,117729,卖盘
2007,13:44:19,7.08,0.0,30,21240,卖盘
2008,13:44:21,7.07,-0.01,23,16283,卖盘
2009,13:44:24,7.07,0.0,1,707,卖盘
2010,13:44:33,7.07,0.0,54,38178,卖盘
2011,13:44:36,7.07,0.0,1,707,卖盘
2012,13:44:45,7.07,0.0,3,2121,卖盘
2013,13:44:48,7.08,0.01,11,7788,买盘
2014,13:44:51,7.07,-0.01,56,39598,卖盘
2015,13:44:54,7.07,0.0,1,707,卖盘
2016,13:44:58,7.07,0.0,122,86254,卖盘
2017,13:45:01,7.08,0.01,12,8496,买盘
2018,13:45:07,7.07,-0.01,2,1414,卖盘
2019,13:45:09,7.07,0.0,39,27573,卖盘
2020,13:45:18,7.07,0.0,2,1414,卖盘
2021,13:45:21,7.07,0.0,26,18382,卖盘
2022,13:45:24,7.07,0.0,31,21917,卖盘
2023,13:45:27,7.07,0.0,1,707,卖盘
2024,13:45:30,7.07,0.0,2,1414,卖盘
2025,13:45:39,7.08,0.01,284,201071,买盘
2026,13:45:42,7.07,-0.01,63,44581,卖盘
2027,13:45:51,7.07,0.0,2,1414,卖盘
2028,13:45:57,7.09,0.02,6,4254,买盘
2029,13:46:01,7.07,-0.02,69,48803,卖盘
2030,13:46:04,7.07,0.0,2,1414,卖盘
2031,13:46:12,7.08,0.01,1,708,卖盘
2032,13:46:15,7.08,0.0,49,34692,卖盘
2033,13:46:21,7.08,0.0,1,708,卖盘
2034,13:46:24,7.08,0.0,1,708,卖盘
2035,13:46:27,7.08,0.0,30,21242,卖盘
2036,13:46:33,7.08,0.0,41,29028,卖盘
2037,13:46:36,7.08,0.0,3,2124,卖盘
2038,13:46:45,7.08,0.0,1,708,卖盘
2039,13:46:48,7.08,0.0,34,24072,卖盘
2040,13:46:58,7.08,0.0,1,708,卖盘
2041,13:47:01,7.09,0.01,11,7798,买盘
2042,13:47:06,7.08,-0.01,68,48144,卖盘
2043,13:47:12,7.08,0.0,1,708,卖盘
2044,13:47:19,7.08,0.0,1,708,卖盘
2045,13:47:21,7.09,0.01,14,9925,买盘
2046,13:47:24,7.08,-0.01,55,38940,卖盘
2047,13:47:30,7.08,0.0,1,708,卖盘
2048,13:47:33,7.08,0.0,29,20532,卖盘
2049,13:47:39,7.08,0.0,52,36816,卖盘
2050,13:47:42,7.09,0.01,6,4254,买盘
2051,13:47:45,7.08,-0.01,1,708,卖盘
2052,13:47:48,7.09,0.01,50,35450,买盘
2053,13:47:52,7.08,-0.01,1,708,卖盘
2054,13:47:55,7.08,0.0,1,708,卖盘
2055,13:47:57,7.08,0.0,43,30444,卖盘
2056,13:48:00,7.09,0.01,2,1418,买盘
2057,13:48:04,7.08,-0.01,1,708,卖盘
2058,13:48:06,7.08,0.0,1,708,卖盘
2059,13:48:12,7.08,0.0,7,4962,卖盘
2060,13:48:15,7.08,0.0,2,1416,卖盘
2061,13:48:27,7.08,0.0,1,708,卖盘
2062,13:48:36,7.08,0.0,1,708,卖盘
2063,13:48:39,7.09,0.01,10,7090,买盘
2064,13:48:42,7.08,-0.01,2,1417,卖盘
2065,13:48:45,7.09,0.01,6,4254,买盘
2066,13:48:49,7.09,0.0,46,32614,买盘
2067,13:48:51,7.09,0.0,1,709,卖盘
2068,13:49:00,7.09,0.0,1,709,卖盘
2069,13:49:12,7.09,0.0,2,1418,卖盘
2070,13:49:15,7.09,0.0,15,10635,卖盘
2071,13:49:22,7.09,0.0,1,709,卖盘
2072,13:49:28,7.1,0.01,5,3550,买盘
2073,13:49:33,7.08,-0.02,90,63809,卖盘
2074,13:49:39,7.09,0.01,10,7090,买盘
2075,13:49:45,7.08,-0.01,2,1416,卖盘
2076,13:49:54,7.08,0.0,1,708,卖盘
2077,13:49:57,7.09,0.01,7,4963,买盘
2078,13:50:03,7.08,-0.01,7,4956,卖盘
2079,13:50:06,7.08,0.0,1,708,卖盘
2080,13:50:12,7.09,0.01,28,19852,买盘
2081,13:50:15,7.09,0.0,110,77990,买盘
2082,13:50:18,7.08,-0.01,1,708,卖盘
2083,13:50:27,7.08,0.0,2,1416,卖盘
2084,13:50:30,7.09,0.01,6,4254,买盘
2085,13:50:33,7.08,-0.01,41,29028,卖盘
2086,13:50:39,7.09,0.01,11,7798,买盘
2087,13:50:48,7.08,-0.01,1,708,卖盘
2088,13:51:00,7.08,0.0,8,5670,卖盘
2089,13:51:12,7.09,0.01,27,19142,买盘
2090,13:51:18,7.09,0.0,4,2836,买盘
2091,13:51:33,7.09,0.0,2,1418,买盘
2092,13:51:40,7.09,0.0,27,19143,买盘
2093,13:51:42,7.09,0.0,7,4963,买盘
2094,13:51:48,7.09,0.0,16,11331,买盘
2095,13:51:54,7.09,0.0,108,76572,买盘
2096,13:51:57,7.09,0.0,1,709,买盘
2097,13:52:00,7.09,0.0,5,3545,买盘
2098,13:52:03,7.09,0.0,10,7090,买盘
2099,13:52:06,7.08,-0.01,40,28320,卖盘
2100,13:52:09,7.09,0.01,56,39703,买盘
2101,13:52:21,7.08,-0.01,14,9912,卖盘
2102,13:52:27,7.09,0.01,2,1418,买盘
2103,13:52:36,7.09,0.0,2,1418,买盘
2104,13:52:48,7.09,0.0,2,1418,买盘
2105,13:52:54,7.09,0.0,20,14180,买盘
2106,13:53:00,7.09,0.0,111,78699,买盘
2107,13:53:04,7.09,0.0,12,8508,买盘
2108,13:53:09,7.09,0.0,6,4254,买盘
2109,13:53:12,7.08,-0.01,21,14872,卖盘
2110,13:53:15,7.1,0.02,27,19145,买盘
2111,13:53:18,7.1,0.0,8,5680,买盘
2112,13:53:24,7.1,0.0,17,12070,买盘
2113,13:53:36,7.1,0.0,2,1420,买盘
2114,13:53:39,7.09,-0.01,3,2127,卖盘
2115,13:53:42,7.08,-0.01,126,89395,卖盘
2116,13:53:45,7.1,0.02,10,7100,买盘
2117,13:53:52,7.1,0.0,6,4260,买盘
2118,13:53:57,7.1,0.0,2,1420,买盘
2119,13:54:04,7.1,0.0,10,7100,买盘
2120,13:54:06,7.1,0.0,2,1420,买盘
2121,13:54:09,7.1,0.0,22,15379,买盘
2122,13:54:12,7.11,0.01,1,711,买盘
2123,13:54:18,7.1,-0.01,5,3550,卖盘
2124,13:54:21,7.11,0.01,3,2132,买盘
2125,13:54:28,7.1,-0.01,10,7100,卖盘
2126,13:54:30,7.11,0.01,1,711,买盘
2127,13:54:36,7.1,-0.01,1,951,卖盘
2128,13:54:54,7.1,0.0,2,1420,买盘
2129,13:55:00,7.1,0.0,29,20590,买盘
2130,13:55:04,7.1,0.0,2,1420,买盘
2131,13:55:06,7.1,0.0,6,4260,买盘
2132,13:55:18,7.09,-0.01,20,14180,卖盘
2133,13:55:24,7.1,0.01,2,1420,买盘
2134,13:55:31,7.1,0.0,3,2130,买盘
2135,13:55:39,7.1,0.0,10,7100,买盘
2136,13:55:48,7.1,0.0,2,1420,买盘
2137,13:56:06,7.1,0.0,1,710,买盘
2138,13:56:15,7.1,0.0,2,1420,买盘
2139,13:56:27,7.1,0.0,6,4260,买盘
2140,13:56:40,7.1,0.0,10,7100,买盘
2141,13:56:42,7.1,0.0,2,1420,买盘
2142,13:56:51,7.1,0.0,161,114070,买盘
2143,13:57:00,7.1,0.0,36,25560,卖盘
2144,13:57:09,7.11,0.01,1,711,买盘
2145,13:57:19,7.11,0.0,1,711,买盘
2146,13:57:22,7.11,0.0,14,9954,买盘
2147,13:57:25,7.1,-0.01,113,80230,卖盘
2148,13:57:28,7.1,0.0,100,71000,卖盘
2149,13:57:36,7.1,0.0,2,1420,买盘
2150,13:57:39,7.1,0.0,10,7100,买盘
2151,13:57:55,7.1,0.0,1,710,买盘
2152,13:58:00,7.1,0.0,2,1420,买盘
2153,13:58:04,7.1,0.0,200,142000,买盘
2154,13:58:06,7.09,-0.01,1,709,卖盘
2155,13:58:21,7.1,0.01,1,710,买盘
2156,13:58:30,7.1,0.0,2,1420,买盘
2157,13:58:39,7.1,0.0,102,72420,买盘
2158,13:58:42,7.1,0.0,2,1420,买盘
2159,13:58:51,7.1,0.0,1,710,买盘
2160,13:58:57,7.1,0.0,3,2130,买盘
2161,13:59:22,7.1,0.0,3,2130,买盘
2162,13:59:36,7.09,-0.01,2,1418,卖盘
2163,13:59:42,7.1,0.01,181,128269,买盘
2164,13:59:45,7.11,0.01,2,1422,买盘
2165,13:59:54,7.1,-0.01,40,28641,卖盘
2166,13:59:57,7.1,0.0,12,8520,买盘
2167,14:00:00,7.1,0.0,2,1420,买盘
2168,14:00:04,7.1,0.0,6,4260,买盘
2169,14:00:09,7.1,0.0,1,710,买盘
2170,14:00:13,7.1,0.0,5,3550,买盘
2171,14:00:18,7.1,0.0,2,1420,买盘
2172,14:01:04,7.1,0.0,63,44730,买盘
2173,14:01:21,7.09,-0.01,20,14180,卖盘
2174,14:01:30,7.1,0.01,2,1420,买盘
2175,14:01:33,7.1,0.0,12,8520,买盘
2176,14:01:36,7.1,0.0,5,3550,买盘
2177,14:01:45,7.1,0.0,55,39050,买盘
2178,14:01:48,7.09,-0.01,1,709,卖盘
2179,14:01:51,7.1,0.01,200,142000,买盘
2180,14:01:54,7.1,0.0,2,1420,买盘
2181,14:02:03,7.1,0.0,6,4260,买盘
2182,14:02:06,7.1,0.0,4,2840,买盘
2183,14:02:09,7.1,0.0,16,11360,买盘
2184,14:02:12,7.09,-0.01,1,709,卖盘
2185,14:02:21,7.1,0.01,11,7810,买盘
2186,14:02:24,7.1,0.0,10,7100,买盘
2187,14:02:33,7.09,-0.01,5,3545,卖盘
2188,14:02:40,7.1,0.01,14,9935,买盘
2189,14:03:01,7.1,0.0,6,4260,买盘
2190,14:03:03,7.1,0.0,2,1420,买盘
2191,14:03:51,7.1,0.0,1,710,买盘
2192,14:04:04,7.1,0.0,21,14910,买盘
2193,14:04:15,7.1,0.0,1,710,买盘
2194,14:04:18,7.1,0.0,9,6390,买盘
2195,14:04:39,7.1,0.0,1,710,买盘
2196,14:04:42,7.1,0.0,1,710,买盘
2197,14:04:51,7.09,-0.01,45,31925,卖盘
2198,14:04:55,7.1,0.01,10,7100,买盘
2199,14:05:00,7.1,0.0,1,710,买盘
2200,14:05:18,7.1,0.0,1,710,买盘
2201,14:05:21,7.1,0.0,36,25560,买盘
2202,14:05:37,7.1,0.0,1,710,买盘
2203,14:05:45,7.1,0.0,10,7100,买盘
2204,14:05:48,7.1,0.0,1,710,买盘
2205,14:05:57,7.09,-0.01,26,18434,卖盘
2206,14:06:00,7.1,0.01,5,3550,买盘
2207,14:06:04,7.1,0.0,1,710,买盘
2208,14:06:18,7.09,-0.01,50,35450,卖盘
2209,14:06:21,7.1,0.01,4,2840,买盘
2210,14:06:27,7.1,0.0,1,710,买盘
2211,14:06:42,7.1,0.0,1,710,买盘
2212,14:06:48,7.1,0.0,1,710,买盘
2213,14:06:57,7.1,0.0,27,19144,买盘
2214,14:07:09,7.1,0.0,23,16330,买盘
2215,14:07:18,7.1,0.0,1,710,买盘
2216,14:07:21,7.1,0.0,4,2840,买盘
2217,14:07:27,7.1,0.0,16,11360,买盘
2218,14:07:48,7.1,0.0,4,2840,买盘
2219,14:07:57,7.09,-0.01,40,28360,卖盘
2220,14:08:18,7.1,0.01,1,710,买盘
2221,14:08:30,7.1,0.0,10,7100,买盘
2222,14:08:36,7.09,-0.01,50,35450,卖盘
2223,14:08:39,7.09,0.0,1,709,卖盘
2224,14:08:45,7.09,0.0,523,370807,卖盘
2225,14:08:48,7.08,-0.01,1,708,卖盘
2226,14:08:57,7.08,0.0,24,16992,卖盘
2227,14:09:15,7.08,0.0,2,1416,卖盘
2228,14:09:21,7.09,0.01,10,7090,买盘
2229,14:09:27,7.09,0.0,2,1418,买盘
2230,14:09:45,7.09,0.0,4,2836,买盘
2231,14:09:49,7.08,-0.01,6,4249,卖盘
2232,14:09:51,7.09,0.01,33,23397,买盘
2233,14:09:54,7.09,0.0,28,19852,买盘
2234,14:09:57,7.09,0.0,60,42490,买盘
2235,14:10:00,7.1,0.01,9,6390,买盘
2236,14:10:04,7.1,0.0,6,4260,买盘
2237,14:10:06,7.1,0.0,15,10650,买盘
2238,14:10:09,7.1,0.0,24,17040,买盘
2239,14:10:15,7.1,0.0,4,2840,买盘
2240,14:10:22,7.1,0.0,6,4260,买盘
2241,14:10:27,7.09,-0.01,1,709,卖盘
2242,14:10:33,7.09,0.0,1,709,卖盘
2243,14:10:42,7.09,0.0,35,24815,卖盘
2244,14:10:49,7.09,0.0,14,9926,卖盘
2245,14:10:51,7.1,0.01,1,710,买盘
2246,14:10:58,7.09,-0.01,17,12053,卖盘
2247,14:11:03,7.1,0.01,1,710,买盘
2248,14:11:06,7.1,0.0,5,3550,买盘
2249,14:11:12,7.1,0.0,1,710,买盘
2250,14:11:15,7.1,0.0,1,710,买盘
2251,14:11:21,7.1,0.0,2,1420,买盘
2252,14:11:45,7.1,0.0,50,35500,买盘
2253,14:11:48,7.1,0.0,1,710,买盘
2254,14:11:51,7.09,-0.01,45,31905,卖盘
2255,14:11:57,7.1,0.01,1,710,买盘
2256,14:12:04,7.09,-0.01,9,6386,卖盘
2257,14:12:09,7.1,0.01,43,30494,买盘
2258,14:12:33,7.1,0.0,1,710,买盘
2259,14:12:45,7.1,0.0,1,710,买盘
2260,14:12:48,7.1,0.0,1,710,买盘
2261,14:12:57,7.1,0.0,1,710,买盘
2262,14:13:04,7.09,-0.01,4,2482,卖盘
2263,14:13:10,7.1,0.01,1,710,买盘
2264,14:13:30,7.1,0.0,1064,754356,买盘
2265,14:13:33,7.08,-0.02,1,708,卖盘
2266,14:13:48,7.09,0.01,7,4963,买盘
2267,14:14:00,7.08,-0.01,468,331209,卖盘
2268,14:14:04,7.08,0.0,10,7080,买盘
2269,14:14:06,7.08,0.0,42,29859,买盘
2270,14:14:09,7.08,0.0,34,24072,卖盘
2271,14:14:15,7.08,0.0,19,13453,卖盘
2272,14:14:18,7.08,0.0,7,4821,卖盘
2273,14:14:21,7.08,0.0,20,14160,买盘
2274,14:14:46,7.08,0.0,3,2122,买盘
2275,14:14:51,7.08,0.0,168,119079,买盘
2276,14:15:36,7.08,0.0,150,106200,卖盘
2277,14:15:42,7.09,0.01,1,709,买盘
2278,14:15:45,7.09,0.0,6,4254,买盘
2279,14:16:15,7.08,-0.01,150,106200,卖盘
2280,14:16:24,7.09,0.01,6,4254,买盘
2281,14:16:27,7.09,0.0,2,1418,买盘
2282,14:16:45,7.09,0.0,24,17016,买盘
2283,14:17:04,7.08,-0.01,150,106200,卖盘
2284,14:17:12,7.09,0.01,2,1417,买盘
2285,14:17:30,7.08,-0.01,10,7080,卖盘
2286,14:17:36,7.09,0.01,8,5672,买盘
2287,14:18:12,7.09,0.0,100,70900,买盘
2288,14:18:15,7.08,-0.01,1,708,卖盘
2289,14:18:18,7.08,0.0,16,11328,卖盘
2290,14:18:21,7.08,0.0,1,708,卖盘
2291,14:18:39,7.09,0.01,1,709,买盘
2292,14:18:45,7.08,-0.01,7,4956,卖盘
2293,14:19:15,7.09,0.01,1,709,买盘
2294,14:19:22,7.09,0.0,2,1418,买盘
2295,14:19:24,7.09,0.0,5,3545,买盘
2296,14:19:36,7.09,0.0,1,709,买盘
2297,14:19:39,7.09,0.0,1,709,买盘
2298,14:19:51,7.09,0.0,5,3545,买盘
2299,14:20:00,7.09,0.0,1,709,买盘
2300,14:20:06,7.09,0.0,10,7090,买盘
2301,14:20:09,7.09,0.0,1,709,买盘
2302,14:20:12,7.09,0.0,1,709,买盘
2303,14:20:21,7.08,-0.01,15,10620,卖盘
2304,14:20:27,7.09,0.01,1,709,买盘
2305,14:20:30,7.09,0.0,7,4963,买盘
2306,14:20:33,7.08,-0.01,36,25488,卖盘
2307,14:20:45,7.09,0.01,13,9215,买盘
2308,14:20:54,7.09,0.0,42,29778,买盘
2309,14:20:57,7.09,0.0,2,1418,买盘
2310,14:21:00,7.09,0.0,5,3545,买盘
2311,14:21:03,7.09,0.0,5,3545,买盘
2312,14:21:06,7.09,0.0,9,6381,买盘
2313,14:21:12,7.09,0.0,1,709,买盘
2314,14:21:15,7.09,0.0,31,21979,买盘
2315,14:21:21,7.09,0.0,27,19143,买盘
2316,14:21:27,7.09,0.0,19,13471,买盘
2317,14:21:30,7.09,0.0,180,127620,买盘
2318,14:21:33,7.09,0.0,1,709,买盘
2319,14:21:39,7.09,0.0,1,709,买盘
2320,14:21:45,7.09,0.0,57,40413,买盘
2321,14:21:51,7.09,0.0,1,709,买盘
2322,14:21:57,7.09,0.0,87,61683,买盘
2323,14:22:13,7.1,0.01,1,710,买盘
2324,14:22:21,7.1,0.0,1,710,买盘
2325,14:22:34,7.1,0.0,26,18460,买盘
2326,14:23:00,7.1,0.0,3,2130,买盘
2327,14:23:21,7.1,0.0,1,710,买盘
2328,14:23:42,7.1,0.0,1,710,买盘
2329,14:23:45,7.09,-0.01,72,51085,卖盘
2330,14:23:48,7.09,0.0,1,709,卖盘
2331,14:23:51,7.1,0.01,14,9940,买盘
2332,14:23:54,7.09,-0.01,1,709,卖盘
2333,14:24:12,7.1,0.01,330,234300,买盘
2334,14:24:15,7.09,-0.01,1,709,卖盘
2335,14:24:24,7.1,0.01,20,14200,买盘
2336,14:24:28,7.09,-0.01,109,77389,卖盘
2337,14:24:31,7.1,0.01,10,7100,买盘
2338,14:24:40,7.1,0.0,68,48039,买盘
2339,14:24:43,7.11,0.01,9,6399,买盘
2340,14:24:48,7.1,-0.01,2,1420,卖盘
2341,14:24:51,7.11,0.01,8,5688,买盘
2342,14:24:57,7.1,-0.01,150,106500,卖盘
2343,14:25:03,7.1,0.0,74,52781,卖盘
2344,14:25:07,7.1,0.0,9,6390,买盘
2345,14:25:09,7.1,0.0,9,6390,买盘
2346,14:25:18,7.1,0.0,4,2840,买盘
2347,14:25:21,7.1,0.0,1,710,买盘
2348,14:25:28,7.1,0.0,1,710,买盘
2349,14:25:30,7.1,0.0,5,3550,买盘
2350,14:25:33,7.1,0.0,2,1420,买盘
2351,14:25:36,7.1,0.0,138,97978,买盘
2352,14:26:00,7.1,0.0,10,7100,买盘
2353,14:26:04,7.1,0.0,1,710,买盘
2354,14:26:15,7.09,-0.01,2,1418,卖盘
2355,14:26:19,7.1,0.01,15,10650,买盘
2356,14:26:21,7.1,0.0,1,710,买盘
2357,14:26:33,7.1,0.0,1,710,买盘
2358,14:26:39,7.1,0.0,16,11360,买盘
2359,14:26:45,7.1,0.0,5,3550,买盘
2360,14:26:48,7.1,0.0,14,9940,买盘
2361,14:26:54,7.11,0.01,7,4975,买盘
2362,14:27:00,7.1,-0.01,6,4260,中性盘
2363,14:27:06,7.11,0.01,167,118728,买盘
2364,14:27:15,7.11,0.0,1,711,买盘
2365,14:27:30,7.11,0.0,1,711,买盘
2366,14:27:36,7.11,0.0,10,7110,买盘
2367,14:27:39,7.11,0.0,1,711,买盘
2368,14:27:48,7.1,-0.01,5,3550,卖盘
2369,14:28:13,7.11,0.01,1,711,买盘
2370,14:28:15,7.1,-0.01,198,140580,卖盘
2371,14:28:18,7.1,0.0,10,7099,买盘
2372,14:28:21,7.1,0.0,1,710,买盘
2373,14:28:30,7.1,0.0,1,710,买盘
2374,14:28:51,7.1,0.0,20,14200,买盘
2375,14:28:55,7.09,-0.01,12,8518,卖盘
2376,14:28:57,7.1,0.01,48,34033,买盘
2377,14:29:06,7.1,0.0,8,5680,买盘
2378,14:29:09,7.1,0.0,10,7100,买盘
2379,14:29:18,7.1,0.0,1,710,买盘
2380,14:29:24,7.09,-0.01,26,18434,卖盘
2381,14:29:27,7.1,0.01,14,9940,买盘
2382,14:29:43,7.1,0.0,27,19170,买盘
2383,14:29:46,7.1,0.0,30,21300,买盘
2384,14:29:48,7.1,0.0,9,6390,买盘
2385,14:29:55,7.09,-0.01,11,7808,卖盘
2386,14:29:57,7.1,0.01,2,1420,买盘
2387,14:30:00,7.09,-0.01,29,20570,卖盘
2388,14:30:04,7.1,0.01,1,710,买盘
2389,14:30:09,7.1,0.0,9,6390,买盘
2390,14:30:13,7.1,0.0,383,271930,买盘
2391,14:30:16,7.1,0.0,183,129930,买盘
2392,14:30:18,7.1,0.0,10,7100,买盘
2393,14:30:24,7.1,0.0,2,1420,卖盘
2394,14:30:36,7.1,0.0,8,5680,卖盘
2395,14:30:39,7.1,0.0,113,80230,卖盘
2396,14:30:42,7.1,0.0,5,3550,买盘
2397,14:30:45,7.1,0.0,3,2130,买盘
2398,14:30:51,7.1,0.0,1,710,买盘
2399,14:30:55,7.1,0.0,31,22010,买盘
2400,14:31:04,7.1,0.0,34,24140,买盘
2401,14:31:06,7.1,0.0,17,12069,买盘
2402,14:31:12,7.1,0.0,11,7810,买盘
2403,14:31:15,7.09,-0.01,7,4963,卖盘
2404,14:31:19,7.1,0.01,40,28400,买盘
2405,14:31:31,7.09,-0.01,2,1418,卖盘
2406,14:31:42,7.1,0.01,47,33369,买盘
2407,14:31:45,7.1,0.0,20,14190,买盘
2408,14:31:57,7.1,0.0,5,3550,买盘
2409,14:32:01,7.1,0.0,85,60350,买盘
2410,14:32:04,7.09,-0.01,2,1419,卖盘
2411,14:32:07,7.1,0.01,43,30530,买盘
2412,14:32:09,7.09,-0.01,1,709,卖盘
2413,14:32:15,7.1,0.01,27,19170,买盘
2414,14:32:18,7.09,-0.01,2,1419,卖盘
2415,14:32:21,7.1,0.01,16,11360,买盘
2416,14:32:24,7.1,0.0,6,4260,买盘
2417,14:32:27,7.1,0.0,200,142000,买盘
2418,14:32:30,7.1,0.0,292,207320,买盘
2419,14:32:33,7.1,0.0,63,44730,买盘
2420,14:32:48,7.1,0.0,69,48990,卖盘
2421,14:32:54,7.11,0.01,1,711,买盘
2422,14:32:58,7.11,0.0,8,5688,买盘
2423,14:33:01,7.11,0.0,6,4266,买盘
2424,14:33:04,7.11,0.0,1,711,买盘
2425,14:33:21,7.11,0.0,11,7821,买盘
2426,14:33:30,7.1,-0.01,45,31950,卖盘
2427,14:33:33,7.11,0.01,1,711,买盘
2428,14:33:36,7.11,0.0,51,36259,买盘
2429,14:33:39,7.1,-0.01,2,1420,卖盘
2430,14:33:51,7.11,0.01,596,423773,买盘
2431,14:33:58,7.12,0.01,1,712,买盘
2432,14:34:01,7.12,0.0,1,712,买盘
2433,14:34:07,7.12,0.0,50,35600,买盘
2434,14:34:10,7.12,0.0,10,7120,买盘
2435,14:34:12,7.12,0.0,1,712,买盘
2436,14:34:16,7.12,0.0,10,7120,买盘
2437,14:34:24,7.12,0.0,20,14240,买盘
2438,14:34:27,7.12,0.0,40,28480,买盘
2439,14:34:30,7.11,-0.01,20,14220,卖盘
2440,14:34:34,7.12,0.01,1,712,买盘
2441,14:34:42,7.12,0.0,1,712,买盘
2442,14:34:45,7.12,0.0,23,16374,买盘
2443,14:34:51,7.12,0.0,2,1424,买盘
2444,14:35:04,7.12,0.0,1,712,买盘
2445,14:35:13,7.12,0.0,163,116056,买盘
2446,14:35:15,7.11,-0.01,1,711,卖盘
2447,14:35:19,7.12,0.01,58,41296,买盘
2448,14:35:21,7.12,0.0,10,7120,卖盘
2449,14:35:24,7.13,0.01,26,18538,买盘
2450,14:35:27,7.13,0.0,1,713,买盘
2451,14:35:33,7.13,0.0,2,1425,买盘
2452,14:35:39,7.13,0.0,2,1426,买盘
2453,14:35:42,7.12,-0.01,2,1424,卖盘
2454,14:35:54,7.12,0.0,19,13528,卖盘
2455,14:35:57,7.13,0.01,46,32753,买盘
2456,14:36:00,7.12,-0.01,89,63368,卖盘
2457,14:36:04,7.12,0.0,5,3560,买盘
2458,14:36:12,7.12,0.0,2,1424,买盘
2459,14:36:15,7.12,0.0,41,29192,买盘
2460,14:36:18,7.11,-0.01,14,9964,卖盘
2461,14:36:43,7.12,0.01,1,712,买盘
2462,14:36:48,7.12,0.0,46,32752,买盘
2463,14:36:51,7.11,-0.01,349,248139,卖盘
2464,14:36:54,7.11,0.0,1,711,买盘
2465,14:37:03,7.11,0.0,1,711,卖盘
2466,14:37:10,7.11,0.0,38,27018,买盘
2467,14:37:21,7.11,0.0,13,9243,买盘
2468,14:37:28,7.12,0.01,9,6408,买盘
2469,14:37:33,7.11,-0.01,14,9955,卖盘
2470,14:37:36,7.11,0.0,81,57591,卖盘
2471,14:37:51,7.11,0.0,10,7117,卖盘
2472,14:38:06,7.11,0.0,10,7110,卖盘
2473,14:38:09,7.12,0.01,7,4984,买盘
2474,14:38:12,7.1,-0.02,84,59723,卖盘
2475,14:38:15,7.1,0.0,1,710,卖盘
2476,14:38:18,7.11,0.01,26,18486,买盘
2477,14:38:24,7.1,-0.01,9,6390,卖盘
2478,14:38:28,7.11,0.01,9,6399,买盘
2479,14:38:31,7.11,0.0,5,3555,买盘
2480,14:38:51,7.11,0.0,3,2133,买盘
2481,14:38:54,7.11,0.0,30,21330,买盘
2482,14:38:57,7.11,0.0,5,3555,买盘
2483,14:39:04,7.11,0.0,6,4264,买盘
2484,14:39:12,7.1,-0.01,1,710,卖盘
2485,14:39:18,7.1,0.0,34,24140,卖盘
2486,14:39:21,7.11,0.01,9,6399,买盘
2487,14:39:39,7.11,0.0,16,11376,买盘
2488,14:39:42,7.11,0.0,30,21330,买盘
2489,14:39:45,7.1,-0.01,12,8529,卖盘
2490,14:39:48,7.11,0.01,16,11376,买盘
2491,14:39:51,7.11,0.0,1,711,买盘
2492,14:39:54,7.11,0.0,3,2133,买盘
2493,14:39:57,7.11,0.0,2,1422,买盘
2494,14:40:01,7.11,0.0,9,6399,买盘
2495,14:40:04,7.11,0.0,10,7110,买盘
2496,14:40:06,7.1,-0.01,2,1420,卖盘
2497,14:40:13,7.11,0.01,87,61857,买盘
2498,14:40:15,7.11,0.0,25,17775,买盘
2499,14:40:18,7.11,0.0,9,6399,买盘
2500,14:40:25,7.11,0.0,8,5688,买盘
2501,14:40:27,7.11,0.0,48,34128,买盘
2502,14:40:34,7.11,0.0,21,14931,买盘
2503,14:40:36,7.11,0.0,66,46926,买盘
2504,14:40:39,7.11,0.0,79,56169,买盘
2505,14:40:43,7.11,0.0,6,4266,买盘
2506,14:40:45,7.11,0.0,10,7110,卖盘
2507,14:40:48,7.11,0.0,45,31983,买盘
2508,14:40:51,7.11,0.0,1,711,买盘
2509,14:40:55,7.11,0.0,27,19197,买盘
2510,14:41:01,7.11,0.0,7,4977,买盘
2511,14:41:04,7.11,0.0,1,711,买盘
2512,14:41:06,7.11,0.0,76,54036,买盘
2513,14:41:09,7.11,0.0,1,711,买盘
2514,14:41:18,7.12,0.01,16,11392,买盘
2515,14:41:21,7.12,0.0,1,712,买盘
2516,14:41:30,7.11,-0.01,118,83898,卖盘
2517,14:41:36,7.11,0.0,86,61210,卖盘
2518,14:41:39,7.11,0.0,2,1422,卖盘
2519,14:41:45,7.12,0.01,51,36262,买盘
2520,14:41:51,7.12,0.0,14,9968,买盘
2521,14:41:57,7.12,0.0,49,34888,买盘
2522,14:42:00,7.12,0.0,1,712,买盘
2523,14:42:09,7.12,0.0,16,11392,买盘
2524,14:42:13,7.12,0.0,2,1424,买盘
2525,14:42:16,7.12,0.0,1,712,买盘
2526,14:42:21,7.12,0.0,1,712,买盘
2527,14:42:40,7.12,0.0,1,712,买盘
2528,14:42:43,7.11,-0.01,52,37022,卖盘
2529,14:42:45,7.12,0.01,16,11392,买盘
2530,14:42:48,7.12,0.0,1,712,买盘
2531,14:42:58,7.12,0.0,28,19936,买盘
2532,14:43:01,7.12,0.0,24,17088,买盘
2533,14:43:04,7.12,0.0,15,10680,买盘
2534,14:43:12,7.12,0.0,1,712,买盘
2535,14:43:19,7.12,0.0,24,17088,买盘
2536,14:43:22,7.11,-0.01,1,711,卖盘
2537,14:43:30,7.12,0.01,1,712,买盘
2538,14:43:42,7.12,0.0,1,712,买盘
2539,14:43:46,7.12,0.0,13,9256,买盘
2540,14:43:49,7.11,-0.01,3,2133,卖盘
2541,14:43:55,7.12,0.01,25,17800,买盘
2542,14:44:00,7.12,0.0,3,2136,买盘
2543,14:44:04,7.12,0.0,53,37736,买盘
2544,14:44:12,7.12,0.0,16,11392,买盘
2545,14:44:16,7.12,0.0,487,346744,买盘
2546,14:44:18,7.12,0.0,10,7120,卖盘
2547,14:44:40,7.13,0.01,1,713,买盘
2548,14:44:46,7.13,0.0,75,53475,买盘
2549,14:44:51,7.13,0.0,248,176824,买盘
2550,14:44:57,7.14,0.01,9,6426,买盘
2551,14:45:00,7.14,0.0,52,37128,买盘
2552,14:45:03,7.14,0.0,12,8566,买盘
2553,14:45:07,7.13,-0.01,3,2139,卖盘
2554,14:45:10,7.14,0.01,42,29988,买盘
2555,14:45:16,7.14,0.0,6,4284,买盘
2556,14:45:19,7.14,0.0,25,17850,买盘
2557,14:45:22,7.14,0.0,18,12852,买盘
2558,14:45:27,7.14,0.0,14,9996,买盘
2559,14:45:30,7.13,-0.01,37,26408,卖盘
2560,14:45:34,7.14,0.01,366,261324,买盘
2561,14:45:37,7.15,0.01,9,6435,买盘
2562,14:45:42,7.14,-0.01,26,18589,卖盘
2563,14:45:45,7.15,0.01,11,7865,买盘
2564,14:45:51,7.15,0.0,21,15006,买盘
2565,14:45:54,7.15,0.0,4,2860,买盘
2566,14:45:57,7.14,-0.01,3,2142,卖盘
2567,14:46:01,7.15,0.01,50,35750,买盘
2568,14:46:04,7.14,-0.01,2,1428,卖盘
2569,14:46:10,7.14,0.0,6,4284,卖盘
2570,14:46:16,7.15,0.01,259,185115,买盘
2571,14:46:19,7.15,0.0,61,43615,买盘
2572,14:46:24,7.15,0.0,28,20020,买盘
2573,14:46:28,7.15,0.0,9,6435,买盘
2574,14:46:30,7.14,-0.01,29,20733,卖盘
2575,14:46:37,7.15,0.01,9,6435,买盘
2576,14:46:40,7.15,0.0,26,18590,买盘
2577,14:46:49,7.15,0.0,23,16442,买盘
2578,14:46:58,7.15,0.0,24,17160,买盘
2579,14:47:01,7.15,0.0,17,12155,买盘
2580,14:47:04,7.15,0.0,414,295766,买盘
2581,14:47:07,7.16,0.01,39,27909,买盘
2582,14:47:10,7.16,0.0,10,7160,买盘
2583,14:47:16,7.15,-0.01,20,14310,卖盘
2584,14:47:19,7.15,0.0,29,20744,卖盘
2585,14:47:22,7.15,0.0,5,3575,买盘
2586,14:47:25,7.15,0.0,9,6435,买盘
2587,14:47:28,7.15,0.0,36,25740,买盘
2588,14:47:31,7.14,-0.01,23,16464,卖盘
2589,14:47:37,7.15,0.01,6,4290,买盘
2590,14:47:40,7.14,-0.01,191,136721,卖盘
2591,14:47:43,7.15,0.01,43,30745,中性盘
2592,14:47:46,7.15,0.0,18,12870,买盘
2593,14:47:48,7.15,0.0,6,4290,买盘
2594,14:47:51,7.15,0.0,6,4290,买盘
2595,14:47:54,7.15,0.0,24,17160,买盘
2596,14:47:57,7.15,0.0,20,14300,买盘
2597,14:48:01,7.15,0.0,35,25025,买盘
2598,14:48:04,7.15,0.0,12,8580,买盘
2599,14:48:06,7.15,0.0,17,12155,买盘
2600,14:48:09,7.15,0.0,1,715,买盘
2601,14:48:13,7.15,0.0,167,119396,买盘
2602,14:48:16,7.14,-0.01,20,14290,卖盘
2603,14:48:18,7.15,0.01,18,12870,买盘
2604,14:48:25,7.14,-0.01,51,36414,卖盘
2605,14:48:28,7.14,0.0,16,11423,买盘
2606,14:48:30,7.15,0.01,167,119403,买盘
2607,14:48:33,7.15,0.0,54,38608,买盘
2608,14:48:45,7.15,0.0,7,5005,买盘
2609,14:48:48,7.15,0.0,4,2860,买盘
2610,14:48:52,7.15,0.0,3,2145,买盘
2611,14:48:54,7.15,0.0,1,715,买盘
2612,14:48:58,7.15,0.0,201,143660,买盘
2613,14:49:04,7.15,0.0,10,7150,买盘
2614,14:49:09,7.15,0.0,1,715,买盘
2615,14:49:22,7.14,-0.01,11,7855,卖盘
2616,14:49:25,7.14,0.0,1,714,卖盘
2617,14:49:28,7.15,0.01,76,54340,买盘
2618,14:49:34,7.15,0.0,6,4290,买盘
2619,14:49:43,7.15,0.0,10,7150,买盘
2620,14:49:45,7.15,0.0,210,150162,买盘
2621,14:49:48,7.15,0.0,10,7150,买盘
2622,14:49:52,7.15,0.0,16,11440,买盘
2623,14:49:58,7.15,0.0,15,10725,买盘
2624,14:50:01,7.15,0.0,9,6435,买盘
2625,14:50:04,7.14,-0.01,11,7860,卖盘
2626,14:50:07,7.15,0.01,9,6429,买盘
2627,14:50:09,7.14,-0.01,16,11439,卖盘
2628,14:50:12,7.15,0.01,12,8579,买盘
2629,14:50:15,7.14,-0.01,1,714,卖盘
2630,14:50:18,7.13,-0.01,599,427514,卖盘
2631,14:50:22,7.13,0.0,12,8556,买盘
2632,14:50:24,7.13,0.0,85,60586,买盘
2633,14:50:28,7.13,0.0,9,6417,买盘
2634,14:50:31,7.13,0.0,3,2139,买盘
2635,14:50:34,7.12,-0.01,32,22812,卖盘
2636,14:50:37,7.12,0.0,16,11402,卖盘
2637,14:50:40,7.13,0.01,4,2852,买盘
2638,14:50:43,7.13,0.0,36,25668,买盘
2639,14:50:49,7.13,0.0,1,713,买盘
2640,14:50:55,7.13,0.0,20,14260,买盘
2641,14:50:58,7.13,0.0,1,713,买盘
2642,14:51:01,7.11,-0.02,618,439696,卖盘
2643,14:51:04,7.12,0.01,1,712,买盘
2644,14:51:06,7.11,-0.01,13,9255,卖盘
2645,14:51:09,7.12,0.01,11,7827,买盘
2646,14:51:16,7.12,0.0,23,16376,买盘
2647,14:51:22,7.12,0.0,10,7120,买盘
2648,14:51:25,7.12,0.0,41,29192,买盘
2649,14:51:28,7.13,0.01,95,67721,买盘
2650,14:51:30,7.12,-0.01,5,3560,买盘
2651,14:51:34,7.12,0.0,23,16376,卖盘
2652,14:51:40,7.12,0.0,11,7832,卖盘
2653,14:51:43,7.13,0.01,11,7840,买盘
2654,14:51:51,7.13,0.0,46,32758,买盘
2655,14:51:54,7.12,-0.01,14,9968,卖盘
2656,14:52:01,7.13,0.01,200,142600,买盘
2657,14:52:04,7.12,-0.01,5,3275,卖盘
2658,14:52:06,7.12,0.0,155,110494,卖盘
2659,14:52:09,7.13,0.01,2,1426,买盘
2660,14:52:12,7.13,0.0,46,32792,买盘
2661,14:52:18,7.13,0.0,24,17112,买盘
2662,14:52:22,7.12,-0.01,12,8544,卖盘
2663,14:52:34,7.12,0.0,2,1424,卖盘
2664,14:52:43,7.13,0.01,6,4274,买盘
2665,14:52:46,7.12,-0.01,5,3560,卖盘
2666,14:52:58,7.12,0.0,10,7120,卖盘
2667,14:53:01,7.13,0.01,10,7130,买盘
2668,14:53:10,7.13,0.0,128,91264,买盘
2669,14:53:13,7.13,0.0,1,713,买盘
2670,14:53:16,7.13,0.0,8,5704,买盘
2671,14:53:22,7.13,0.0,9,6417,买盘
2672,14:53:24,7.13,0.0,168,119784,买盘
2673,14:53:39,7.13,0.0,62,44201,买盘
2674,14:53:54,7.13,0.0,419,298747,买盘
2675,14:54:01,7.13,0.0,220,156860,买盘
2676,14:54:04,7.13,0.0,50,35650,买盘
2677,14:54:06,7.13,0.0,5,3565,买盘
2678,14:54:09,7.13,0.0,83,59179,买盘
2679,14:54:12,7.12,-0.01,1,712,卖盘
2680,14:54:19,7.12,0.0,33,23528,卖盘
2681,14:54:22,7.12,0.0,278,197964,卖盘
2682,14:54:25,7.13,0.01,107,76291,买盘
2683,14:54:28,7.13,0.0,203,144974,买盘
2684,14:54:34,7.13,0.0,24,17128,卖盘
2685,14:54:36,7.13,0.0,27,19277,卖盘
2686,14:54:40,7.13,0.0,57,40688,卖盘
2687,14:54:46,7.13,0.0,7,4991,卖盘
2688,14:54:52,7.14,0.01,38,27102,买盘
2689,14:54:55,7.14,0.0,215,153510,买盘
2690,14:55:04,7.15,0.01,7,5005,买盘
2691,14:55:09,7.14,-0.01,26,18564,卖盘
2692,14:55:15,7.14,0.0,63,44982,卖盘
2693,14:55:18,7.14,0.0,71,50759,卖盘
2694,14:55:21,7.14,0.0,55,39320,卖盘
2695,14:55:25,7.15,0.01,43,30712,买盘
2696,14:55:31,7.15,0.0,7,5005,买盘
2697,14:55:40,7.15,0.0,58,41470,买盘
2698,14:55:52,7.14,-0.01,12,8568,卖盘
2699,14:55:55,7.16,0.02,1113,796212,买盘
2700,14:55:58,7.14,-0.02,14,10007,卖盘
2701,14:56:00,7.15,0.01,20,14300,买盘
2702,14:56:04,7.15,0.0,13,9295,买盘
2703,14:56:06,7.15,0.0,45,32175,卖盘
2704,14:56:10,7.15,0.0,7,5005,卖盘
2705,14:56:13,7.15,0.0,5,3575,卖盘
2706,14:56:16,7.13,-0.02,1473,1050765,卖盘
2707,14:56:22,7.13,0.0,48,34224,买盘
2708,14:56:30,7.13,0.0,1,713,买盘
2709,14:56:34,7.12,-0.01,31,22092,卖盘
2710,14:56:36,7.13,0.01,10,7130,买盘
2711,14:56:46,7.12,-0.01,29,20648,卖盘
2712,14:56:49,7.13,0.01,180,128340,买盘
2713,14:56:54,7.13,0.0,104,74144,买盘
2714,14:57:00,7.13,0.0,39,27807,买盘
2715,15:00:04,7.13,0.0,762,543306,卖盘
