,time,price,change,volume,amount,type
0,09:25:04,5.47,0.17,5389,2947783,卖盘
1,09:30:00,5.46,-0.01,92,50232,卖盘
2,09:30:04,5.44,-0.02,4617,2519181,卖盘
3,09:30:07,5.45,0.01,2787,1519400,买盘
4,09:30:10,5.45,0.0,872,475134,买盘
5,09:30:13,5.43,-0.02,369,200721,卖盘
6,09:30:16,5.45,0.02,748,406630,买盘
7,09:30:18,5.42,-0.03,315,171180,卖盘
8,09:30:21,5.43,0.01,1474,798061,买盘
9,09:30:25,5.38,-0.05,92,49721,中性盘
10,09:30:28,5.37,-0.01,35,18795,中性盘
11,09:30:30,5.35,-0.02,205,109532,卖盘
12,09:30:33,5.33,-0.02,105,56139,卖盘
13,09:30:36,5.33,0.0,112,59805,卖盘
14,09:30:39,5.33,0.0,147,78526,卖盘
15,09:30:42,5.33,0.0,580,309194,卖盘
16,09:30:46,5.34,0.01,1118,595818,买盘
17,09:30:48,5.35,0.01,274,146301,买盘
18,09:30:51,5.35,0.0,176,94584,买盘
19,09:30:55,5.35,0.0,187,100112,卖盘
20,09:30:58,5.34,-0.01,273,146067,卖盘
21,09:31:01,5.35,0.01,799,427454,买盘
22,09:31:03,5.41,0.06,180,97245,买盘
23,09:31:06,5.36,-0.05,1411,760946,卖盘
24,09:31:10,5.36,0.0,361,194606,卖盘
25,09:31:13,5.42,0.06,244,131346,买盘
26,09:31:15,5.38,-0.04,244,131264,中性盘
27,09:31:18,5.41,0.03,71,38361,买盘
28,09:31:22,5.4,-0.01,164,88584,中性盘
29,09:31:25,5.4,0.0,164,88428,买盘
30,09:31:28,5.41,0.01,311,167931,买盘
31,09:31:30,5.39,-0.02,188,101528,卖盘
32,09:31:33,5.39,0.0,330,178188,卖盘
33,09:31:36,5.38,-0.01,111,59808,卖盘
34,09:31:39,5.4,0.02,574,309920,买盘
35,09:31:43,5.4,0.0,249,134517,买盘
36,09:31:46,5.4,0.0,996,536694,买盘
37,09:31:48,5.4,0.0,239,129143,买盘
38,09:31:51,5.38,-0.02,633,340956,卖盘
39,09:31:55,5.39,0.01,253,136417,买盘
40,09:31:58,5.38,-0.01,359,193104,卖盘
41,09:32:00,5.38,0.0,290,156439,卖盘
42,09:32:03,5.38,0.0,172,92751,卖盘
43,09:32:06,5.37,-0.01,803,431635,卖盘
44,09:32:10,5.38,0.01,152,81640,买盘
45,09:32:13,5.36,-0.02,220,117962,卖盘
46,09:32:16,5.38,0.02,531,284921,买盘
47,09:32:18,5.36,-0.02,485,260066,卖盘
48,09:32:21,5.36,0.0,284,152198,卖盘
49,09:32:25,5.36,0.0,527,282172,买盘
50,09:32:27,5.36,0.0,476,254858,买盘
51,09:32:30,5.35,-0.01,591,316452,卖盘
52,09:32:33,5.38,0.03,726,388497,买盘
53,09:32:36,5.35,-0.03,524,280150,中性盘
54,09:32:40,5.36,0.01,484,259444,卖盘
55,09:32:43,5.37,0.01,188,100792,买盘
56,09:32:45,5.35,-0.02,252,134836,卖盘
57,09:32:49,5.33,-0.02,96,51325,卖盘
58,09:32:51,5.35,0.02,75,40145,买盘
59,09:32:54,5.35,0.0,321,171543,买盘
60,09:32:57,5.35,0.0,136,72800,卖盘
61,09:33:01,5.33,-0.02,296,157914,卖盘
62,09:33:04,5.35,0.02,134,71690,买盘
63,09:33:07,5.33,-0.02,96,51188,卖盘
64,09:33:09,5.35,0.02,62,33067,买盘
65,09:33:12,5.34,-0.01,519,276626,中性盘
66,09:33:15,5.33,-0.01,392,208617,买盘
67,09:33:19,5.33,0.0,697,371013,买盘
68,09:33:21,5.32,-0.01,268,142667,卖盘
69,09:33:24,5.32,0.0,205,109110,卖盘
70,09:33:27,5.33,0.01,165,87885,卖盘
71,09:33:30,5.32,-0.01,140,74490,卖盘
72,09:33:34,5.33,0.01,421,224240,买盘
73,09:33:37,5.32,-0.01,240,127739,卖盘
74,09:33:39,5.31,-0.01,450,239116,卖盘
75,09:33:42,5.32,0.01,145,77106,买盘
76,09:33:45,5.33,0.01,874,464810,买盘
77,09:33:48,5.31,-0.02,675,358093,卖盘
78,09:33:52,5.3,-0.01,451,239583,卖盘
79,09:33:55,5.31,0.01,369,195934,买盘
80,09:33:57,5.31,0.0,182,96858,买盘
81,09:34:00,5.3,-0.01,304,161210,卖盘
82,09:34:04,5.3,0.0,80,42421,卖盘
83,09:34:07,5.3,0.0,133,70510,卖盘
84,09:34:10,5.32,0.02,431,228950,买盘
85,09:34:12,5.32,0.0,297,157549,买盘
86,09:34:15,5.31,-0.01,190,100852,中性盘
87,09:34:18,5.31,0.0,439,232755,卖盘
88,09:34:22,5.31,0.0,269,142839,卖盘
89,09:34:24,5.3,-0.01,356,189070,卖盘
90,09:34:28,5.31,0.01,4,2124,中性盘
91,09:34:31,5.31,0.0,24,12734,卖盘
92,09:34:33,5.31,0.0,120,63720,卖盘
93,09:34:37,5.31,0.0,155,82327,卖盘
94,09:34:40,5.32,0.01,223,118451,买盘
95,09:34:42,5.31,-0.01,306,162656,卖盘
96,09:34:45,5.31,0.0,270,143370,买盘
97,09:34:49,5.31,0.0,26,13806,卖盘
98,09:34:51,5.31,0.0,118,62713,卖盘
99,09:34:54,5.32,0.01,320,170056,买盘
100,09:34:58,5.31,-0.01,58,30813,卖盘
101,09:35:01,5.32,0.01,183,97236,买盘
102,09:35:04,5.32,0.0,103,54786,买盘
103,09:35:06,5.32,0.0,313,166464,买盘
104,09:35:10,5.31,-0.01,161,85568,卖盘
105,09:35:12,5.32,0.01,40,21280,卖盘
106,09:35:16,5.32,0.0,270,143831,卖盘
107,09:35:18,5.32,0.0,21,11172,买盘
108,09:35:21,5.31,-0.01,114,60660,卖盘
109,09:35:24,5.32,0.01,95,50540,中性盘
110,09:35:28,5.32,0.0,25,13300,卖盘
111,09:35:31,5.34,0.02,116,61751,买盘
112,09:35:33,5.3,-0.04,3288,1744247,卖盘
113,09:35:37,5.3,0.0,122,64660,买盘
114,09:35:40,5.3,0.0,714,378415,买盘
115,09:35:43,5.29,-0.01,262,138820,卖盘
116,09:35:45,5.31,0.02,387,205417,买盘
117,09:35:49,5.28,-0.03,857,453293,卖盘
118,09:35:51,5.3,0.02,188,99578,中性盘
119,09:35:55,5.3,0.0,33,17490,卖盘
120,09:35:57,5.3,0.0,11,5832,卖盘
121,09:36:00,5.29,-0.01,77,40784,卖盘
122,09:36:04,5.29,0.0,97,51263,买盘
123,09:36:06,5.28,-0.01,40,21140,卖盘
124,09:36:09,5.28,0.0,129,68112,卖盘
125,09:36:13,5.27,-0.01,224,117922,卖盘
126,09:36:16,5.27,0.0,422,222953,卖盘
127,09:36:18,5.27,0.0,27,14255,卖盘
128,09:36:21,5.25,-0.02,634,333072,卖盘
129,09:36:25,5.27,0.02,269,140418,买盘
130,09:36:27,5.26,-0.01,226,117837,中性盘
131,09:36:31,5.25,-0.01,5,2625,中性盘
132,09:36:34,5.25,0.0,41,21542,卖盘
133,09:36:37,5.25,0.0,114,59843,卖盘
134,09:36:40,5.23,-0.02,41,21475,卖盘
135,09:36:42,5.23,0.0,74,38782,卖盘
136,09:36:45,5.23,0.0,101,52843,卖盘
137,09:36:49,5.23,0.0,136,71089,买盘
138,09:36:52,5.23,0.0,513,267642,买盘
139,09:36:55,5.23,0.0,977,508912,买盘
140,09:36:57,5.22,-0.01,204,106599,卖盘
141,09:37:00,5.24,0.02,45,23515,买盘
142,09:37:04,5.23,-0.01,67,35046,中性盘
143,09:37:07,5.22,-0.01,124,64811,卖盘
144,09:37:09,5.23,0.01,95,49717,买盘
145,09:37:13,5.22,-0.01,219,114432,卖盘
146,09:37:15,5.22,0.0,134,70023,卖盘
147,09:37:18,5.23,0.01,265,138414,买盘
148,09:37:22,5.23,0.0,646,337498,买盘
149,09:37:24,5.23,0.0,244,127565,买盘
150,09:37:28,5.23,0.0,93,48651,卖盘
151,09:37:30,5.23,0.0,185,96782,卖盘
152,09:37:33,5.25,0.02,238,125062,买盘
153,09:37:37,5.24,-0.01,112,58698,卖盘
154,09:37:40,5.25,0.01,287,150785,买盘
155,09:37:42,5.25,0.0,63,33075,卖盘
156,09:37:46,5.25,0.0,432,227338,卖盘
157,09:37:49,5.26,0.01,32,16832,中性盘
158,09:37:52,5.26,0.0,57,29982,卖盘
159,09:37:54,5.27,0.01,20,10538,买盘
160,09:37:57,5.27,0.0,13,6851,买盘
161,09:38:00,5.27,0.0,500,263490,买盘
162,09:38:04,5.27,0.0,110,57968,买盘
163,09:38:06,5.26,-0.01,118,62189,卖盘
164,09:38:10,5.28,0.02,31,16338,买盘
165,09:38:12,5.27,-0.01,87,45909,卖盘
166,09:38:15,5.28,0.01,105,55440,买盘
167,09:38:19,5.28,0.0,39,20592,卖盘
168,09:38:22,5.29,0.01,53,28002,买盘
169,09:38:24,5.29,0.0,105,55545,买盘
170,09:38:27,5.29,0.0,9,4765,卖盘
171,09:38:31,5.29,0.0,74,39150,卖盘
172,09:38:34,5.3,0.01,252,133558,买盘
173,09:38:37,5.3,0.0,19,10074,卖盘
174,09:38:40,5.3,0.0,159,84379,卖盘
175,09:38:42,5.31,0.01,32,16970,买盘
176,09:38:45,5.31,0.0,138,73278,买盘
177,09:38:48,5.31,0.0,19,10089,卖盘
178,09:38:52,5.31,0.0,4,2124,卖盘
179,09:38:55,5.32,0.01,556,295916,买盘
180,09:38:58,5.33,0.01,252,134300,中性盘
181,09:39:01,5.34,0.01,20,10678,中性盘
182,09:39:04,5.34,0.0,89,47268,卖盘
183,09:39:06,5.34,0.0,224,119823,买盘
184,09:39:09,5.35,0.01,395,211199,买盘
185,09:39:13,5.34,-0.01,131,70046,卖盘
186,09:39:16,5.34,0.0,19,10163,卖盘
187,09:39:18,5.35,0.01,185,98926,买盘
188,09:39:22,5.32,-0.03,554,295087,卖盘
189,09:39:25,5.34,0.02,143,76252,买盘
190,09:39:27,5.34,0.0,483,257260,买盘
191,09:39:31,5.35,0.01,1452,775908,买盘
192,09:39:33,5.35,0.0,99,53001,卖盘
193,09:39:36,5.35,0.0,227,121475,卖盘
194,09:39:39,5.36,0.01,578,309677,买盘
195,09:39:42,5.35,-0.01,333,178232,卖盘
196,09:39:46,5.37,0.02,300,160592,买盘
197,09:39:49,5.36,-0.01,225,120615,卖盘
198,09:39:52,5.37,0.01,216,115986,买盘
199,09:39:54,5.37,0.0,146,78335,买盘
200,09:39:57,5.37,0.0,181,97033,买盘
201,09:40:01,5.37,0.0,432,231934,买盘
202,09:40:04,5.37,0.0,505,271190,卖盘
203,09:40:06,5.36,-0.01,464,248758,卖盘
204,09:40:10,5.36,0.0,173,92792,卖盘
205,09:40:13,5.36,0.0,210,112560,卖盘
206,09:40:16,5.36,0.0,91,48723,买盘
207,09:40:19,5.35,-0.01,444,237924,卖盘
208,09:40:22,5.34,-0.01,93,49749,卖盘
209,09:40:24,5.33,-0.01,42,22441,卖盘
210,09:40:28,5.33,0.0,107,57072,卖盘
211,09:40:31,5.33,0.0,30,15990,卖盘
212,09:40:33,5.33,0.0,126,67185,卖盘
213,09:40:37,5.33,0.0,20,10660,买盘
214,09:40:40,5.33,0.0,220,117260,买盘
215,09:40:43,5.32,-0.01,111,59115,卖盘
216,09:40:46,5.33,0.01,107,57011,买盘
217,09:40:49,5.32,-0.01,243,129349,卖盘
218,09:40:52,5.32,0.0,20,10640,卖盘
219,09:40:55,5.32,0.0,40,21280,卖盘
220,09:40:57,5.31,-0.01,29,15412,卖盘
221,09:41:00,5.32,0.01,276,146668,买盘
222,09:41:04,5.31,-0.01,29,15411,卖盘
223,09:41:06,5.31,0.0,63,33481,卖盘
224,09:41:10,5.31,0.0,84,44651,卖盘
225,09:41:13,5.31,0.0,93,49448,卖盘
226,09:41:16,5.31,0.0,265,141085,卖盘
227,09:41:19,5.31,0.0,37,19647,买盘
228,09:41:22,5.31,0.0,157,83260,买盘
229,09:41:25,5.3,-0.01,229,121579,卖盘
230,09:41:27,5.3,0.0,300,158586,卖盘
231,09:41:30,5.31,0.01,166,88358,买盘
232,09:41:34,5.32,0.01,93,49393,买盘
233,09:41:37,5.31,-0.01,168,89208,卖盘
234,09:41:40,5.3,-0.01,369,195567,卖盘
235,09:41:43,5.31,0.01,151,80171,买盘
236,09:41:45,5.3,-0.01,241,127966,卖盘
237,09:41:49,5.3,0.0,84,44782,卖盘
238,09:41:52,5.31,0.01,96,50881,中性盘
239,09:41:55,5.32,0.01,58,30830,买盘
240,09:41:57,5.31,-0.01,20,10620,买盘
241,09:42:00,5.31,0.0,46,24426,卖盘
242,09:42:04,5.31,0.0,123,65366,卖盘
243,09:42:06,5.31,0.0,321,170567,卖盘
244,09:42:09,5.32,0.01,223,118636,买盘
245,09:42:12,5.32,0.0,43,22876,卖盘
246,09:42:16,5.33,0.01,189,100716,买盘
247,09:42:19,5.32,-0.01,33,17556,卖盘
248,09:42:25,5.32,0.0,129,68657,卖盘
249,09:42:28,5.32,0.0,90,47880,卖盘
250,09:42:31,5.32,0.0,94,50083,卖盘
251,09:42:33,5.32,0.0,196,104268,卖盘
252,09:42:36,5.32,0.0,20,10639,买盘
253,09:42:39,5.32,0.0,20,10640,买盘
254,09:42:43,5.31,-0.01,588,312507,卖盘
255,09:42:46,5.31,0.0,111,58949,卖盘
256,09:42:49,5.32,0.01,159,84488,买盘
257,09:42:52,5.32,0.0,40,21280,卖盘
258,09:42:54,5.32,0.0,10,5320,卖盘
259,09:42:57,5.32,0.0,141,75012,卖盘
260,09:43:01,5.32,0.0,31,16492,卖盘
261,09:43:04,5.32,0.0,303,161222,卖盘
262,09:43:07,5.32,0.0,245,130341,卖盘
263,09:43:09,5.32,0.0,40,21293,卖盘
264,09:43:12,5.32,0.0,21,11172,中性盘
265,09:43:16,5.33,0.01,379,201686,买盘
266,09:43:19,5.32,-0.01,219,116308,中性盘
267,09:43:22,5.31,-0.01,5,2655,卖盘
268,09:43:25,5.33,0.02,2,1065,买盘
269,09:43:28,5.33,0.0,220,117200,买盘
270,09:43:31,5.32,-0.01,158,84146,中性盘
271,09:43:33,5.3,-0.02,396,210007,卖盘
272,09:43:36,5.32,0.02,6,3192,买盘
273,09:43:40,5.3,-0.02,28,14840,卖盘
274,09:43:42,5.3,0.0,22,11664,卖盘
275,09:43:45,5.31,0.01,70,37170,买盘
276,09:43:49,5.3,-0.01,9,4773,卖盘
277,09:43:52,5.3,0.0,130,68933,卖盘
278,09:43:54,5.3,0.0,85,45085,卖盘
279,09:43:57,5.3,0.0,493,261502,卖盘
280,09:44:00,5.3,0.0,1,530,买盘
281,09:44:04,5.3,0.0,60,31790,买盘
282,09:44:06,5.29,-0.01,109,57661,卖盘
283,09:44:09,5.29,0.0,24,12707,卖盘
284,09:44:13,5.29,0.0,7,3703,卖盘
285,09:44:16,5.29,0.0,145,76648,卖盘
286,09:44:19,5.29,0.0,51,26979,买盘
287,09:44:21,5.29,0.0,29,15320,买盘
288,09:44:25,5.29,0.0,62,32772,买盘
289,09:44:28,5.28,-0.01,40,21120,卖盘
290,09:44:31,5.29,0.01,134,70822,买盘
291,09:44:34,5.28,-0.01,78,41230,卖盘
292,09:44:36,5.29,0.01,117,61779,买盘
293,09:44:40,5.28,-0.01,150,79266,卖盘
294,09:44:43,5.28,0.0,42,22176,买盘
295,09:44:46,5.28,0.0,13,6855,买盘
296,09:44:51,5.28,0.0,193,101864,买盘
297,09:44:55,5.27,-0.01,444,234008,卖盘
298,09:44:58,5.27,0.0,84,44267,卖盘
299,09:45:01,5.28,0.01,249,131254,买盘
300,09:45:04,5.26,-0.02,50,26300,卖盘
301,09:45:06,5.27,0.01,51,26866,买盘
302,09:45:10,5.27,0.0,101,53197,买盘
303,09:45:13,5.26,-0.01,294,154647,卖盘
304,09:45:16,5.28,0.02,485,256000,买盘
305,09:45:19,5.26,-0.02,128,67404,卖盘
306,09:45:22,5.27,0.01,71,37399,买盘
307,09:45:25,5.26,-0.01,29,15271,卖盘
308,09:45:37,5.27,0.01,63,33201,卖盘
309,09:45:39,5.27,0.0,127,67000,买盘
310,09:45:43,5.28,0.01,190,100320,买盘
311,09:45:46,5.27,-0.01,22,11604,卖盘
312,09:45:51,5.28,0.01,49,25872,买盘
313,09:45:55,5.27,-0.01,50,26356,卖盘
314,09:45:57,5.27,0.0,46,24287,卖盘
315,09:46:00,5.28,0.01,65,34320,买盘
316,09:46:04,5.27,-0.01,219,115622,卖盘
317,09:46:06,5.27,0.0,188,99230,卖盘
318,09:46:10,5.28,0.01,135,71280,买盘
319,09:46:13,5.28,0.0,15,7920,卖盘
320,09:46:16,5.29,0.01,96,50784,买盘
321,09:46:19,5.28,-0.01,13,6864,卖盘
322,09:46:22,5.28,0.0,316,167023,卖盘
323,09:46:24,5.29,0.01,222,117356,买盘
324,09:46:27,5.28,-0.01,4,2112,卖盘
325,09:46:36,5.3,0.02,52,27551,买盘
326,09:46:39,5.29,-0.01,38,20098,卖盘
327,09:46:42,5.29,0.0,62,32778,买盘
328,09:46:45,5.3,0.01,521,276119,买盘
329,09:46:49,5.3,0.0,189,100152,买盘
330,09:46:51,5.3,0.0,32,16948,买盘
331,09:46:55,5.3,0.0,110,58200,买盘
332,09:46:57,5.3,0.0,17,9010,买盘
333,09:47:01,5.3,0.0,162,85648,买盘
334,09:47:04,5.29,-0.01,180,95246,卖盘
335,09:47:06,5.3,0.01,15,7950,卖盘
336,09:47:09,5.3,0.0,28,14840,卖盘
337,09:47:13,5.29,-0.01,41,21722,卖盘
338,09:47:16,5.3,0.01,20,10600,买盘
339,09:47:19,5.29,-0.01,75,39770,卖盘
340,09:47:22,5.31,0.02,41,21758,买盘
341,09:47:24,5.31,0.0,30,15910,买盘
342,09:47:28,5.31,0.0,144,76454,买盘
343,09:47:34,5.31,0.0,100,53100,买盘
344,09:47:39,5.31,0.0,220,116820,买盘
345,09:47:42,5.31,0.0,5,2655,买盘
346,09:47:49,5.31,0.0,24,12742,买盘
347,09:47:51,5.31,0.0,3,1593,买盘
348,09:47:54,5.31,0.0,119,63139,买盘
349,09:47:57,5.31,0.0,120,63622,买盘
350,09:48:01,5.31,0.0,65,34508,买盘
351,09:48:04,5.31,0.0,18,9558,买盘
352,09:48:06,5.31,0.0,78,41408,买盘
353,09:48:13,5.31,0.0,40,21240,卖盘
354,09:48:16,5.31,0.0,20,10620,卖盘
355,09:48:19,5.31,0.0,34,18054,卖盘
356,09:48:24,5.31,0.0,19,10094,卖盘
357,09:48:31,5.31,0.0,89,47280,卖盘
358,09:48:34,5.31,0.0,10,5310,卖盘
359,09:48:37,5.31,0.0,120,63720,卖盘
360,09:48:40,5.31,0.0,36,19100,买盘
361,09:48:43,5.31,0.0,21,11151,买盘
362,09:48:45,5.3,-0.01,14,7420,卖盘
363,09:48:48,5.3,0.0,186,98594,卖盘
364,09:48:51,5.31,0.01,7,3717,买盘
365,09:48:55,5.3,-0.01,20,10600,卖盘
366,09:48:58,5.3,0.0,21,11130,卖盘
367,09:49:01,5.3,0.0,12,6360,卖盘
368,09:49:04,5.31,0.01,33,17523,买盘
369,09:49:06,5.3,-0.01,288,152640,卖盘
370,09:49:10,5.31,0.01,95,50445,买盘
371,09:49:12,5.31,0.0,28,14868,买盘
372,09:49:15,5.3,-0.01,100,53000,卖盘
373,09:49:18,5.3,0.0,2,1060,卖盘
374,09:49:22,5.31,0.01,83,44061,买盘
375,09:49:27,5.31,0.0,31,16461,买盘
376,09:49:30,5.3,-0.01,15,7950,卖盘
377,09:49:33,5.3,0.0,264,139934,卖盘
378,09:49:36,5.3,0.0,15,7950,卖盘
379,09:49:40,5.3,0.0,47,24910,卖盘
380,09:49:45,5.31,0.01,33,17523,买盘
381,09:49:49,5.3,-0.01,28,14840,卖盘
382,09:49:52,5.3,0.0,8,4240,卖盘
383,09:49:55,5.3,0.0,8,4240,卖盘
384,09:49:57,5.3,0.0,103,54590,卖盘
385,09:50:00,5.3,0.0,18,9550,卖盘
386,09:50:07,5.3,0.0,141,74730,卖盘
387,09:50:13,5.3,0.0,91,48230,卖盘
388,09:50:16,5.3,0.0,31,16445,卖盘
389,09:50:19,5.3,0.0,3,1590,买盘
390,09:50:21,5.3,0.0,2,1060,买盘
391,09:50:24,5.29,-0.01,60,31740,卖盘
392,09:50:28,5.29,0.0,187,98923,卖盘
393,09:50:30,5.29,0.0,24,12698,卖盘
394,09:50:33,5.29,0.0,60,31740,卖盘
395,09:50:39,5.3,0.01,18,9540,买盘
396,09:50:43,5.3,0.0,222,117546,买盘
397,09:50:49,5.3,0.0,133,70490,买盘
398,09:50:52,5.29,-0.01,66,34914,卖盘
399,09:50:54,5.29,0.0,4,2116,卖盘
400,09:51:00,5.3,0.01,4,2120,买盘
401,09:51:07,5.3,0.0,10,5300,买盘
402,09:51:13,5.29,-0.01,106,56144,卖盘
403,09:51:16,5.3,0.01,29,15350,买盘
404,09:51:19,5.29,-0.01,23,12167,卖盘
405,09:51:25,5.29,0.0,61,32280,卖盘
406,09:51:28,5.29,0.0,22,11638,卖盘
407,09:51:31,5.29,0.0,27,14287,卖盘
408,09:51:34,5.29,0.0,11,5825,卖盘
409,09:51:37,5.3,0.01,70,37047,买盘
410,09:51:39,5.3,0.0,49,25935,买盘
411,09:51:43,5.3,0.0,70,37100,买盘
412,09:51:46,5.29,-0.01,206,109109,卖盘
413,09:51:49,5.3,0.01,16,8480,买盘
414,09:51:51,5.3,0.0,42,22256,买盘
415,09:51:54,5.3,0.0,41,21730,买盘
416,09:51:57,5.3,0.0,75,39716,卖盘
417,09:52:01,5.3,0.0,19,10070,卖盘
418,09:52:04,5.3,0.0,5,2650,卖盘
419,09:52:07,5.3,0.0,29,15370,买盘
420,09:52:10,5.3,0.0,83,43990,卖盘
421,09:52:12,5.31,0.01,570,302663,买盘
422,09:52:16,5.3,-0.01,78,41354,卖盘
423,09:52:19,5.31,0.01,10,5310,买盘
424,09:52:21,5.3,-0.01,12,6360,卖盘
425,09:52:25,5.3,0.0,74,39220,卖盘
426,09:52:31,5.31,0.01,62,32922,买盘
427,09:52:34,5.3,-0.01,46,24388,卖盘
428,09:52:43,5.3,0.0,106,56188,卖盘
429,09:52:46,5.31,0.01,78,41411,买盘
430,09:52:48,5.31,0.0,26,13806,买盘
431,09:52:52,5.31,0.0,3,1593,买盘
432,09:52:54,5.31,0.0,183,97066,买盘
433,09:52:57,5.31,0.0,50,26550,买盘
434,09:53:00,5.3,-0.01,11,5840,卖盘
435,09:53:04,5.31,0.01,420,223020,买盘
436,09:53:07,5.31,0.0,9,4779,卖盘
437,09:53:09,5.31,0.0,30,15942,买盘
438,09:53:13,5.31,0.0,22,11682,卖盘
439,09:53:16,5.31,0.0,82,43542,买盘
440,09:53:19,5.32,0.01,139,73941,买盘
441,09:53:22,5.31,-0.01,15,7965,卖盘
442,09:53:24,5.29,-0.02,2001,1060421,卖盘
443,09:53:28,5.32,0.03,51,27132,买盘
444,09:53:31,5.31,-0.01,62,32932,卖盘
445,09:53:33,5.31,0.0,65,34515,买盘
446,09:53:36,5.3,-0.01,98,52033,卖盘
447,09:53:39,5.31,0.01,139,73809,买盘
448,09:53:43,5.31,0.0,61,32348,买盘
449,09:53:46,5.31,0.0,444,235351,买盘
450,09:53:48,5.31,0.0,40,21240,卖盘
451,09:53:52,5.31,0.0,336,178275,卖盘
452,09:53:55,5.32,0.01,20,10632,买盘
453,09:53:58,5.32,0.0,142,75509,买盘
454,09:54:01,5.31,-0.01,70,37170,中性盘
455,09:54:03,5.31,0.0,191,101411,买盘
456,09:54:07,5.31,0.0,83,44073,买盘
457,09:54:10,5.31,0.0,5,2655,买盘
458,09:54:12,5.31,0.0,213,113088,买盘
459,09:54:15,5.31,0.0,2,1062,买盘
460,09:54:18,5.31,0.0,42,22302,买盘
461,09:54:22,5.31,0.0,23,12203,买盘
462,09:54:24,5.31,0.0,240,127313,买盘
463,09:54:28,5.31,0.0,361,191691,卖盘
464,09:54:31,5.31,0.0,15,7992,卖盘
465,09:54:34,5.31,0.0,44,23364,买盘
466,09:54:36,5.32,0.01,163,86584,买盘
467,09:54:39,5.3,-0.02,3,1590,卖盘
468,09:54:46,5.3,0.0,26,13780,卖盘
469,09:54:48,5.3,0.0,38,20176,卖盘
470,09:54:51,5.3,0.0,48,25460,卖盘
471,09:54:54,5.3,0.0,8,4243,卖盘
472,09:54:58,5.3,0.0,89,47195,卖盘
473,09:55:04,5.31,0.01,74,39225,买盘
474,09:55:06,5.3,-0.01,145,76855,卖盘
475,09:55:10,5.31,0.01,62,32863,买盘
476,09:55:13,5.31,0.0,16,8516,买盘
477,09:55:15,5.3,-0.01,14,7420,中性盘
478,09:55:18,5.31,0.01,34,18054,买盘
479,09:55:21,5.31,0.0,169,89639,买盘
480,09:55:24,5.3,-0.01,128,67840,卖盘
481,09:55:28,5.3,0.0,71,37630,买盘
482,09:55:31,5.3,0.0,20,10600,买盘
483,09:55:34,5.29,-0.01,284,150242,卖盘
484,09:55:37,5.3,0.01,75,39750,买盘
485,09:55:40,5.3,0.0,81,42905,买盘
486,09:55:43,5.3,0.0,144,76320,买盘
487,09:55:46,5.29,-0.01,34,17902,卖盘
488,09:55:48,5.31,0.02,116,61580,买盘
489,09:55:51,5.31,0.0,2,1062,买盘
490,09:55:54,5.3,-0.01,150,79500,卖盘
491,09:55:58,5.3,0.0,72,38160,卖盘
492,09:56:00,5.3,0.0,26,13760,买盘
493,09:56:04,5.3,0.0,32,16960,买盘
494,09:56:07,5.3,0.0,31,16430,买盘
495,09:56:10,5.3,0.0,159,84263,买盘
496,09:56:13,5.3,0.0,76,40260,买盘
497,09:56:15,5.3,0.0,25,13250,卖盘
498,09:56:24,5.3,0.0,16,8480,卖盘
499,09:56:28,5.31,0.01,131,69540,买盘
500,09:56:31,5.3,-0.01,15,7950,卖盘
501,09:56:37,5.3,0.0,21,11130,卖盘
502,09:56:40,5.31,0.01,5,2655,买盘
503,09:56:42,5.31,0.0,65,34515,买盘
504,09:56:46,5.31,0.0,107,56817,买盘
505,09:56:49,5.31,0.0,126,66906,买盘
506,09:56:52,5.31,0.0,80,42480,买盘
507,09:56:54,5.32,0.01,50,26600,买盘
508,09:56:57,5.31,-0.01,10,5317,卖盘
509,09:57:01,5.32,0.01,58,30852,买盘
510,09:57:04,5.31,-0.01,107,56817,卖盘
511,09:57:07,5.32,0.01,50,26560,买盘
512,09:57:10,5.32,0.0,77,40898,买盘
513,09:57:13,5.32,0.0,10,5320,买盘
514,09:57:15,5.32,0.0,54,28706,买盘
515,09:57:18,5.32,0.0,34,18088,买盘
516,09:57:21,5.32,0.0,538,286209,买盘
517,09:57:24,5.32,0.0,229,121823,买盘
518,09:57:28,5.32,0.0,101,53732,买盘
519,09:57:31,5.32,0.0,162,86102,买盘
520,09:57:34,5.31,-0.01,133,71080,卖盘
521,09:57:39,5.33,0.02,96,51168,买盘
522,09:57:42,5.33,0.0,39,20777,买盘
523,09:57:45,5.33,0.0,21,11193,买盘
524,09:57:49,5.33,0.0,146,77818,买盘
525,09:57:52,5.33,0.0,51,27183,买盘
526,09:57:55,5.33,0.0,23,12259,买盘
527,09:57:58,5.32,-0.01,110,58582,卖盘
528,09:58:01,5.33,0.01,46,24518,买盘
529,09:58:04,5.33,0.0,210,111930,买盘
530,09:58:06,5.33,0.0,251,133783,买盘
531,09:58:13,5.33,0.0,22,11738,卖盘
532,09:58:16,5.34,0.01,266,141936,买盘
533,09:58:19,5.34,0.0,305,162870,买盘
534,09:58:22,5.35,0.01,55,29371,买盘
535,09:58:25,5.35,0.0,124,66320,买盘
536,09:58:27,5.35,0.0,252,134820,买盘
537,09:58:30,5.35,0.0,111,59385,买盘
538,09:58:34,5.35,0.0,364,194640,买盘
539,09:58:37,5.35,0.0,169,90399,买盘
540,09:58:40,5.35,0.0,970,518940,买盘
541,09:58:43,5.35,0.0,3,1605,卖盘
542,09:58:46,5.36,0.01,67,35855,买盘
543,09:58:48,5.35,-0.01,208,111484,卖盘
544,09:58:51,5.36,0.01,99,53050,买盘
545,09:58:55,5.36,0.0,771,413256,买盘
546,09:58:58,5.36,0.0,215,115299,买盘
547,09:59:00,5.36,0.0,20,10720,卖盘
548,09:59:04,5.36,0.0,174,93405,卖盘
549,09:59:06,5.37,0.01,59,31683,买盘
550,09:59:10,5.37,0.0,356,191167,买盘
551,09:59:13,5.36,-0.01,117,62818,卖盘
552,09:59:15,5.37,0.01,147,78914,中性盘
553,09:59:18,5.37,0.0,121,64977,买盘
554,09:59:21,5.37,0.0,138,74018,买盘
555,09:59:24,5.37,0.0,101,54237,买盘
556,09:59:28,5.36,-0.01,509,273323,卖盘
557,09:59:31,5.36,0.0,22,11804,卖盘
558,09:59:34,5.36,0.0,76,40760,卖盘
559,09:59:37,5.37,0.01,538,288772,买盘
560,09:59:40,5.38,0.01,451,242302,买盘
561,09:59:43,5.37,-0.01,131,70347,卖盘
562,09:59:45,5.38,0.01,159,85517,买盘
563,09:59:48,5.38,0.0,96,51583,买盘
564,09:59:52,5.38,0.0,72,38706,买盘
565,09:59:54,5.37,-0.01,98,52656,卖盘
566,09:59:58,5.36,-0.01,1082,580460,卖盘
567,10:00:01,5.36,0.0,262,140896,卖盘
568,10:00:04,5.36,0.0,88,47168,卖盘
569,10:00:07,5.36,0.0,36,19296,卖盘
570,10:00:09,5.37,0.01,60,32200,买盘
571,10:00:12,5.37,0.0,25,13425,买盘
572,10:00:16,5.37,0.0,812,435997,买盘
573,10:00:19,5.37,0.0,227,122073,卖盘
574,10:00:22,5.37,0.0,62,33294,卖盘
575,10:00:25,5.37,0.0,214,114920,卖盘
576,10:00:27,5.38,0.01,564,303417,买盘
577,10:00:30,5.38,0.0,145,78010,卖盘
578,10:00:33,5.38,0.0,111,59703,买盘
579,10:00:36,5.38,0.0,57,30666,买盘
580,10:00:39,5.38,0.0,255,137190,买盘
581,10:00:42,5.37,-0.01,16,8592,卖盘
582,10:00:45,5.37,0.0,347,186383,卖盘
583,10:00:49,5.38,0.01,353,189738,买盘
584,10:00:52,5.37,-0.01,142,76254,中性盘
585,10:00:55,5.37,0.0,104,55848,买盘
586,10:00:58,5.38,0.01,93,49951,买盘
587,10:01:00,5.38,0.0,466,250708,买盘
588,10:01:04,5.38,0.0,138,74243,买盘
589,10:01:07,5.37,-0.01,101,54307,卖盘
590,10:01:09,5.37,0.0,1333,717300,卖盘
591,10:01:13,5.38,0.01,131,70478,买盘
592,10:01:16,5.39,0.01,176,94740,买盘
593,10:01:19,5.38,-0.01,73,39306,卖盘
594,10:01:22,5.39,0.01,119,64141,买盘
595,10:01:25,5.39,0.0,365,196414,买盘
596,10:01:27,5.39,0.0,97,52199,买盘
597,10:01:31,5.39,0.0,309,166341,买盘
598,10:01:34,5.39,0.0,73,39347,买盘
599,10:01:37,5.38,-0.01,181,97558,卖盘
600,10:01:42,5.38,0.0,472,253936,卖盘
601,10:01:46,5.38,0.0,515,277055,买盘
602,10:01:49,5.38,0.0,97,52185,买盘
603,10:01:51,5.37,-0.01,119,63841,卖盘
604,10:01:55,5.38,0.01,16,8608,买盘
605,10:01:58,5.38,0.0,472,253936,买盘
606,10:02:01,5.38,0.0,107,57561,买盘
607,10:02:04,5.38,0.0,55,29590,买盘
608,10:02:07,5.38,0.0,780,419640,买盘
609,10:02:09,5.38,0.0,137,73579,买盘
610,10:02:12,5.37,-0.01,70,37610,卖盘
611,10:02:15,5.38,0.01,523,281359,买盘
612,10:02:19,5.37,-0.01,17,9129,卖盘
613,10:02:22,5.38,0.01,172,92531,买盘
614,10:02:28,5.37,-0.01,59,31701,卖盘
615,10:02:30,5.37,0.0,86,46218,卖盘
616,10:02:33,5.37,0.0,103,55311,卖盘
617,10:02:37,5.37,0.0,99,53163,卖盘
618,10:02:40,5.38,0.01,111,59617,买盘
619,10:02:42,5.37,-0.01,267,143379,卖盘
620,10:02:45,5.37,0.0,209,112233,卖盘
621,10:02:49,5.37,0.0,179,96214,卖盘
622,10:02:55,5.36,-0.01,65,34860,卖盘
623,10:02:58,5.36,0.0,718,385517,卖盘
624,10:03:01,5.36,0.0,56,30017,卖盘
625,10:03:04,5.36,0.0,30,16080,卖盘
626,10:03:06,5.37,0.01,30,16110,买盘
627,10:03:09,5.36,-0.01,630,337680,卖盘
628,10:03:12,5.36,0.0,108,57888,卖盘
629,10:03:15,5.37,0.01,867,465310,买盘
630,10:03:19,5.37,0.0,222,119429,卖盘
631,10:03:22,5.37,0.0,94,50478,卖盘
632,10:03:25,5.37,0.0,20,10740,卖盘
633,10:03:28,5.37,0.0,107,57459,卖盘
634,10:03:31,5.37,0.0,106,56922,卖盘
635,10:03:34,5.38,0.01,20,10750,买盘
636,10:03:37,5.37,-0.01,611,328108,卖盘
637,10:03:40,5.37,0.0,10,5370,买盘
638,10:03:42,5.37,0.0,26,13962,买盘
639,10:03:45,5.37,0.0,117,62819,买盘
640,10:03:48,5.36,-0.01,9,4824,中性盘
641,10:03:51,5.37,0.01,25,13403,买盘
642,10:03:55,5.36,-0.01,90,48240,卖盘
643,10:03:58,5.36,0.0,106,56816,卖盘
644,10:04:00,5.37,0.01,77,41302,买盘
645,10:04:07,5.36,-0.01,7,3750,买盘
646,10:04:09,5.36,0.0,29,15544,买盘
647,10:04:12,5.35,-0.01,100,53550,卖盘
648,10:04:16,5.35,0.0,31,16585,卖盘
649,10:04:22,5.35,0.0,15,8025,卖盘
650,10:04:25,5.36,0.01,107,57292,买盘
651,10:04:28,5.35,-0.01,171,91485,卖盘
652,10:04:31,5.35,0.0,109,58415,卖盘
653,10:04:33,5.35,0.0,525,280876,卖盘
654,10:04:37,5.35,0.0,20,10700,买盘
655,10:04:39,5.34,-0.01,8,4272,卖盘
656,10:04:43,5.34,0.0,114,60876,卖盘
657,10:04:46,5.35,0.01,2,1070,买盘
658,10:04:52,5.34,-0.01,22,11748,卖盘
659,10:04:54,5.34,0.0,153,81840,卖盘
660,10:04:58,5.34,0.0,195,104130,卖盘
661,10:05:00,5.35,0.01,87,46488,买盘
662,10:05:04,5.34,-0.01,25,13355,卖盘
663,10:05:09,5.34,0.0,90,48060,买盘
664,10:05:12,5.35,0.01,85,45400,买盘
665,10:05:19,5.34,-0.01,188,100392,卖盘
666,10:05:22,5.35,0.01,2,1070,买盘
667,10:05:25,5.34,-0.01,25,13350,卖盘
668,10:05:28,5.34,0.0,130,69492,卖盘
669,10:05:30,5.34,0.0,103,55002,卖盘
670,10:05:34,5.34,0.0,8,4272,卖盘
671,10:05:37,5.34,0.0,105,56070,卖盘
672,10:05:39,5.34,0.0,125,66791,买盘
673,10:05:42,5.34,0.0,26,13869,买盘
674,10:05:45,5.34,0.0,13,6939,买盘
675,10:05:49,5.34,0.0,16,8544,买盘
676,10:05:52,5.34,0.0,101,53934,卖盘
677,10:05:55,5.34,0.0,11,5874,买盘
678,10:05:58,5.33,-0.01,74,39506,卖盘
679,10:06:01,5.34,0.01,38,20292,买盘
680,10:06:03,5.33,-0.01,18,9602,卖盘
681,10:06:07,5.34,0.01,349,186182,买盘
682,10:06:13,5.34,0.0,33,17632,卖盘
683,10:06:16,5.34,0.0,11,5874,卖盘
684,10:06:18,5.34,0.0,28,14952,卖盘
685,10:06:21,5.34,0.0,114,60876,卖盘
686,10:06:24,5.35,0.01,182,97206,买盘
687,10:06:28,5.35,0.0,336,179591,买盘
688,10:06:31,5.35,0.0,75,40125,卖盘
689,10:06:34,5.36,0.01,1,536,买盘
690,10:06:37,5.35,-0.01,1,535,卖盘
691,10:06:40,5.36,0.01,55,29475,买盘
692,10:06:45,5.36,0.0,6,3216,买盘
693,10:06:49,5.36,0.0,67,35912,买盘
694,10:06:52,5.36,0.0,33,17688,买盘
695,10:06:54,5.35,-0.01,30,16050,卖盘
696,10:07:01,5.36,0.01,14,7504,买盘
697,10:07:03,5.36,0.0,101,54086,买盘
698,10:07:06,5.35,-0.01,20,10700,卖盘
699,10:07:10,5.36,0.01,54,28944,买盘
700,10:07:13,5.36,0.0,7,3752,买盘
701,10:07:15,5.36,0.0,117,62712,买盘
702,10:07:19,5.35,-0.01,434,232469,卖盘
703,10:07:22,5.36,0.01,29,15544,买盘
704,10:07:24,5.36,0.0,123,65928,买盘
705,10:07:27,5.36,0.0,18,9664,买盘
706,10:07:30,5.36,0.0,48,25728,卖盘
707,10:07:33,5.37,0.01,18,9658,买盘
708,10:07:36,5.37,0.0,27,14498,买盘
709,10:07:40,5.37,0.0,27,14499,买盘
710,10:07:42,5.37,0.0,6,3218,买盘
711,10:07:45,5.37,0.0,202,108474,买盘
712,10:07:49,5.37,0.0,13,6981,买盘
713,10:07:52,5.37,0.0,198,106326,买盘
714,10:07:55,5.37,0.0,89,47793,买盘
715,10:07:58,5.37,0.0,297,159485,买盘
716,10:08:00,5.37,0.0,50,26850,卖盘
717,10:08:04,5.37,0.0,129,69273,卖盘
718,10:08:06,5.37,0.0,6,3222,卖盘
719,10:08:09,5.37,0.0,86,46220,卖盘
720,10:08:13,5.37,0.0,282,151286,卖盘
721,10:08:16,5.37,0.0,11,5907,买盘
722,10:08:18,5.37,0.0,40,21480,卖盘
723,10:08:22,5.38,0.01,5,2690,买盘
724,10:08:24,5.36,-0.02,45,24147,卖盘
725,10:08:27,5.37,0.01,40,21480,买盘
726,10:08:30,5.36,-0.01,16,8576,卖盘
727,10:08:33,5.37,0.01,213,114516,买盘
728,10:08:36,5.36,-0.01,14,7504,卖盘
729,10:08:40,5.37,0.01,1,537,买盘
730,10:08:43,5.37,0.0,28,15036,买盘
731,10:08:46,5.37,0.0,140,75180,买盘
732,10:08:48,5.37,0.0,20,10740,卖盘
733,10:08:54,5.36,-0.01,64,34353,卖盘
734,10:08:57,5.37,0.01,71,38152,买盘
735,10:09:01,5.37,0.0,59,31683,卖盘
736,10:09:04,5.38,0.01,16,8608,买盘
737,10:09:07,5.37,-0.01,4,2149,卖盘
738,10:09:09,5.37,0.0,5,2685,卖盘
739,10:09:13,5.37,0.0,60,32230,卖盘
740,10:09:15,5.37,0.0,238,127774,卖盘
741,10:09:19,5.36,-0.01,26,13936,卖盘
742,10:09:21,5.37,0.01,10,5370,买盘
743,10:09:25,5.36,-0.01,16,8576,卖盘
744,10:09:28,5.36,0.0,62,33232,卖盘
745,10:09:31,5.36,0.0,23,12341,卖盘
746,10:09:37,5.36,0.0,35,18788,卖盘
747,10:09:40,5.36,0.0,27,14472,卖盘
748,10:09:43,5.36,0.0,81,43416,卖盘
749,10:09:45,5.36,0.0,1,536,卖盘
750,10:09:49,5.36,0.0,34,18224,卖盘
751,10:09:51,5.36,0.0,11,5896,卖盘
752,10:09:58,5.36,0.0,17,9122,卖盘
753,10:10:01,5.36,0.0,31,16616,卖盘
754,10:10:04,5.36,0.0,41,21976,卖盘
755,10:10:07,5.36,0.0,365,195970,卖盘
756,10:10:09,5.36,0.0,37,19832,卖盘
757,10:10:12,5.36,0.0,90,48240,卖盘
758,10:10:16,5.36,0.0,25,13400,买盘
759,10:10:19,5.36,0.0,18,9648,买盘
760,10:10:22,5.36,0.0,75,40210,卖盘
761,10:10:25,5.36,0.0,3,1608,卖盘
762,10:10:28,5.37,0.01,47,25202,买盘
763,10:10:30,5.36,-0.01,19,10187,卖盘
764,10:10:33,5.36,0.0,3,1608,卖盘
765,10:10:37,5.37,0.01,162,86994,买盘
766,10:10:39,5.36,-0.01,41,21990,卖盘
767,10:10:43,5.36,0.0,311,166700,卖盘
768,10:10:48,5.36,0.0,2,1072,买盘
769,10:10:51,5.36,0.0,286,153296,买盘
770,10:11:04,5.35,-0.01,190,101918,卖盘
771,10:11:07,5.36,0.01,34,18224,买盘
772,10:11:13,5.35,-0.01,100,53500,卖盘
773,10:11:16,5.35,0.0,100,53500,卖盘
774,10:11:22,5.35,0.0,274,146467,卖盘
775,10:11:25,5.34,-0.01,5,2670,卖盘
776,10:11:28,5.35,0.01,141,75435,买盘
777,10:11:37,5.35,0.0,24,12836,买盘
778,10:11:43,5.35,0.0,62,33170,买盘
779,10:11:49,5.34,-0.01,150,80247,卖盘
780,10:11:54,5.35,0.01,6,3210,买盘
781,10:11:57,5.35,0.0,69,36906,买盘
782,10:12:01,5.34,-0.01,171,91314,卖盘
783,10:12:04,5.34,0.0,77,41118,卖盘
784,10:12:10,5.34,0.0,17,9078,卖盘
785,10:12:13,5.35,0.01,29,15515,买盘
786,10:12:16,5.34,-0.01,74,39516,卖盘
787,10:12:19,5.34,0.0,2,1068,卖盘
788,10:12:21,5.34,0.0,27,14418,卖盘
789,10:12:27,5.34,0.0,40,21360,卖盘
790,10:12:31,5.35,0.01,52,27773,买盘
791,10:12:34,5.34,-0.01,19,10146,卖盘
792,10:12:37,5.34,0.0,20,10680,卖盘
793,10:12:40,5.34,0.0,220,117480,卖盘
794,10:12:43,5.34,0.0,39,20826,卖盘
795,10:12:45,5.34,0.0,215,114810,卖盘
796,10:12:48,5.34,0.0,111,59274,卖盘
797,10:12:51,5.34,0.0,52,27768,买盘
798,10:12:55,5.34,0.0,30,16020,买盘
799,10:12:58,5.33,-0.01,3,1599,卖盘
800,10:13:01,5.33,0.0,736,392288,卖盘
801,10:13:04,5.33,0.0,13,6929,卖盘
802,10:13:07,5.33,0.0,22,11726,卖盘
803,10:13:09,5.33,0.0,68,36244,卖盘
804,10:13:12,5.33,0.0,63,33579,卖盘
805,10:13:16,5.33,0.0,100,53300,卖盘
806,10:13:19,5.34,0.01,262,139908,买盘
807,10:13:22,5.35,0.01,20,10700,买盘
808,10:13:25,5.34,-0.01,5,2672,卖盘
809,10:13:28,5.35,0.01,105,56175,买盘
810,10:13:31,5.35,0.0,84,44906,买盘
811,10:13:34,5.35,0.0,100,53500,买盘
812,10:13:37,5.35,0.0,261,139635,买盘
813,10:13:42,5.34,-0.01,10,5340,卖盘
814,10:13:46,5.35,0.01,126,67410,买盘
815,10:13:51,5.35,0.0,9,4815,买盘
816,10:13:54,5.34,-0.01,105,56170,卖盘
817,10:13:57,5.35,0.01,154,82316,买盘
818,10:14:03,5.36,0.01,55,29558,买盘
819,10:14:07,5.35,-0.01,26,13910,卖盘
820,10:14:12,5.36,0.01,10,5360,买盘
821,10:14:18,5.35,-0.01,100,53500,卖盘
822,10:14:25,5.35,0.0,105,56238,卖盘
823,10:14:28,5.35,0.0,3,1605,卖盘
824,10:14:31,5.35,0.0,84,45012,卖盘
825,10:14:34,5.36,0.01,470,251920,买盘
826,10:14:37,5.36,0.0,35,18760,买盘
827,10:14:40,5.36,0.0,58,31088,卖盘
828,10:14:43,5.36,0.0,8,4288,卖盘
829,10:14:45,5.36,0.0,166,88976,卖盘
830,10:14:49,5.36,0.0,60,32160,买盘
831,10:14:52,5.38,0.02,923,495504,买盘
832,10:15:01,5.37,-0.01,651,350225,卖盘
833,10:15:04,5.38,0.01,133,71554,买盘
834,10:15:06,5.38,0.0,1028,553626,买盘
835,10:15:10,5.38,0.0,73,39294,卖盘
836,10:15:13,5.38,0.0,73,39283,卖盘
837,10:15:16,5.39,0.01,15,8085,买盘
838,10:15:19,5.38,-0.01,105,56569,卖盘
839,10:15:22,5.4,0.02,2360,1273675,买盘
840,10:15:25,5.39,-0.01,60,32340,卖盘
841,10:15:28,5.39,0.0,269,145256,卖盘
842,10:15:31,5.4,0.01,297,160372,买盘
843,10:15:33,5.41,0.01,79,42739,买盘
844,10:15:36,5.41,0.0,90,48690,买盘
845,10:15:40,5.41,0.0,60,32460,买盘
846,10:15:43,5.42,0.01,356,192377,买盘
847,10:15:46,5.41,-0.01,115,62215,卖盘
848,10:15:49,5.42,0.01,268,145206,买盘
849,10:15:52,5.42,0.0,226,122485,买盘
850,10:15:55,5.42,0.0,243,131704,买盘
851,10:15:58,5.42,0.0,50,27100,卖盘
852,10:16:00,5.43,0.01,412,223711,买盘
853,10:16:04,5.43,0.0,136,73841,买盘
854,10:16:07,5.43,0.0,96,52128,卖盘
855,10:16:10,5.44,0.01,246,133821,买盘
856,10:16:13,5.44,0.0,261,142049,买盘
857,10:16:16,5.44,0.0,203,110453,卖盘
858,10:16:19,5.44,0.0,210,114386,卖盘
859,10:16:22,5.45,0.01,903,492120,买盘
860,10:16:25,5.44,-0.01,945,514590,卖盘
861,10:16:28,5.45,0.01,440,239584,买盘
862,10:16:31,5.44,-0.01,89,48416,中性盘
863,10:16:33,5.45,0.01,460,250345,买盘
864,10:16:37,5.45,0.0,353,192635,卖盘
865,10:16:40,5.45,0.0,761,415011,卖盘
866,10:16:42,5.45,0.0,614,335154,买盘
867,10:16:46,5.45,0.0,2840,1553741,卖盘
868,10:16:49,5.45,0.0,300,163696,买盘
869,10:16:52,5.45,0.0,243,132454,卖盘
870,10:16:55,5.48,0.03,1130,617774,买盘
871,10:16:58,5.48,0.0,249,136452,卖盘
872,10:17:00,5.48,0.0,207,113555,卖盘
873,10:17:03,5.46,-0.02,282,154594,卖盘
874,10:17:07,5.45,-0.01,259,141609,卖盘
875,10:17:10,5.49,0.04,1452,796770,买盘
876,10:17:13,5.48,-0.01,44,24440,卖盘
877,10:17:16,5.48,0.0,78,42744,买盘
878,10:17:18,5.48,0.0,1097,601661,买盘
879,10:17:21,5.46,-0.02,223,121798,卖盘
880,10:17:25,5.48,0.02,310,169510,买盘
881,10:17:27,5.48,0.0,46,25129,买盘
882,10:17:30,5.46,-0.02,431,235828,中性盘
883,10:17:34,5.48,0.02,718,392308,买盘
884,10:17:37,5.45,-0.03,571,311293,卖盘
885,10:17:39,5.47,0.02,193,105133,买盘
886,10:17:43,5.47,0.0,586,320408,买盘
887,10:17:45,5.46,-0.01,214,116610,中性盘
888,10:17:49,5.45,-0.01,154,84073,卖盘
889,10:17:52,5.45,0.0,355,193341,卖盘
890,10:17:55,5.45,0.0,30,16350,买盘
891,10:17:58,5.45,0.0,129,70305,买盘
892,10:18:00,5.46,0.01,427,232735,买盘
893,10:18:04,5.45,-0.01,85,46325,卖盘
894,10:18:06,5.45,0.0,44,23980,卖盘
895,10:18:10,5.45,0.0,117,63807,买盘
896,10:18:13,5.45,0.0,79,43055,买盘
897,10:18:15,5.44,-0.01,346,188224,卖盘
898,10:18:18,5.45,0.01,351,191081,买盘
899,10:18:25,5.45,0.0,65,35389,买盘
900,10:18:28,5.44,-0.01,26,14128,中性盘
901,10:18:31,5.45,0.01,46,25064,买盘
902,10:18:34,5.44,-0.01,276,150372,卖盘
903,10:18:37,5.44,0.0,209,113496,买盘
904,10:18:39,5.43,-0.01,129,70063,卖盘
905,10:18:42,5.44,0.01,102,55487,买盘
906,10:18:46,5.43,-0.01,250,135829,卖盘
907,10:18:49,5.43,0.0,292,158556,卖盘
908,10:18:52,5.43,0.0,322,174846,卖盘
909,10:18:55,5.43,0.0,50,27150,买盘
910,10:18:58,5.43,0.0,3,1629,买盘
911,10:19:00,5.42,-0.01,693,375606,卖盘
912,10:19:04,5.42,0.0,10,5420,买盘
913,10:19:06,5.41,-0.01,42,22753,卖盘
914,10:19:09,5.41,0.0,243,131466,卖盘
915,10:19:13,5.42,0.01,50,27057,买盘
916,10:19:19,5.41,-0.01,93,50313,买盘
917,10:19:22,5.41,0.0,361,195104,买盘
918,10:19:24,5.41,0.0,146,78850,买盘
919,10:19:27,5.41,0.0,331,178417,买盘
920,10:19:30,5.41,0.0,79,42739,卖盘
921,10:19:34,5.41,0.0,36,19909,卖盘
922,10:19:37,5.41,0.0,10,5415,卖盘
923,10:19:40,5.41,0.0,147,79527,卖盘
924,10:19:42,5.41,0.0,275,149040,卖盘
925,10:19:45,5.42,0.01,254,137665,买盘
926,10:19:49,5.42,0.0,50,27100,买盘
927,10:19:51,5.41,-0.01,15,8115,卖盘
928,10:19:58,5.42,0.01,101,54742,买盘
929,10:20:01,5.42,0.0,63,33712,买盘
930,10:20:06,5.42,0.0,40,21680,卖盘
931,10:20:10,5.42,0.0,443,240139,卖盘
932,10:20:12,5.43,0.01,13,7059,买盘
933,10:20:15,5.42,-0.01,53,28746,卖盘
934,10:20:18,5.42,0.0,175,95320,卖盘
935,10:20:21,5.43,0.01,78,42350,买盘
936,10:20:25,5.43,0.0,38,20629,买盘
937,10:20:28,5.43,0.0,40,21720,买盘
938,10:20:31,5.42,-0.01,83,45052,卖盘
939,10:20:34,5.43,0.01,127,68936,买盘
940,10:20:37,5.42,-0.01,106,57452,卖盘
941,10:20:40,5.43,0.01,20,10860,买盘
942,10:20:42,5.43,0.0,170,92290,买盘
943,10:20:46,5.42,-0.01,450,244340,卖盘
944,10:20:49,5.43,0.01,24,13032,买盘
945,10:20:52,5.43,0.0,62,33664,买盘
946,10:20:54,5.42,-0.01,30,16270,卖盘
947,10:20:57,5.43,0.01,85,46155,买盘
948,10:21:00,5.42,-0.01,20,10840,卖盘
949,10:21:04,5.43,0.01,494,267739,买盘
950,10:21:06,5.43,0.0,10,5430,卖盘
951,10:21:10,5.43,0.0,49,26607,卖盘
952,10:21:13,5.43,0.0,347,188855,卖盘
953,10:21:16,5.44,0.01,254,138118,买盘
954,10:21:19,5.44,0.0,81,44064,买盘
955,10:21:25,5.42,-0.02,5,2710,卖盘
956,10:21:36,5.43,0.01,10,5430,买盘
957,10:21:39,5.43,0.0,343,186220,买盘
958,10:21:46,5.43,0.0,118,64012,买盘
959,10:21:49,5.42,-0.01,274,148508,卖盘
960,10:21:52,5.42,0.0,106,57452,买盘
961,10:21:55,5.42,0.0,20,10840,买盘
962,10:21:58,5.42,0.0,8,4336,买盘
963,10:22:10,5.41,-0.01,498,269418,卖盘
964,10:22:13,5.42,0.01,15,8130,买盘
965,10:22:19,5.42,0.0,25,13550,买盘
966,10:22:22,5.41,-0.01,28,14824,卖盘
967,10:22:28,5.41,0.0,245,132652,卖盘
968,10:22:31,5.41,0.0,46,24894,卖盘
969,10:22:33,5.41,0.0,17,9199,卖盘
970,10:22:37,5.41,0.0,67,36262,卖盘
971,10:22:39,5.41,0.0,79,42631,卖盘
972,10:22:42,5.4,-0.01,125,67500,卖盘
973,10:22:45,5.41,0.01,8,4323,买盘
974,10:22:48,5.4,-0.01,157,84794,中性盘
975,10:22:51,5.4,0.0,30,16200,卖盘
976,10:22:55,5.4,0.0,7,3786,卖盘
977,10:22:58,5.39,-0.01,163,87983,卖盘
978,10:23:00,5.4,0.01,35,18902,买盘
979,10:23:04,5.41,0.01,21,11341,买盘
980,10:23:06,5.41,0.0,40,21620,买盘
981,10:23:10,5.41,0.0,18,9738,买盘
982,10:23:13,5.4,-0.01,8,4320,卖盘
983,10:23:15,5.41,0.01,16,8653,买盘
984,10:23:18,5.41,0.0,106,57449,买盘
985,10:23:21,5.42,0.01,3,1626,买盘
986,10:23:24,5.41,-0.01,19,10279,卖盘
987,10:23:27,5.42,0.01,1,542,买盘
988,10:23:30,5.41,-0.01,4,2164,卖盘
989,10:23:34,5.41,0.0,219,118679,卖盘
990,10:23:37,5.41,0.0,140,75747,卖盘
991,10:23:40,5.42,0.01,4,2168,买盘
992,10:23:43,5.42,0.0,488,264466,买盘
993,10:23:46,5.41,-0.01,84,45351,卖盘
994,10:23:48,5.41,0.0,39,21099,买盘
995,10:23:51,5.4,-0.01,103,55722,卖盘
996,10:23:54,5.41,0.01,4,2164,买盘
997,10:23:58,5.4,-0.01,4,2160,卖盘
998,10:24:00,5.41,0.01,16,8656,买盘
999,10:24:04,5.41,0.0,1,541,买盘
1000,10:24:06,5.4,-0.01,60,32400,卖盘
1001,10:24:10,5.41,0.01,10,5410,买盘
1002,10:24:12,5.41,0.0,22,11882,买盘
1003,10:24:15,5.4,-0.01,11,5941,卖盘
1004,10:24:18,5.4,0.0,40,21600,卖盘
1005,10:24:21,5.4,0.0,337,181981,卖盘
1006,10:24:24,5.4,0.0,58,31320,买盘
1007,10:24:28,5.4,0.0,10,5400,买盘
1008,10:24:31,5.4,0.0,1,540,买盘
1009,10:24:33,5.39,-0.01,136,73424,卖盘
1010,10:24:36,5.4,0.01,41,22110,买盘
1011,10:24:40,5.4,0.0,49,26445,买盘
1012,10:24:42,5.4,0.0,237,127980,买盘
1013,10:24:45,5.41,0.01,9,4869,买盘
1014,10:24:48,5.4,-0.01,25,13500,卖盘
1015,10:24:51,5.4,0.0,5,2700,卖盘
1016,10:24:55,5.41,0.01,119,64487,买盘
1017,10:24:58,5.42,0.01,55,29758,买盘
1018,10:25:04,5.41,-0.01,18,9740,卖盘
1019,10:25:07,5.42,0.01,69,37398,买盘
1020,10:25:09,5.42,0.0,84,45528,买盘
1021,10:25:13,5.41,-0.01,8,4220,卖盘
1022,10:25:16,5.41,0.0,16,8764,卖盘
1023,10:25:19,5.41,0.0,25,13417,卖盘
1024,10:25:22,5.41,0.0,21,11361,买盘
1025,10:25:25,5.42,0.01,86,46569,买盘
1026,10:25:28,5.42,0.0,3,1626,买盘
1027,10:25:30,5.41,-0.01,5,2705,卖盘
1028,10:25:37,5.41,0.0,100,54120,卖盘
1029,10:25:40,5.41,0.0,62,33545,卖盘
1030,10:25:42,5.42,0.01,12,6494,买盘
1031,10:25:49,5.41,-0.01,19,10289,卖盘
1032,10:25:51,5.42,0.01,1,542,买盘
1033,10:25:54,5.41,-0.01,25,13525,卖盘
1034,10:25:58,5.41,0.0,3,1623,卖盘
1035,10:26:01,5.41,0.0,71,38417,卖盘
1036,10:26:04,5.41,0.0,33,17856,卖盘
1037,10:26:06,5.41,0.0,62,33542,卖盘
1038,10:26:10,5.41,0.0,26,14066,买盘
1039,10:26:13,5.41,0.0,3,1623,买盘
1040,10:26:16,5.41,0.0,52,28132,买盘
1041,10:26:18,5.41,0.0,9,4869,卖盘
1042,10:26:21,5.41,0.0,106,57346,买盘
1043,10:26:25,5.42,0.01,7,3790,买盘
1044,10:26:28,5.42,0.0,7,3787,买盘
1045,10:26:31,5.4,-0.02,40,21600,卖盘
1046,10:26:34,5.41,0.01,1,541,买盘
1047,10:26:37,5.4,-0.01,19,10260,卖盘
1048,10:26:40,5.41,0.01,1,541,买盘
1049,10:26:52,5.4,-0.01,2,1080,卖盘
1050,10:26:58,5.4,0.0,26,14050,卖盘
1051,10:27:01,5.41,0.01,119,64377,买盘
1052,10:27:04,5.4,-0.01,25,13504,卖盘
1053,10:27:06,5.41,0.01,99,53549,买盘
1054,10:27:12,5.41,0.0,3,1623,买盘
1055,10:27:15,5.41,0.0,20,10820,买盘
1056,10:27:18,5.41,0.0,9,4869,买盘
1057,10:27:21,5.4,-0.01,123,66471,卖盘
1058,10:27:25,5.41,0.01,3,1623,买盘
1059,10:27:28,5.41,0.0,50,27050,买盘
1060,10:27:31,5.41,0.0,11,5951,买盘
1061,10:27:34,5.41,0.0,7,3787,买盘
1062,10:27:36,5.41,0.0,29,15689,买盘
1063,10:27:39,5.41,0.0,99,53559,买盘
1064,10:27:42,5.4,-0.01,226,122263,卖盘
1065,10:27:49,5.41,0.01,28,15138,买盘
1066,10:27:52,5.41,0.0,321,173571,买盘
1067,10:27:55,5.42,0.01,1,542,买盘
1068,10:27:58,5.42,0.0,12,6502,买盘
1069,10:28:00,5.41,-0.01,35,18965,卖盘
1070,10:28:04,5.41,0.0,986,534389,卖盘
1071,10:28:06,5.41,0.0,29,15689,卖盘
1072,10:28:09,5.42,0.01,30,16260,买盘
1073,10:28:13,5.42,0.0,90,48780,买盘
1074,10:28:16,5.42,0.0,18,9743,买盘
1075,10:28:19,5.42,0.0,14,7588,买盘
1076,10:28:22,5.41,-0.01,76,41166,卖盘
1077,10:28:25,5.42,0.01,23,12465,买盘
1078,10:28:28,5.42,0.0,43,23288,买盘
1079,10:28:33,5.42,0.0,1,542,买盘
1080,10:28:36,5.42,0.0,810,439128,买盘
1081,10:28:39,5.43,0.01,25,13575,买盘
1082,10:28:46,5.42,-0.01,10,5420,卖盘
1083,10:28:49,5.43,0.01,1,543,买盘
1084,10:28:52,5.43,0.0,50,27150,买盘
1085,10:28:55,5.43,0.0,4,2169,买盘
1086,10:28:57,5.43,0.0,42,22806,买盘
1087,10:29:00,5.43,0.0,89,48327,买盘
1088,10:29:03,5.43,0.0,71,38553,买盘
1089,10:29:10,5.43,0.0,2,1086,买盘
1090,10:29:13,5.42,-0.01,24,13008,卖盘
1091,10:29:16,5.43,0.01,51,27693,买盘
1092,10:29:19,5.43,0.0,42,22806,买盘
1093,10:29:22,5.43,0.0,22,11946,买盘
1094,10:29:25,5.43,0.0,2,1086,买盘
1095,10:29:31,5.43,0.0,128,69453,买盘
1096,10:29:34,5.42,-0.01,221,119786,卖盘
1097,10:29:37,5.43,0.01,6,3258,买盘
1098,10:29:42,5.42,-0.01,86,46504,卖盘
1099,10:29:46,5.43,0.01,12,6504,买盘
1100,10:29:54,5.42,-0.01,50,27100,买盘
1101,10:29:57,5.42,0.0,59,31925,买盘
1102,10:30:01,5.42,0.0,43,23344,卖盘
1103,10:30:04,5.42,0.0,20,10840,卖盘
1104,10:30:07,5.42,0.0,69,37398,卖盘
1105,10:30:13,5.42,0.0,3,1626,买盘
1106,10:30:16,5.41,-0.01,7,3787,卖盘
1107,10:30:25,5.42,0.01,100,54197,买盘
1108,10:30:28,5.42,0.0,14,7588,买盘
1109,10:30:31,5.42,0.0,112,60704,买盘
1110,10:30:34,5.42,0.0,9,4878,买盘
1111,10:30:40,5.41,-0.01,3,1623,卖盘
1112,10:30:55,5.41,0.0,70,37937,卖盘
1113,10:30:57,5.42,0.01,2,1084,买盘
1114,10:31:00,5.41,-0.01,4,2164,卖盘
1115,10:31:04,5.42,0.01,83,44906,买盘
1116,10:31:06,5.42,0.0,16,8661,买盘
1117,10:31:09,5.42,0.0,26,14092,买盘
1118,10:31:13,5.42,0.0,1,542,买盘
1119,10:31:16,5.41,-0.01,3,1623,卖盘
1120,10:31:19,5.41,0.0,96,52012,卖盘
1121,10:31:22,5.42,0.01,258,139805,买盘
1122,10:31:25,5.42,0.0,82,44370,买盘
1123,10:31:28,5.41,-0.01,39,21099,卖盘
1124,10:31:31,5.42,0.01,203,109883,买盘
1125,10:31:33,5.42,0.0,24,13004,买盘
1126,10:31:37,5.41,-0.01,35,18942,卖盘
1127,10:31:40,5.41,0.0,126,68237,卖盘
1128,10:31:45,5.42,0.01,89,48238,买盘
1129,10:31:48,5.41,-0.01,86,46610,卖盘
1130,10:31:51,5.41,0.0,86,46557,卖盘
1131,10:31:54,5.43,0.02,11,5957,买盘
1132,10:32:01,5.41,-0.02,6,3246,卖盘
1133,10:32:04,5.41,0.0,4,2164,卖盘
1134,10:32:07,5.41,0.0,3,1623,卖盘
1135,10:32:09,5.43,0.02,101,54843,买盘
1136,10:32:12,5.43,0.0,100,54298,买盘
1137,10:32:15,5.43,0.0,42,22776,买盘
1138,10:32:19,5.42,-0.01,4,2168,买盘
1139,10:32:22,5.42,0.0,25,13550,买盘
1140,10:32:24,5.42,0.0,11,5963,卖盘
1141,10:32:27,5.41,-0.01,95,51464,卖盘
1142,10:32:30,5.43,0.02,3,1629,买盘
1143,10:32:39,5.41,-0.02,165,89330,卖盘
1144,10:32:42,5.41,0.0,6,3251,卖盘
1145,10:32:45,5.41,0.0,44,23804,卖盘
1146,10:32:48,5.41,0.0,21,11362,卖盘
1147,10:32:52,5.42,0.01,1,932,买盘
1148,10:32:58,5.41,-0.01,57,30837,卖盘
1149,10:33:01,5.42,0.01,28,15176,买盘
1150,10:33:04,5.42,0.0,1,542,买盘
1151,10:33:06,5.41,-0.01,90,48764,卖盘
1152,10:33:09,5.41,0.0,95,51505,卖盘
1153,10:33:12,5.41,0.0,62,33044,卖盘
1154,10:33:16,5.41,0.0,53,28673,买盘
1155,10:33:19,5.41,0.0,4,2164,买盘
1156,10:33:22,5.4,-0.01,4,2160,卖盘
1157,10:33:25,5.41,0.01,66,35706,买盘
1158,10:33:28,5.41,0.0,4,2164,买盘
1159,10:33:31,5.4,-0.01,14,7560,卖盘
1160,10:33:34,5.41,0.01,37,20017,买盘
1161,10:33:37,5.41,0.0,210,113512,买盘
1162,10:33:40,5.41,0.0,207,111986,买盘
1163,10:33:43,5.41,0.0,86,46478,买盘
1164,10:33:46,5.41,0.0,145,78943,买盘
1165,10:33:48,5.41,0.0,31,16771,卖盘
1166,10:33:51,5.41,0.0,37,19523,卖盘
1167,10:33:54,5.41,0.0,9,4863,买盘
1168,10:34:04,5.41,0.0,74,40532,买盘
1169,10:34:07,5.41,0.0,82,44365,卖盘
1170,10:34:10,5.42,0.01,13,7035,买盘
1171,10:34:13,5.41,-0.01,30,15732,卖盘
1172,10:34:16,5.4,-0.01,7,3781,卖盘
1173,10:34:19,5.42,0.02,55,29775,买盘
1174,10:34:21,5.4,-0.02,58,31394,卖盘
1175,10:34:25,5.41,0.01,2,1082,买盘
1176,10:34:31,5.4,-0.01,6,3242,卖盘
1177,10:34:40,5.41,0.01,20,10820,买盘
1178,10:34:43,5.41,0.0,133,71947,买盘
1179,10:34:46,5.42,0.01,54,29218,买盘
1180,10:34:51,5.42,0.0,37,20018,买盘
1181,10:34:57,5.41,-0.01,28,15149,卖盘
1182,10:35:00,5.42,0.01,1,542,买盘
1183,10:35:06,5.42,0.0,50,27100,买盘
1184,10:35:10,5.42,0.0,8,4336,买盘
1185,10:35:13,5.42,0.0,5,2710,买盘
1186,10:35:16,5.41,-0.01,50,27050,卖盘
1187,10:35:19,5.41,0.0,22,11904,卖盘
1188,10:35:21,5.41,0.0,61,33001,卖盘
1189,10:35:25,5.42,0.01,38,20567,买盘
1190,10:35:28,5.41,-0.01,1,541,中性盘
1191,10:35:34,5.4,-0.01,6,3240,卖盘
1192,10:35:37,5.41,0.01,54,29165,买盘
1193,10:35:39,5.41,0.0,12,6492,卖盘
1194,10:35:45,5.41,0.0,25,13525,卖盘
1195,10:35:48,5.42,0.01,1,542,买盘
1196,10:35:51,5.4,-0.02,59,31905,卖盘
1197,10:35:55,5.4,0.0,8,4322,卖盘
1198,10:35:58,5.41,0.01,39,21099,买盘
1199,10:36:01,5.41,0.0,1,541,买盘
1200,10:36:04,5.41,0.0,15,8115,买盘
1201,10:36:06,5.41,0.0,1,541,买盘
1202,10:36:13,5.4,-0.01,55,29734,卖盘
1203,10:36:16,5.4,0.0,112,60482,卖盘
1204,10:36:19,5.41,0.01,1,541,买盘
1205,10:36:21,5.4,-0.01,11,5950,卖盘
1206,10:36:28,5.4,0.0,10,5400,卖盘
1207,10:36:31,5.41,0.01,100,54100,买盘
1208,10:36:34,5.4,-0.01,220,118800,卖盘
1209,10:36:37,5.4,0.0,20,10800,卖盘
1210,10:36:40,5.4,0.0,85,45900,卖盘
1211,10:36:42,5.4,0.0,10,5400,卖盘
1212,10:36:45,5.38,-0.02,865,466962,卖盘
1213,10:36:49,5.41,0.03,1,541,买盘
1214,10:36:55,5.4,-0.01,5,2700,卖盘
1215,10:36:58,5.4,0.0,20,10800,卖盘
1216,10:37:00,5.4,0.0,16,8640,买盘
1217,10:37:04,5.4,0.0,103,55620,买盘
1218,10:37:22,5.38,-0.02,50,26960,卖盘
1219,10:37:30,5.38,0.0,134,72092,卖盘
1220,10:37:36,5.38,0.0,5,2690,卖盘
1221,10:37:43,5.4,0.02,56,30220,买盘
1222,10:37:46,5.38,-0.02,8,4304,卖盘
1223,10:37:55,5.38,0.0,36,19368,卖盘
1224,10:37:58,5.4,0.02,2,1080,买盘
1225,10:38:00,5.38,-0.02,114,61332,卖盘
1226,10:38:03,5.38,0.0,15,8070,卖盘
1227,10:38:06,5.38,0.0,20,10760,卖盘
1228,10:38:10,5.38,0.0,12,6456,卖盘
1229,10:38:13,5.38,0.0,27,14526,卖盘
1230,10:38:16,5.39,0.01,8,4312,买盘
1231,10:38:19,5.38,-0.01,53,28514,卖盘
1232,10:38:22,5.39,0.01,20,10780,买盘
1233,10:38:28,5.38,-0.01,2,1076,卖盘
1234,10:38:31,5.38,0.0,2,1076,卖盘
1235,10:38:34,5.38,0.0,83,44654,卖盘
1236,10:38:36,5.39,0.01,28,15080,买盘
1237,10:38:40,5.38,-0.01,66,35508,卖盘
1238,10:38:43,5.38,0.0,16,8608,卖盘
1239,10:38:46,5.38,0.0,170,91460,卖盘
1240,10:38:48,5.39,0.01,12,6468,买盘
1241,10:38:51,5.38,-0.01,613,329353,卖盘
1242,10:38:58,5.38,0.0,28,15064,买盘
1243,10:39:04,5.38,0.0,30,16130,买盘
1244,10:39:10,5.38,0.0,205,110090,买盘
1245,10:39:13,5.37,-0.01,9,4833,卖盘
1246,10:39:15,5.38,0.01,13,6986,买盘
1247,10:39:21,5.37,-0.01,45,24165,卖盘
1248,10:39:25,5.37,0.0,100,53700,卖盘
1249,10:39:28,5.37,0.0,22,11814,卖盘
1250,10:39:31,5.37,0.0,20,10740,卖盘
1251,10:39:34,5.37,0.0,47,25239,卖盘
1252,10:39:37,5.38,0.01,397,213234,买盘
1253,10:39:46,5.37,-0.01,48,25776,卖盘
1254,10:39:55,5.37,0.0,17,9129,卖盘
1255,10:39:57,5.37,0.0,2,1074,卖盘
1256,10:40:00,5.37,0.0,10,5370,卖盘
1257,10:40:04,5.37,0.0,23,12369,卖盘
1258,10:40:10,5.37,0.0,40,21480,卖盘
1259,10:40:13,5.37,0.0,3,1611,卖盘
1260,10:40:16,5.37,0.0,16,8592,卖盘
1261,10:40:19,5.37,0.0,200,107400,卖盘
1262,10:40:22,5.37,0.0,10,5370,卖盘
1263,10:40:25,5.37,0.0,34,18262,卖盘
1264,10:40:27,5.38,0.01,124,66648,买盘
1265,10:40:30,5.37,-0.01,14,7518,卖盘
1266,10:40:37,5.37,0.0,10,5370,卖盘
1267,10:40:43,5.37,0.0,95,51015,卖盘
1268,10:40:46,5.37,0.0,16,8592,卖盘
1269,10:40:48,5.37,0.0,53,28461,卖盘
1270,10:40:52,5.38,0.01,24,12889,买盘
1271,10:40:54,5.37,-0.01,60,32220,卖盘
1272,10:40:58,5.38,0.01,164,88232,买盘
1273,10:41:01,5.38,0.0,37,19906,卖盘
1274,10:41:04,5.38,0.0,1,538,卖盘
1275,10:41:13,5.39,0.01,1,539,买盘
1276,10:41:16,5.39,0.0,260,140140,买盘
1277,10:41:22,5.38,-0.01,54,29094,卖盘
1278,10:41:30,5.38,0.0,62,33356,卖盘
1279,10:41:42,5.39,0.01,14,7546,买盘
1280,10:41:45,5.38,-0.01,100,53800,卖盘
1281,10:41:49,5.39,0.01,10,5390,买盘
1282,10:41:55,5.38,-0.01,416,223925,卖盘
1283,10:41:57,5.39,0.01,27,14553,买盘
1284,10:42:04,5.38,-0.01,108,58104,卖盘
1285,10:42:10,5.38,0.0,60,32280,买盘
1286,10:42:13,5.38,0.0,10,5380,买盘
1287,10:42:15,5.39,0.01,200,107671,买盘
1288,10:42:18,5.38,-0.01,15,8084,中性盘
1289,10:42:24,5.38,0.0,2,1076,买盘
1290,10:42:28,5.38,0.0,10,5380,买盘
1291,10:42:31,5.37,-0.01,30,16445,卖盘
1292,10:42:34,5.36,-0.01,411,220344,卖盘
1293,10:42:37,5.37,0.01,6,3222,买盘
1294,10:42:40,5.36,-0.01,13,6968,卖盘
1295,10:42:42,5.36,0.0,25,13400,卖盘
1296,10:42:46,5.36,0.0,20,10730,卖盘
1297,10:42:48,5.36,0.0,460,246560,卖盘
1298,10:42:52,5.35,-0.01,198,105978,卖盘
1299,10:42:55,5.36,0.01,12,6432,买盘
1300,10:43:04,5.36,0.0,4,2144,买盘
1301,10:43:06,5.35,-0.01,5,2675,卖盘
1302,10:43:09,5.35,0.0,40,21400,卖盘
1303,10:43:16,5.35,0.0,10,5350,卖盘
1304,10:43:19,5.35,0.0,175,93635,卖盘
1305,10:43:21,5.35,0.0,489,261615,卖盘
1306,10:43:24,5.34,-0.01,42,22458,卖盘
1307,10:43:27,5.34,0.0,20,10680,卖盘
1308,10:43:31,5.34,0.0,99,52871,卖盘
1309,10:43:33,5.34,0.0,125,66750,买盘
1310,10:43:37,5.33,-0.01,71,38088,卖盘
1311,10:43:39,5.34,0.01,24,12816,买盘
1312,10:43:42,5.33,-0.01,101,53931,卖盘
1313,10:43:45,5.34,0.01,396,211464,买盘
1314,10:43:48,5.34,0.0,35,18696,卖盘
1315,10:43:52,5.34,0.0,503,268604,卖盘
1316,10:43:55,5.34,0.0,252,134573,卖盘
1317,10:43:58,5.34,0.0,16,8544,买盘
1318,10:44:01,5.34,0.0,10,5340,卖盘
1319,10:44:07,5.34,0.0,31,16555,卖盘
1320,10:44:12,5.34,0.0,38,20292,卖盘
1321,10:44:16,5.34,0.0,19,10146,卖盘
1322,10:44:18,5.35,0.01,230,123050,买盘
1323,10:44:21,5.35,0.0,188,100805,买盘
1324,10:44:31,5.35,0.0,20,10700,卖盘
1325,10:44:34,5.36,0.01,38,20343,买盘
1326,10:44:37,5.36,0.0,14,7494,买盘
1327,10:44:40,5.39,0.03,1000,537510,买盘
1328,10:44:46,5.39,0.0,27,14445,买盘
1329,10:44:48,5.36,-0.03,21,11272,卖盘
1330,10:44:51,5.4,0.04,43,23208,买盘
1331,10:44:54,5.4,0.0,34,18360,买盘
1332,10:44:58,5.4,0.0,20,10800,买盘
1333,10:45:04,5.4,0.0,17,9180,买盘
1334,10:45:07,5.37,-0.03,7,3774,卖盘
1335,10:45:09,5.39,0.02,10,5390,买盘
1336,10:45:13,5.39,0.0,27,14553,买盘
1337,10:45:15,5.37,-0.02,100,53700,卖盘
1338,10:45:22,5.37,0.0,2,1074,卖盘
1339,10:45:24,5.37,0.0,19,10203,卖盘
1340,10:45:27,5.39,0.02,35,18865,买盘
1341,10:45:33,5.39,0.0,32,17248,卖盘
1342,10:45:42,5.39,0.0,35,18865,买盘
1343,10:45:45,5.39,0.0,10,5390,买盘
1344,10:45:48,5.38,-0.01,1,538,卖盘
1345,10:45:51,5.37,-0.01,109,58349,卖盘
1346,10:45:55,5.39,0.02,28,15092,买盘
1347,10:45:58,5.37,-0.02,30,16110,卖盘
1348,10:46:10,5.37,0.0,100,53700,卖盘
1349,10:46:12,5.39,0.02,200,107800,买盘
1350,10:46:19,5.4,0.01,1001,540381,买盘
1351,10:46:22,5.37,-0.03,11,5907,卖盘
1352,10:46:27,5.4,0.03,290,156577,买盘
1353,10:46:37,5.4,0.0,210,113400,卖盘
1354,10:46:40,5.39,-0.01,4,2156,中性盘
1355,10:46:46,5.37,-0.02,44,23638,卖盘
1356,10:46:48,5.38,0.01,100,53800,卖盘
1357,10:46:51,5.39,0.01,307,165565,买盘
1358,10:47:04,5.39,0.0,320,172780,卖盘
1359,10:47:07,5.39,0.0,25,13475,卖盘
1360,10:47:12,5.39,0.0,27,14553,卖盘
1361,10:47:15,5.39,0.0,36,19404,卖盘
1362,10:47:25,5.39,0.0,100,53900,卖盘
1363,10:47:33,5.4,0.01,148,80212,买盘
1364,10:47:36,5.39,-0.01,389,209750,卖盘
1365,10:47:49,5.39,0.0,62,33418,卖盘
1366,10:47:52,5.37,-0.02,117,63025,卖盘
1367,10:47:57,5.4,0.03,188,101498,买盘
1368,10:48:04,5.37,-0.03,10,5370,卖盘
1369,10:48:10,5.39,0.02,11,5988,中性盘
1370,10:48:18,5.4,0.01,3,1620,买盘
1371,10:48:21,5.37,-0.03,90,48330,卖盘
1372,10:48:31,5.37,0.0,5,2697,卖盘
1373,10:48:33,5.38,0.01,1,538,中性盘
1374,10:48:52,5.39,0.01,60,32448,买盘
1375,10:48:55,5.39,0.0,118,63602,卖盘
1376,10:49:03,5.39,0.0,17,9163,卖盘
1377,10:49:13,5.39,0.0,115,61877,卖盘
1378,10:49:19,5.39,0.0,20,10780,买盘
1379,10:49:22,5.39,0.0,2,1078,买盘
1380,10:49:25,5.39,0.0,18,9697,买盘
1381,10:49:34,5.39,0.0,18,9702,买盘
1382,10:49:40,5.38,-0.01,17,9146,卖盘
1383,10:49:46,5.39,0.01,10,5390,买盘
1384,10:49:48,5.38,-0.01,10,5380,卖盘
1385,10:49:58,5.39,0.01,81,43767,买盘
1386,10:50:04,5.39,0.0,10,5390,卖盘
1387,10:50:06,5.39,0.0,80,43012,卖盘
1388,10:50:25,5.39,0.0,10,5390,买盘
1389,10:50:36,5.38,-0.01,10,5380,卖盘
1390,10:50:46,5.39,0.01,7,3773,买盘
1391,10:50:48,5.38,-0.01,41,22058,卖盘
1392,10:50:58,5.38,0.0,30,16160,卖盘
1393,10:51:07,5.39,0.01,156,84084,买盘
1394,10:51:09,5.39,0.0,1,539,买盘
1395,10:51:12,5.39,0.0,231,124449,买盘
1396,10:51:19,5.38,-0.01,1,538,卖盘
1397,10:51:25,5.38,0.0,17,9146,卖盘
1398,10:51:34,5.39,0.01,39,21021,买盘
1399,10:51:42,5.39,0.0,1,539,买盘
1400,10:51:52,5.38,-0.01,77,41426,卖盘
1401,10:51:55,5.38,0.0,49,26362,卖盘
1402,10:51:58,5.39,0.01,182,98098,买盘
1403,10:52:06,5.39,0.0,39,21021,买盘
1404,10:52:13,5.39,0.0,1,539,买盘
1405,10:52:18,5.38,-0.01,50,26900,卖盘
1406,10:52:21,5.39,0.01,30,16170,买盘
1407,10:52:24,5.4,0.01,115,62046,买盘
1408,10:52:34,5.4,0.0,3,1620,买盘
1409,10:52:37,5.4,0.0,3,1620,买盘
1410,10:52:40,5.39,-0.01,78,42042,卖盘
1411,10:52:43,5.39,0.0,14,7546,买盘
1412,10:52:45,5.4,0.01,101,54407,买盘
1413,10:53:00,5.39,-0.01,29,15631,卖盘
1414,10:53:06,5.39,0.0,20,10780,买盘
1415,10:53:13,5.39,0.0,48,25872,买盘
1416,10:53:15,5.39,0.0,4,2156,卖盘
1417,10:53:19,5.39,0.0,5,2695,卖盘
1418,10:53:21,5.39,0.0,44,23716,卖盘
1419,10:53:28,5.4,0.01,800,431969,买盘
1420,10:53:33,5.4,0.0,20,10800,买盘
1421,10:53:40,5.4,0.0,321,173200,买盘
1422,10:53:48,5.4,0.0,314,169560,卖盘
1423,10:53:51,5.4,0.0,30,16200,卖盘
1424,10:53:55,5.4,0.0,101,54540,卖盘
1425,10:54:00,5.4,0.0,50,27140,卖盘
1426,10:54:06,5.4,0.0,320,172800,买盘
1427,10:54:09,5.4,0.0,2,1080,买盘
1428,10:54:25,5.39,-0.01,30,16170,卖盘
1429,10:54:27,5.38,-0.01,2,1076,卖盘
1430,10:54:36,5.39,0.01,15,8085,买盘
1431,10:54:39,5.39,0.0,10,5390,买盘
1432,10:54:42,5.39,0.0,1,539,买盘
1433,10:54:45,5.39,0.0,1,539,买盘
1434,10:54:48,5.39,0.0,1,539,买盘
1435,10:54:51,5.39,0.0,4,2156,买盘
1436,10:54:54,5.39,0.0,15,8085,卖盘
1437,10:55:01,5.39,0.0,6,3234,买盘
1438,10:55:04,5.39,0.0,39,21021,卖盘
1439,10:55:06,5.39,0.0,5,2695,卖盘
1440,10:55:12,5.39,0.0,23,12419,卖盘
1441,10:55:15,5.39,0.0,2,1078,卖盘
1442,10:55:24,5.39,0.0,10,5390,卖盘
1443,10:55:31,5.39,0.0,7,3773,卖盘
1444,10:55:40,5.39,0.0,19,10241,卖盘
1445,10:55:46,5.39,0.0,10,5390,卖盘
1446,10:55:49,5.4,0.01,54,29140,买盘
1447,10:55:51,5.39,-0.01,132,71148,卖盘
1448,10:55:57,5.39,0.0,2,1078,卖盘
1449,10:56:09,5.39,0.0,20,10780,卖盘
1450,10:56:12,5.39,0.0,1,539,卖盘
1451,10:56:18,5.38,-0.01,20,10760,卖盘
1452,10:56:21,5.39,0.01,10,5390,买盘
1453,10:56:24,5.38,-0.01,2,1076,卖盘
1454,10:56:27,5.39,0.01,32,17218,买盘
1455,10:56:37,5.39,0.0,1,539,买盘
1456,10:56:40,5.39,0.0,1,539,买盘
1457,10:56:43,5.38,-0.01,4,2153,卖盘
1458,10:56:46,5.39,0.01,14,7535,买盘
1459,10:56:48,5.39,0.0,3,1617,买盘
1460,10:56:57,5.39,0.0,3,1617,买盘
1461,10:57:00,5.39,0.0,60,32340,买盘
1462,10:57:03,5.39,0.0,11,5929,买盘
1463,10:57:07,5.39,0.0,14,7546,买盘
1464,10:57:10,5.39,0.0,9,4851,买盘
1465,10:57:13,5.39,0.0,11,5929,买盘
1466,10:57:15,5.39,0.0,12,6468,买盘
1467,10:57:19,5.38,-0.01,57,30679,卖盘
1468,10:57:22,5.39,0.01,15,8085,买盘
1469,10:57:24,5.39,0.0,51,27448,买盘
1470,10:57:28,5.39,0.0,5,2695,买盘
1471,10:57:30,5.39,0.0,6,3234,买盘
1472,10:57:33,5.39,0.0,16,8613,买盘
1473,10:57:36,5.39,0.0,3,1617,买盘
1474,10:57:39,5.39,0.0,7,3773,买盘
1475,10:57:43,5.38,-0.01,8,4311,卖盘
1476,10:57:46,5.39,0.01,2,1078,买盘
1477,10:57:49,5.39,0.0,2,1078,买盘
1478,10:57:51,5.39,0.0,3,1617,买盘
1479,10:57:54,5.39,0.0,5,2695,买盘
1480,10:57:57,5.39,0.0,8,4312,买盘
1481,10:58:00,5.38,-0.01,79,42571,卖盘
1482,10:58:04,5.39,0.01,8,4312,买盘
1483,10:58:06,5.38,-0.01,31,16678,卖盘
1484,10:58:19,5.38,0.0,74,39822,卖盘
1485,10:58:22,5.38,0.0,4,2152,卖盘
1486,10:58:25,5.39,0.01,807,435074,买盘
1487,10:58:34,5.39,0.0,83,44737,卖盘
1488,10:58:36,5.39,0.0,47,25340,卖盘
1489,10:58:42,5.39,0.0,20,10780,卖盘
1490,10:58:48,5.39,0.0,1,539,卖盘
1491,10:58:51,5.39,0.0,20,10780,卖盘
1492,10:58:58,5.39,0.0,502,271078,卖盘
1493,10:59:01,5.4,0.01,5,2700,买盘
1494,10:59:04,5.4,0.0,10,5400,买盘
1495,10:59:07,5.39,-0.01,1,539,卖盘
1496,10:59:12,5.4,0.01,102,55080,买盘
1497,10:59:16,5.4,0.0,6,3240,买盘
1498,10:59:24,5.4,0.0,367,198040,买盘
1499,10:59:34,5.4,0.0,1,540,卖盘
1500,10:59:37,5.4,0.0,103,55713,卖盘
1501,10:59:40,5.41,0.01,3,1623,买盘
1502,10:59:42,5.4,-0.01,85,45900,卖盘
1503,10:59:45,5.41,0.01,24,12984,买盘
1504,10:59:48,5.41,0.0,843,456063,买盘
1505,10:59:51,5.41,0.0,21,11361,卖盘
1506,10:59:55,5.41,0.0,1,541,卖盘
1507,10:59:57,5.42,0.01,50,27100,买盘
1508,11:00:00,5.41,-0.01,15,8115,卖盘
1509,11:00:07,5.42,0.01,8,4336,买盘
1510,11:00:22,5.42,0.0,434,235221,买盘
1511,11:00:30,5.42,0.0,71,38482,买盘
1512,11:00:34,5.42,0.0,61,33062,买盘
1513,11:00:36,5.41,-0.01,10,5410,卖盘
1514,11:00:45,5.41,0.0,95,51415,卖盘
1515,11:00:54,5.41,0.0,20,10820,卖盘
1516,11:00:57,5.41,0.0,5,2705,卖盘
1517,11:01:00,5.41,0.0,100,54100,卖盘
1518,11:01:06,5.41,0.0,15,8115,卖盘
1519,11:01:15,5.41,0.0,45,24345,卖盘
1520,11:01:22,5.41,0.0,2,1082,卖盘
1521,11:01:25,5.42,0.01,5,2710,买盘
1522,11:01:30,5.42,0.0,90,48780,买盘
1523,11:01:37,5.42,0.0,20,10840,买盘
1524,11:01:39,5.42,0.0,47,25474,买盘
1525,11:01:48,5.42,0.0,93,50406,买盘
1526,11:01:58,5.41,-0.01,2,1082,卖盘
1527,11:02:07,5.42,0.01,28,15176,买盘
1528,11:02:10,5.41,-0.01,3,1623,卖盘
1529,11:02:15,5.42,0.01,50,27100,买盘
1530,11:02:28,5.41,-0.01,5,2705,卖盘
1531,11:02:36,5.41,0.0,100,54100,卖盘
1532,11:02:39,5.41,0.0,10,5410,卖盘
1533,11:02:43,5.41,0.0,82,44372,卖盘
1534,11:02:45,5.41,0.0,48,25968,卖盘
1535,11:02:49,5.41,0.0,2,1082,卖盘
1536,11:02:51,5.41,0.0,50,27050,卖盘
1537,11:02:57,5.41,0.0,36,19476,卖盘
1538,11:03:03,5.41,0.0,35,18935,卖盘
1539,11:03:06,5.4,-0.01,2,1080,卖盘
1540,11:03:24,5.4,0.0,2,1080,卖盘
1541,11:03:33,5.41,0.01,62,33542,买盘
1542,11:03:39,5.4,-0.01,2,1080,卖盘
1543,11:03:49,5.4,0.0,122,65936,卖盘
1544,11:03:57,5.41,0.01,108,58428,买盘
1545,11:04:04,5.4,-0.01,5,2700,卖盘
1546,11:04:06,5.4,0.0,69,37260,卖盘
1547,11:04:13,5.4,0.0,40,21600,卖盘
1548,11:04:19,5.4,0.0,90,48600,卖盘
1549,11:04:24,5.4,0.0,3,1620,卖盘
1550,11:04:27,5.41,0.01,107,57887,买盘
1551,11:04:30,5.4,-0.01,9,4860,卖盘
1552,11:04:33,5.4,0.0,270,145800,卖盘
1553,11:04:36,5.41,0.01,88,47880,买盘
1554,11:04:42,5.41,0.0,5,2705,卖盘
1555,11:04:46,5.41,0.0,55,29755,卖盘
1556,11:04:49,5.41,0.0,2,1082,卖盘
1557,11:04:52,5.41,0.0,62,33542,卖盘
1558,11:04:55,5.41,0.0,1,541,卖盘
1559,11:04:58,5.41,0.0,18,9738,卖盘
1560,11:05:01,5.41,0.0,5,2705,卖盘
1561,11:05:07,5.41,0.0,26,14066,卖盘
1562,11:05:09,5.41,0.0,2,1082,卖盘
1563,11:05:16,5.42,0.01,56,30342,买盘
1564,11:05:28,5.42,0.0,3,1626,买盘
1565,11:05:31,5.42,0.0,18,9756,买盘
1566,11:05:34,5.42,0.0,10,5420,买盘
1567,11:05:39,5.41,-0.01,55,29755,卖盘
1568,11:05:42,5.42,0.01,16,8672,买盘
1569,11:05:45,5.42,0.0,10,5420,买盘
1570,11:05:48,5.42,0.0,90,48780,买盘
1571,11:05:54,5.41,-0.01,2,1082,卖盘
1572,11:05:58,5.42,0.01,20,10840,买盘
1573,11:06:00,5.42,0.0,11,5952,买盘
1574,11:06:04,5.42,0.0,5,2706,买盘
1575,11:06:07,5.42,0.0,100,54200,买盘
1576,11:06:10,5.42,0.0,146,79132,买盘
1577,11:06:18,5.42,0.0,51,27641,买盘
1578,11:06:24,5.41,-0.01,12,6492,卖盘
1579,11:06:27,5.42,0.01,9,4878,买盘
1580,11:06:31,5.42,0.0,23,12466,买盘
1581,11:06:37,5.42,0.0,74,40108,买盘
1582,11:06:40,5.42,0.0,247,133818,买盘
1583,11:06:46,5.43,0.01,690,374670,买盘
1584,11:06:49,5.43,0.0,59,32037,买盘
1585,11:06:52,5.43,0.0,39,21177,买盘
1586,11:06:58,5.42,-0.01,100,54200,卖盘
1587,11:07:04,5.42,0.0,47,25474,卖盘
1588,11:07:13,5.43,0.01,633,343719,买盘
1589,11:07:19,5.43,0.0,18,9774,买盘
1590,11:07:22,5.43,0.0,71,38553,买盘
1591,11:07:25,5.42,-0.01,399,216654,卖盘
1592,11:07:28,5.43,0.01,93,50499,买盘
1593,11:07:34,5.44,0.01,270,146616,买盘
1594,11:07:37,5.43,-0.01,1,543,卖盘
1595,11:07:39,5.43,0.0,1,543,卖盘
1596,11:07:45,5.44,0.01,29,15776,买盘
1597,11:07:49,5.44,0.0,60,32640,买盘
1598,11:07:52,5.44,0.0,20,10880,买盘
1599,11:07:55,5.44,0.0,9,4896,买盘
1600,11:07:58,5.44,0.0,4,2176,买盘
1601,11:08:04,5.43,-0.01,48,26108,卖盘
1602,11:08:06,5.43,0.0,3,1629,卖盘
1603,11:08:09,5.43,0.0,98,53214,卖盘
1604,11:08:12,5.44,0.01,24,13056,买盘
1605,11:08:19,5.44,0.0,83,45142,买盘
1606,11:08:25,5.44,0.0,200,108800,买盘
1607,11:08:27,5.44,0.0,14,7616,买盘
1608,11:08:31,5.44,0.0,70,38080,买盘
1609,11:08:33,5.43,-0.01,5,2715,卖盘
1610,11:08:36,5.44,0.01,60,32640,买盘
1611,11:08:40,5.44,0.0,10,5440,买盘
1612,11:08:43,5.44,0.0,225,122400,买盘
1613,11:08:45,5.43,-0.01,49,26607,卖盘
1614,11:08:49,5.44,0.01,209,113650,买盘
1615,11:08:52,5.43,-0.01,7,3801,卖盘
1616,11:08:55,5.44,0.01,35,19040,买盘
1617,11:08:58,5.43,-0.01,60,32580,卖盘
1618,11:09:01,5.44,0.01,210,114240,买盘
1619,11:09:04,5.44,0.0,41,22304,买盘
1620,11:09:06,5.44,0.0,12,6526,买盘
1621,11:09:09,5.44,0.0,30,16320,买盘
1622,11:09:12,5.43,-0.01,1,543,卖盘
1623,11:09:15,5.44,0.01,4,2176,买盘
1624,11:09:18,5.44,0.0,154,83776,买盘
1625,11:09:22,5.43,-0.01,13,7059,卖盘
1626,11:09:25,5.44,0.01,9,4896,买盘
1627,11:09:28,5.43,-0.01,50,27150,卖盘
1628,11:09:34,5.43,0.0,24,13032,卖盘
1629,11:09:37,5.43,0.0,129,70047,卖盘
1630,11:09:40,5.44,0.01,100,54400,买盘
1631,11:09:43,5.43,-0.01,23,12489,卖盘
1632,11:09:48,5.43,0.0,147,79884,卖盘
1633,11:09:51,5.43,0.0,100,54300,卖盘
1634,11:09:58,5.43,0.0,5,2715,卖盘
1635,11:10:00,5.43,0.0,146,79307,卖盘
1636,11:10:04,5.43,0.0,80,43440,卖盘
1637,11:10:06,5.43,0.0,10,5430,卖盘
1638,11:10:09,5.43,0.0,102,55386,卖盘
1639,11:10:12,5.43,0.0,127,68961,卖盘
1640,11:10:15,5.43,0.0,128,69504,卖盘
1641,11:10:18,5.42,-0.01,2,1084,卖盘
1642,11:10:21,5.44,0.02,118,64081,买盘
1643,11:10:34,5.43,-0.01,1,543,买盘
1644,11:10:39,5.42,-0.01,10,5420,卖盘
1645,11:10:48,5.43,0.01,63,34209,买盘
1646,11:10:51,5.42,-0.01,35,18970,卖盘
1647,11:10:57,5.42,0.0,3,1626,卖盘
1648,11:11:00,5.43,0.01,17,9224,买盘
1649,11:11:04,5.42,-0.01,50,27100,卖盘
1650,11:11:06,5.43,0.01,444,241071,买盘
1651,11:11:10,5.43,0.0,63,34209,卖盘
1652,11:11:12,5.43,0.0,40,21720,卖盘
1653,11:11:15,5.43,0.0,6,3258,卖盘
1654,11:11:18,5.44,0.01,216,117264,买盘
1655,11:11:31,5.43,-0.01,22,11946,买盘
1656,11:11:33,5.43,0.0,11,5973,买盘
1657,11:11:42,5.43,0.0,22,11944,买盘
1658,11:11:45,5.43,0.0,11,5973,买盘
1659,11:11:48,5.42,-0.01,86,46675,卖盘
1660,11:11:54,5.42,0.0,20,10840,卖盘
1661,11:11:57,5.43,0.01,422,229146,买盘
1662,11:12:00,5.43,0.0,46,24978,卖盘
1663,11:12:04,5.43,0.0,63,34209,卖盘
1664,11:12:06,5.43,0.0,20,10860,卖盘
1665,11:12:10,5.43,0.0,109,59187,卖盘
1666,11:12:13,5.43,0.0,51,27693,卖盘
1667,11:12:15,5.43,0.0,60,32580,卖盘
1668,11:12:19,5.43,0.0,123,66852,卖盘
1669,11:12:22,5.43,0.0,16,8688,卖盘
1670,11:12:25,5.43,0.0,107,58101,卖盘
1671,11:12:31,5.43,0.0,45,24435,卖盘
1672,11:12:33,5.43,0.0,1,543,卖盘
1673,11:12:36,5.43,0.0,18,9774,卖盘
1674,11:12:49,5.43,0.0,80,43503,卖盘
1675,11:13:00,5.43,0.0,70,38010,卖盘
1676,11:13:04,5.43,0.0,253,137379,卖盘
1677,11:13:09,5.43,0.0,19,10314,买盘
1678,11:13:19,5.43,0.0,63,34209,买盘
1679,11:13:24,5.42,-0.01,217,117614,卖盘
1680,11:13:27,5.42,0.0,56,30407,卖盘
1681,11:13:30,5.43,0.01,10,5430,买盘
1682,11:13:36,5.42,-0.01,44,23891,卖盘
1683,11:13:39,5.42,0.0,5,2710,卖盘
1684,11:13:45,5.42,0.0,12,6504,卖盘
1685,11:13:49,5.42,0.0,390,211443,卖盘
1686,11:13:55,5.42,0.0,110,59620,卖盘
1687,11:13:57,5.43,0.01,12,6514,买盘
1688,11:14:06,5.42,-0.01,11,5962,卖盘
1689,11:14:18,5.43,0.01,66,35835,买盘
1690,11:14:25,5.42,-0.01,10,5420,卖盘
1691,11:14:27,5.43,0.01,13,7059,买盘
1692,11:14:37,5.42,-0.01,2,1084,卖盘
1693,11:14:42,5.42,0.0,10,5420,卖盘
1694,11:14:45,5.42,0.0,2,1084,卖盘
1695,11:14:48,5.42,0.0,131,71065,卖盘
1696,11:14:55,5.42,0.0,41,22222,卖盘
1697,11:14:57,5.42,0.0,196,106232,卖盘
1698,11:15:06,5.43,0.01,6,3253,买盘
1699,11:15:09,5.43,0.0,37,20091,买盘
1700,11:15:12,5.42,-0.01,65,35230,卖盘
1701,11:15:15,5.42,0.0,50,27100,卖盘
1702,11:15:19,5.43,0.01,63,34209,买盘
1703,11:15:22,5.42,-0.01,6,3252,卖盘
1704,11:15:27,5.42,0.0,50,27100,卖盘
1705,11:15:33,5.43,0.01,89,48327,买盘
1706,11:15:36,5.43,0.0,7,3801,买盘
1707,11:15:42,5.42,-0.01,4,2168,卖盘
1708,11:15:48,5.42,0.0,109,59141,卖盘
1709,11:16:00,5.42,0.0,74,40174,卖盘
1710,11:16:12,5.42,0.0,200,108400,卖盘
1711,11:16:22,5.43,0.01,369,200131,买盘
1712,11:16:27,5.42,-0.01,20,10840,卖盘
1713,11:16:31,5.42,0.0,10,5420,卖盘
1714,11:16:33,5.43,0.01,44,23890,买盘
1715,11:16:36,5.43,0.0,6,3258,买盘
1716,11:16:42,5.43,0.0,142,77057,买盘
1717,11:17:00,5.43,0.0,11,5963,买盘
1718,11:17:04,5.43,0.0,426,231318,买盘
1719,11:17:09,5.43,0.0,300,162900,买盘
1720,11:17:12,5.42,-0.01,33,17909,卖盘
1721,11:17:15,5.42,0.0,5,2710,卖盘
1722,11:17:21,5.42,0.0,2,1084,卖盘
1723,11:17:24,5.43,0.01,25,13575,买盘
1724,11:17:34,5.42,-0.01,3,1626,卖盘
1725,11:17:39,5.42,0.0,46,24932,卖盘
1726,11:17:48,5.43,0.01,76,41025,买盘
1727,11:17:52,5.43,0.0,26,14118,卖盘
1728,11:18:04,5.43,0.0,10,5430,卖盘
1729,11:18:07,5.44,0.01,10,5440,买盘
1730,11:18:10,5.44,0.0,90,48960,买盘
1731,11:18:12,5.44,0.0,2,1088,买盘
1732,11:18:16,5.43,-0.01,10,5430,卖盘
1733,11:18:21,5.44,0.01,10,5440,买盘
1734,11:18:28,5.44,0.0,10,5440,买盘
1735,11:18:37,5.44,0.0,7,3808,买盘
1736,11:18:45,5.43,-0.01,3,1629,卖盘
1737,11:18:48,5.44,0.01,11,5983,买盘
1738,11:18:51,5.43,-0.01,7,3806,卖盘
1739,11:18:57,5.44,0.01,20,10880,买盘
1740,11:19:00,5.44,0.0,5,2720,买盘
1741,11:19:07,5.44,0.0,22,11966,买盘
1742,11:19:10,5.44,0.0,207,112606,买盘
1743,11:19:15,5.43,-0.01,10,5430,卖盘
1744,11:19:25,5.43,0.0,28,15214,卖盘
1745,11:19:27,5.44,0.01,63,34272,买盘
1746,11:19:30,5.44,0.0,6,3264,买盘
1747,11:19:33,5.43,-0.01,30,16290,卖盘
1748,11:19:48,5.43,0.0,15,8145,卖盘
1749,11:19:51,5.43,0.0,23,12489,卖盘
1750,11:19:54,5.44,0.01,55,29920,买盘
1751,11:19:57,5.44,0.0,99,53856,买盘
1752,11:20:21,5.43,-0.01,4,2172,卖盘
1753,11:20:24,5.43,0.0,22,11946,卖盘
1754,11:20:30,5.44,0.01,145,78780,买盘
1755,11:20:43,5.44,0.0,40,21760,买盘
1756,11:20:45,5.43,-0.01,1,543,卖盘
1757,11:20:49,5.43,0.0,3,1629,卖盘
1758,11:20:55,5.44,0.01,338,183872,买盘
1759,11:20:57,5.43,-0.01,50,27150,卖盘
1760,11:21:00,5.44,0.01,20,10880,买盘
1761,11:21:09,5.44,0.0,40,21760,买盘
1762,11:21:15,5.44,0.0,42,22843,买盘
1763,11:21:18,5.43,-0.01,2,1086,卖盘
1764,11:21:24,5.43,0.0,4,2172,卖盘
1765,11:21:27,5.44,0.01,210,114240,买盘
1766,11:21:30,5.44,0.0,51,27744,买盘
1767,11:21:42,5.44,0.0,65,35355,买盘
1768,11:21:46,5.44,0.0,105,57120,买盘
1769,11:21:49,5.43,-0.01,37,20091,卖盘
1770,11:21:55,5.44,0.01,5,2720,买盘
1771,11:22:00,5.44,0.0,30,16320,买盘
1772,11:22:04,5.44,0.0,146,79299,买盘
1773,11:22:06,5.43,-0.01,2,1086,卖盘
1774,11:22:09,5.43,0.0,3,1629,卖盘
1775,11:22:15,5.44,0.01,55,29920,买盘
1776,11:22:21,5.44,0.0,520,282880,买盘
1777,11:22:24,5.43,-0.01,2,1086,卖盘
1778,11:22:27,5.43,0.0,16,8688,卖盘
1779,11:22:36,5.43,0.0,117,63531,卖盘
1780,11:22:39,5.43,0.0,58,31494,卖盘
1781,11:22:45,5.44,0.01,190,103360,买盘
1782,11:22:51,5.43,-0.01,206,111858,卖盘
1783,11:22:57,5.43,0.0,45,24435,卖盘
1784,11:23:00,5.43,0.0,11,5973,卖盘
1785,11:23:03,5.43,0.0,26,14129,卖盘
1786,11:23:06,5.43,0.0,125,67875,卖盘
1787,11:23:09,5.43,0.0,3,1629,卖盘
1788,11:23:13,5.43,0.0,4,2172,卖盘
1789,11:23:15,5.43,0.0,30,16290,卖盘
1790,11:23:18,5.43,0.0,7,3801,卖盘
1791,11:23:21,5.43,0.0,2,1086,卖盘
1792,11:23:33,5.43,0.0,20,10860,卖盘
1793,11:23:43,5.43,0.0,30,16290,卖盘
1794,11:23:46,5.43,0.0,34,18462,卖盘
1795,11:23:48,5.43,0.0,7,3801,卖盘
1796,11:23:58,5.44,0.01,3,1632,买盘
1797,11:24:01,5.44,0.0,331,179734,买盘
1798,11:24:04,5.43,-0.01,10,5430,卖盘
1799,11:24:09,5.43,0.0,4,2172,卖盘
1800,11:24:15,5.43,0.0,17,9231,卖盘
1801,11:24:18,5.43,0.0,9,4887,卖盘
1802,11:24:21,5.43,0.0,20,10860,卖盘
1803,11:24:28,5.43,0.0,10,5430,卖盘
1804,11:24:31,5.43,0.0,89,48327,卖盘
1805,11:24:33,5.43,0.0,61,33123,卖盘
1806,11:24:37,5.43,0.0,44,23892,卖盘
1807,11:24:45,5.43,0.0,11,5973,卖盘
1808,11:24:48,5.43,0.0,93,50499,卖盘
1809,11:24:58,5.43,0.0,87,47241,卖盘
1810,11:25:01,5.43,0.0,29,15747,卖盘
1811,11:25:07,5.43,0.0,73,39639,卖盘
1812,11:25:09,5.43,0.0,2,1319,卖盘
1813,11:25:13,5.43,0.0,1,543,买盘
1814,11:25:15,5.43,0.0,1,543,买盘
1815,11:25:19,5.42,-0.01,5,2711,卖盘
1816,11:25:21,5.43,0.01,32,17372,买盘
1817,11:25:24,5.43,0.0,12,6516,买盘
1818,11:25:27,5.43,0.0,6,3258,买盘
1819,11:25:31,5.43,0.0,42,22806,买盘
1820,11:25:34,5.42,-0.01,44,23872,卖盘
1821,11:25:37,5.43,0.01,20,10860,买盘
1822,11:25:39,5.42,-0.01,72,39069,卖盘
1823,11:25:42,5.42,0.0,135,73196,卖盘
1824,11:25:45,5.42,0.0,25,13569,卖盘
1825,11:25:49,5.43,0.01,21,11403,买盘
1826,11:25:52,5.42,-0.01,246,133378,卖盘
1827,11:25:55,5.43,0.01,514,278808,买盘
1828,11:25:57,5.44,0.01,48,26067,买盘
1829,11:26:00,5.44,0.0,9,4896,买盘
1830,11:26:07,5.43,-0.01,3,1629,卖盘
1831,11:26:10,5.43,0.0,2,1086,卖盘
1832,11:26:12,5.43,0.0,10,5430,卖盘
1833,11:26:21,5.43,0.0,41,22263,卖盘
1834,11:26:27,5.44,0.01,100,54400,买盘
1835,11:26:33,5.43,-0.01,50,27150,卖盘
1836,11:26:36,5.43,0.0,15,8145,卖盘
1837,11:26:40,5.44,0.01,9,4896,买盘
1838,11:26:48,5.44,0.0,69,37536,买盘
1839,11:26:52,5.44,0.0,109,59205,买盘
1840,11:26:55,5.43,-0.01,6,3258,卖盘
1841,11:27:01,5.44,0.01,1001,544544,买盘
1842,11:27:04,5.43,-0.01,13,7065,卖盘
1843,11:27:07,5.43,0.0,5,2715,卖盘
1844,11:27:10,5.44,0.01,2,1088,买盘
1845,11:27:16,5.44,0.0,28,15211,买盘
1846,11:27:19,5.44,0.0,76,41344,买盘
1847,11:27:22,5.43,-0.01,14,7606,卖盘
1848,11:27:31,5.44,0.01,208,113149,买盘
1849,11:27:33,5.44,0.0,1,544,卖盘
1850,11:27:37,5.44,0.0,34,18496,卖盘
1851,11:27:39,5.44,0.0,4,2176,买盘
1852,11:27:43,5.44,0.0,51,27702,买盘
1853,11:27:45,5.44,0.0,10,5440,卖盘
1854,11:27:49,5.44,0.0,100,54400,卖盘
1855,11:27:52,5.44,0.0,6,3264,卖盘
1856,11:28:04,5.44,0.0,4,2176,卖盘
1857,11:28:07,5.44,0.0,2,1088,卖盘
1858,11:28:10,5.45,0.01,1996,1087820,买盘
1859,11:28:16,5.44,-0.01,27,14688,卖盘
1860,11:28:24,5.45,0.01,80,43600,买盘
1861,11:28:27,5.44,-0.01,4,2176,卖盘
1862,11:28:31,5.44,0.0,94,51136,卖盘
1863,11:28:33,5.44,0.0,3,1632,卖盘
1864,11:28:37,5.44,0.0,15,8170,卖盘
1865,11:28:48,5.45,0.01,41,22345,买盘
1866,11:28:52,5.45,0.0,24,13060,买盘
1867,11:28:55,5.45,0.0,11,5995,买盘
1868,11:28:58,5.45,0.0,203,110635,买盘
1869,11:29:00,5.45,0.0,7,3815,买盘
1870,11:29:04,5.45,0.0,300,163500,买盘
1871,11:29:06,5.45,0.0,115,62659,买盘
1872,11:29:09,5.45,0.0,89,48505,买盘
1873,11:29:12,5.45,0.0,64,34880,买盘
1874,11:29:16,5.45,0.0,442,241217,买盘
1875,11:29:19,5.46,0.01,78,42570,买盘
1876,11:29:27,5.46,0.0,40,21840,买盘
1877,11:29:31,5.45,-0.01,10,5450,卖盘
1878,11:29:33,5.45,0.0,12,6540,卖盘
1879,11:29:39,5.46,0.01,28,15283,买盘
1880,11:29:45,5.46,0.0,24,13099,买盘
1881,11:29:48,5.46,0.0,10,5460,买盘
1882,11:29:54,5.46,0.0,40,21840,买盘
1883,11:29:57,5.46,0.0,16,8736,买盘
1884,13:00:00,5.46,0.0,100,54600,买盘
1885,13:00:04,5.45,-0.01,1582,863526,卖盘
1886,13:00:07,5.46,0.01,436,237765,买盘
1887,13:00:10,5.45,-0.01,118,64348,卖盘
1888,13:00:13,5.46,0.01,12,6552,买盘
1889,13:00:24,5.46,0.0,7,3822,买盘
1890,13:00:27,5.45,-0.01,3,1635,卖盘
1891,13:00:31,5.45,0.0,4,2180,卖盘
1892,13:00:33,5.45,0.0,2,1090,卖盘
1893,13:00:37,5.45,0.0,30,16350,卖盘
1894,13:00:39,5.46,0.01,37,20185,买盘
1895,13:00:45,5.45,-0.01,236,128626,卖盘
1896,13:00:52,5.45,0.0,51,27795,卖盘
1897,13:00:54,5.45,0.0,5,2725,卖盘
1898,13:01:04,5.45,0.0,125,68125,卖盘
1899,13:01:07,5.45,0.0,37,20165,卖盘
1900,13:01:10,5.45,0.0,26,14176,卖盘
1901,13:01:13,5.45,0.0,4,2180,卖盘
1902,13:01:16,5.45,0.0,22,12010,卖盘
1903,13:01:19,5.45,0.0,2,1090,卖盘
1904,13:01:22,5.45,0.0,19,10355,卖盘
1905,13:01:27,5.45,0.0,112,61040,卖盘
1906,13:01:30,5.45,0.0,20,10900,卖盘
1907,13:01:34,5.45,0.0,5,2725,卖盘
1908,13:01:40,5.45,0.0,167,91015,卖盘
1909,13:01:43,5.45,0.0,30,16350,卖盘
1910,13:01:46,5.45,0.0,55,29975,卖盘
1911,13:01:49,5.45,0.0,44,23881,卖盘
1912,13:01:58,5.45,0.0,14,7630,买盘
1913,13:02:01,5.44,-0.01,24,13056,卖盘
1914,13:02:07,5.44,0.0,3,1632,卖盘
1915,13:02:10,5.44,0.0,190,103360,卖盘
1916,13:02:16,5.44,0.0,10,5440,卖盘
1917,13:02:21,5.44,0.0,15,8160,卖盘
1918,13:02:27,5.44,0.0,3,1632,卖盘
1919,13:02:31,5.44,0.0,50,27200,卖盘
1920,13:02:37,5.44,0.0,7,3808,卖盘
1921,13:02:39,5.44,0.0,50,27200,卖盘
1922,13:02:45,5.46,0.02,608,331466,买盘
1923,13:02:49,5.44,-0.02,63,34306,卖盘
1924,13:02:55,5.46,0.02,10,5460,买盘
1925,13:03:01,5.45,-0.01,30,16350,卖盘
1926,13:03:12,5.45,0.0,2,1090,卖盘
1927,13:03:16,5.45,0.0,93,50685,卖盘
1928,13:03:18,5.45,0.0,12,6540,卖盘
1929,13:03:22,5.45,0.0,25,13625,卖盘
1930,13:03:24,5.45,0.0,2,1090,卖盘
1931,13:03:27,5.46,0.01,16,8736,买盘
1932,13:03:34,5.45,-0.01,44,23980,卖盘
1933,13:03:42,5.45,0.0,195,106275,卖盘
1934,13:03:46,5.44,-0.01,2,1088,卖盘
1935,13:03:52,5.45,0.01,24,13078,买盘
1936,13:03:55,5.45,0.0,16,8720,买盘
1937,13:03:58,5.46,0.01,1,546,买盘
1938,13:04:01,5.46,0.0,50,27300,买盘
1939,13:04:04,5.45,-0.01,18,9810,卖盘
1940,13:04:07,5.45,0.0,2,1090,卖盘
1941,13:04:09,5.46,0.01,1578,861413,买盘
1942,13:04:12,5.46,0.0,458,250068,卖盘
1943,13:04:16,5.46,0.0,10,5460,卖盘
1944,13:04:19,5.46,0.0,10,5460,卖盘
1945,13:04:21,5.47,0.01,21,11486,买盘
1946,13:04:25,5.46,-0.01,33,18018,卖盘
1947,13:04:27,5.46,0.0,3,1638,卖盘
1948,13:04:31,5.45,-0.01,20,10912,卖盘
1949,13:04:33,5.45,0.0,204,111233,卖盘
1950,13:04:40,5.45,0.0,235,128307,卖盘
1951,13:04:42,5.45,0.0,138,75384,卖盘
1952,13:04:45,5.45,0.0,82,44516,买盘
1953,13:05:01,5.45,0.0,3,1636,卖盘
1954,13:05:03,5.45,0.0,2,1090,卖盘
1955,13:05:06,5.46,0.01,200,109200,买盘
1956,13:05:09,5.46,0.0,110,60058,买盘
1957,13:05:12,5.46,0.0,13,7098,卖盘
1958,13:05:16,5.46,0.0,62,33852,卖盘
1959,13:05:21,5.47,0.01,55,30036,买盘
1960,13:05:27,5.46,-0.01,96,52749,买盘
1961,13:05:34,5.46,0.0,2,1092,卖盘
1962,13:05:37,5.46,0.0,2,1092,卖盘
1963,13:05:57,5.46,0.0,50,27300,卖盘
1964,13:06:00,5.46,0.0,28,15296,卖盘
1965,13:06:04,5.47,0.01,5,2735,买盘
1966,13:06:10,5.47,0.0,10,5470,买盘
1967,13:06:18,5.46,-0.01,3,1638,卖盘
1968,13:06:22,5.46,0.0,11,6006,卖盘
1969,13:06:27,5.47,0.01,70,38290,买盘
1970,13:06:33,5.46,-0.01,50,27300,卖盘
1971,13:06:39,5.47,0.01,359,196270,买盘
1972,13:06:42,5.47,0.0,129,70473,买盘
1973,13:06:45,5.47,0.0,63,34461,买盘
1974,13:06:48,5.47,0.0,5,2735,买盘
1975,13:06:51,5.47,0.0,50,27350,买盘
1976,13:06:54,5.46,-0.01,32,17472,卖盘
1977,13:06:58,5.46,0.0,30,16380,卖盘
1978,13:07:01,5.46,0.0,32,17139,卖盘
1979,13:07:07,5.45,-0.01,2,1090,卖盘
1980,13:07:19,5.45,0.0,40,21800,卖盘
1981,13:07:22,5.45,0.0,26,14186,卖盘
1982,13:07:25,5.46,0.01,12,6552,买盘
1983,13:07:36,5.46,0.0,61,33304,买盘
1984,13:07:45,5.45,-0.01,30,16350,卖盘
1985,13:07:48,5.45,0.0,22,11990,卖盘
1986,13:07:51,5.46,0.01,54,29484,买盘
1987,13:07:57,5.46,0.0,5,2730,买盘
1988,13:08:00,5.46,0.0,19,10364,买盘
1989,13:08:06,5.46,0.0,14,7644,买盘
1990,13:08:12,5.45,-0.01,391,213095,卖盘
1991,13:08:15,5.45,0.0,3,1635,卖盘
1992,13:08:19,5.45,0.0,60,32705,卖盘
1993,13:08:25,5.45,0.0,100,54500,卖盘
1994,13:08:28,5.45,0.0,3,1635,卖盘
1995,13:08:33,5.45,0.0,62,33790,卖盘
1996,13:08:36,5.45,0.0,20,10900,卖盘
1997,13:08:42,5.45,0.0,3,1635,卖盘
1998,13:08:46,5.45,0.0,40,21800,卖盘
1999,13:08:48,5.45,0.0,7,3815,卖盘
2000,13:08:52,5.44,-0.01,398,217086,卖盘
2001,13:09:07,5.44,0.0,104,56579,卖盘
2002,13:09:10,5.45,0.01,365,198741,买盘
2003,13:09:12,5.45,0.0,20,10900,卖盘
2004,13:09:16,5.45,0.0,12,6540,卖盘
2005,13:09:21,5.45,0.0,190,103550,卖盘
2006,13:09:24,5.45,0.0,78,42510,卖盘
2007,13:09:27,5.46,0.01,20,10920,买盘
2008,13:09:31,5.46,0.0,1,546,买盘
2009,13:09:34,5.45,-0.01,3,1635,卖盘
2010,13:09:36,5.45,0.0,2,1090,卖盘
2011,13:09:40,5.45,0.0,8,4360,卖盘
2012,13:09:46,5.45,0.0,12,6540,卖盘
2013,13:09:49,5.45,0.0,201,109545,卖盘
2014,13:09:51,5.45,0.0,3,1635,卖盘
2015,13:09:58,5.45,0.0,52,28340,卖盘
2016,13:10:01,5.45,0.0,2,1090,卖盘
2017,13:10:04,5.45,0.0,100,54500,卖盘
2018,13:10:06,5.45,0.0,79,43237,卖盘
2019,13:10:12,5.44,-0.01,2,1088,卖盘
2020,13:10:19,5.44,0.0,22,11968,卖盘
2021,13:10:22,5.45,0.01,1,545,买盘
2022,13:10:24,5.44,-0.01,64,34851,卖盘
2023,13:10:27,5.44,0.0,211,114784,卖盘
2024,13:10:30,5.44,0.0,59,32107,卖盘
2025,13:10:33,5.45,0.01,14,7630,买盘
2026,13:10:37,5.44,-0.01,79,43006,卖盘
2027,13:10:40,5.44,0.0,35,19040,卖盘
2028,13:10:42,5.44,0.0,3,1632,卖盘
2029,13:10:49,5.44,0.0,20,10880,卖盘
2030,13:10:52,5.44,0.0,33,17952,卖盘
2031,13:10:54,5.44,0.0,20,10880,卖盘
2032,13:11:04,5.44,0.0,266,144804,卖盘
2033,13:11:07,5.44,0.0,30,16332,卖盘
2034,13:11:09,5.44,0.0,1,544,卖盘
2035,13:11:13,5.44,0.0,24,13056,卖盘
2036,13:11:19,5.45,0.01,15,8175,买盘
2037,13:11:27,5.45,0.0,20,10900,买盘
2038,13:11:30,5.44,-0.01,121,65824,卖盘
2039,13:11:37,5.44,0.0,1,544,卖盘
2040,13:11:46,5.44,0.0,9,4896,卖盘
2041,13:11:48,5.44,0.0,8,4352,卖盘
2042,13:12:01,5.45,0.01,71,38695,买盘
2043,13:12:04,5.45,0.0,134,72930,买盘
2044,13:12:07,5.44,-0.01,17,9248,卖盘
2045,13:12:25,5.44,0.0,76,41344,卖盘
2046,13:12:28,5.45,0.01,35,19075,买盘
2047,13:12:37,5.44,-0.01,342,186369,卖盘
2048,13:12:40,5.45,0.01,100,54500,买盘
2049,13:12:45,5.44,-0.01,10,5440,卖盘
2050,13:12:48,5.44,0.0,52,28288,卖盘
2051,13:13:04,5.44,0.0,24,13056,卖盘
2052,13:13:09,5.44,0.0,10,5440,卖盘
2053,13:13:13,5.44,0.0,209,113696,卖盘
2054,13:13:19,5.44,0.0,162,88019,卖盘
2055,13:13:24,5.44,0.0,48,26221,买盘
2056,13:13:34,5.44,0.0,66,35904,卖盘
2057,13:13:39,5.44,0.0,158,85952,卖盘
2058,13:13:43,5.44,0.0,129,70176,卖盘
2059,13:13:46,5.44,0.0,183,99444,卖盘
2060,13:13:49,5.44,0.0,98,53312,买盘
2061,13:13:52,5.44,0.0,10,5440,买盘
2062,13:14:09,5.44,0.0,194,105536,买盘
2063,13:14:15,5.43,-0.01,102,55486,卖盘
2064,13:14:22,5.43,0.0,42,22806,卖盘
2065,13:14:25,5.44,0.01,25,13600,买盘
2066,13:14:31,5.43,-0.01,291,158013,卖盘
2067,13:14:37,5.43,0.0,163,88509,卖盘
2068,13:14:40,5.43,0.0,37,20091,卖盘
2069,13:14:43,5.43,0.0,46,24978,卖盘
2070,13:14:46,5.43,0.0,106,57558,卖盘
2071,13:14:48,5.43,0.0,70,38010,卖盘
2072,13:14:51,5.43,0.0,106,57558,卖盘
2073,13:14:54,5.43,0.0,50,27150,卖盘
2074,13:14:58,5.43,0.0,21,11403,卖盘
2075,13:15:01,5.43,0.0,1,543,卖盘
2076,13:15:04,5.43,0.0,50,27150,卖盘
2077,13:15:10,5.43,0.0,34,18462,卖盘
2078,13:15:18,5.43,0.0,10,5430,卖盘
2079,13:15:25,5.42,-0.01,2,1317,买盘
2080,13:15:28,5.43,0.01,72,38863,买盘
2081,13:15:37,5.43,0.0,14,7835,卖盘
2082,13:15:48,5.43,0.0,5,2715,买盘
2083,13:15:51,5.42,-0.01,76,41192,卖盘
2084,13:16:04,5.42,0.0,10,5420,卖盘
2085,13:16:10,5.42,0.0,30,16260,卖盘
2086,13:16:13,5.42,0.0,16,8672,卖盘
2087,13:16:15,5.42,0.0,16,8672,卖盘
2088,13:16:22,5.42,0.0,46,24932,卖盘
2089,13:16:25,5.42,0.0,10,5420,卖盘
2090,13:16:28,5.42,0.0,33,17886,卖盘
2091,13:16:31,5.42,0.0,70,37940,卖盘
2092,13:16:34,5.42,0.0,5,2710,卖盘
2093,13:16:40,5.42,0.0,40,21680,卖盘
2094,13:16:43,5.42,0.0,34,18428,卖盘
2095,13:16:46,5.42,0.0,249,134958,卖盘
2096,13:16:48,5.42,0.0,1,542,买盘
2097,13:16:51,5.42,0.0,4,2168,买盘
2098,13:16:54,5.42,0.0,24,13008,买盘
2099,13:16:58,5.42,0.0,8,4335,买盘
2100,13:17:01,5.41,-0.01,12,6499,卖盘
2101,13:17:04,5.42,0.01,8,4336,买盘
2102,13:17:07,5.41,-0.01,35,18943,卖盘
2103,13:17:10,5.42,0.01,7,3794,买盘
2104,13:17:12,5.42,0.0,225,121823,买盘
2105,13:17:15,5.41,-0.01,115,62255,卖盘
2106,13:17:21,5.41,0.0,6,3251,卖盘
2107,13:17:24,5.41,0.0,8,4328,卖盘
2108,13:17:31,5.41,0.0,10,5410,卖盘
2109,13:17:34,5.41,0.0,2,1082,卖盘
2110,13:17:37,5.41,0.0,17,9197,卖盘
2111,13:17:43,5.41,0.0,2,1082,卖盘
2112,13:17:49,5.41,0.0,59,31938,卖盘
2113,13:17:52,5.41,0.0,104,56265,卖盘
2114,13:17:55,5.41,0.0,10,5410,卖盘
2115,13:17:57,5.41,0.0,296,160136,卖盘
2116,13:18:01,5.41,0.0,24,12984,卖盘
2117,13:18:10,5.41,0.0,117,63297,卖盘
2118,13:18:12,5.41,0.0,76,41116,卖盘
2119,13:18:15,5.41,0.0,10,5410,卖盘
2120,13:18:19,5.41,0.0,92,49772,卖盘
2121,13:18:22,5.41,0.0,17,9197,买盘
2122,13:18:28,5.4,-0.01,50,27035,卖盘
2123,13:18:31,5.41,0.01,20,10820,中性盘
2124,13:18:34,5.4,-0.01,3,1621,卖盘
2125,13:18:36,5.41,0.01,1,541,买盘
2126,13:18:42,5.41,0.0,1,541,买盘
2127,13:18:46,5.41,0.0,7,3781,买盘
2128,13:18:48,5.41,0.0,4,2164,买盘
2129,13:18:51,5.41,0.0,3,1623,买盘
2130,13:18:54,5.41,0.0,16,8656,买盘
2131,13:18:57,5.4,-0.01,9,4863,卖盘
2132,13:19:01,5.41,0.01,51,27591,买盘
2133,13:19:04,5.41,0.0,30,16228,买盘
2134,13:19:07,5.41,0.0,38,20558,买盘
2135,13:19:09,5.41,0.0,37,20017,买盘
2136,13:19:13,5.41,0.0,33,17853,买盘
2137,13:19:16,5.4,-0.01,104,56254,卖盘
2138,13:19:19,5.4,0.0,30,16221,卖盘
2139,13:19:22,5.41,0.01,157,84937,买盘
2140,13:19:25,5.42,0.01,21,11382,买盘
2141,13:19:28,5.42,0.0,17,9214,买盘
2142,13:19:30,5.42,0.0,71,38472,买盘
2143,13:19:33,5.42,0.0,11,5962,买盘
2144,13:19:36,5.41,-0.01,37,20027,卖盘
2145,13:19:40,5.42,0.01,180,97560,买盘
2146,13:19:43,5.42,0.0,16,8672,卖盘
2147,13:19:45,5.41,-0.01,374,202561,卖盘
2148,13:20:00,5.42,0.01,61,33064,买盘
2149,13:20:12,5.43,0.01,30,16290,买盘
2150,13:20:21,5.42,-0.01,5,2710,卖盘
2151,13:20:25,5.43,0.01,100,54300,买盘
2152,13:20:28,5.43,0.0,105,57010,买盘
2153,13:20:34,5.43,0.0,1,543,买盘
2154,13:20:37,5.43,0.0,10,5430,买盘
2155,13:20:43,5.43,0.0,5,2715,买盘
2156,13:20:46,5.43,0.0,140,76020,买盘
2157,13:20:57,5.43,0.0,119,64818,买盘
2158,13:21:00,5.43,0.0,41,22062,卖盘
2159,13:21:04,5.43,0.0,94,51040,买盘
2160,13:21:07,5.43,0.0,1,543,买盘
2161,13:21:09,5.43,0.0,4,2172,买盘
2162,13:21:12,5.43,0.0,62,33867,买盘
2163,13:21:15,5.43,0.0,19,10317,卖盘
2164,13:21:18,5.43,0.0,300,162900,卖盘
2165,13:21:24,5.44,0.01,527,286253,买盘
2166,13:21:31,5.44,0.0,60,33075,卖盘
2167,13:21:39,5.44,0.0,87,47319,买盘
2168,13:21:42,5.44,0.0,64,34816,买盘
2169,13:21:46,5.44,0.0,17,8813,买盘
2170,13:21:48,5.44,0.0,300,163200,卖盘
2171,13:21:57,5.44,0.0,30,16330,卖盘
2172,13:22:01,5.44,0.0,242,132083,卖盘
2173,13:22:04,5.45,0.01,1200,653943,买盘
2174,13:22:10,5.43,-0.02,4,2172,卖盘
2175,13:22:12,5.45,0.02,170,92220,买盘
2176,13:22:18,5.45,0.0,29,16197,卖盘
2177,13:22:21,5.45,0.0,86,46790,买盘
2178,13:22:24,5.45,0.0,11,5985,买盘
2179,13:22:31,5.45,0.0,74,40330,买盘
2180,13:22:36,5.45,0.0,111,60495,买盘
2181,13:22:39,5.45,0.0,52,28340,买盘
2182,13:22:42,5.45,0.0,109,59390,买盘
2183,13:22:46,5.45,0.0,140,76250,买盘
2184,13:22:57,5.45,0.0,79,43055,买盘
2185,13:23:00,5.44,-0.01,112,60945,卖盘
2186,13:23:04,5.45,0.01,90,49050,买盘
2187,13:23:06,5.45,0.0,16,8720,买盘
2188,13:23:10,5.45,0.0,17,9265,买盘
2189,13:23:13,5.45,0.0,117,63765,买盘
2190,13:23:18,5.44,-0.01,1,544,卖盘
2191,13:23:22,5.44,0.0,80,43520,卖盘
2192,13:23:28,5.44,0.0,66,35904,卖盘
2193,13:23:34,5.44,0.0,50,27200,卖盘
2194,13:23:37,5.44,0.0,74,40087,卖盘
2195,13:23:43,5.44,0.0,59,32096,卖盘
2196,13:23:49,5.44,0.0,45,24480,卖盘
2197,13:23:52,5.44,0.0,46,25024,卖盘
2198,13:23:55,5.44,0.0,4,2176,卖盘
2199,13:23:58,5.44,0.0,10,5440,卖盘
2200,13:24:01,5.44,0.0,3,1801,卖盘
2201,13:24:10,5.44,0.0,51,27703,买盘
2202,13:24:22,5.43,-0.01,45,24437,卖盘
2203,13:24:24,5.43,0.0,37,20093,卖盘
2204,13:24:28,5.44,0.01,1,544,买盘
2205,13:24:31,5.44,0.0,4,2173,买盘
2206,13:24:34,5.43,-0.01,199,108057,卖盘
2207,13:24:40,5.43,0.0,2,1086,卖盘
2208,13:24:43,5.43,0.0,50,27150,卖盘
2209,13:24:46,5.43,0.0,13,7059,卖盘
2210,13:24:51,5.43,0.0,14,7602,卖盘
2211,13:24:54,5.43,0.0,2,1086,卖盘
2212,13:25:21,5.44,0.01,7,3808,买盘
2213,13:25:28,5.43,-0.01,100,54300,卖盘
2214,13:25:34,5.43,0.0,30,16319,卖盘
2215,13:25:40,5.43,0.0,56,30408,卖盘
2216,13:25:57,5.44,0.01,22,11966,买盘
2217,13:26:00,5.44,0.0,53,28781,买盘
2218,13:26:04,5.43,-0.01,200,108600,卖盘
2219,13:26:07,5.43,0.0,20,10860,卖盘
2220,13:26:12,5.43,0.0,1,543,卖盘
2221,13:26:28,5.43,0.0,25,13575,卖盘
2222,13:26:31,5.43,0.0,10,5430,卖盘
2223,13:26:34,5.43,0.0,50,27150,卖盘
2224,13:26:39,5.43,0.0,130,70590,卖盘
2225,13:26:42,5.43,0.0,4,2172,卖盘
2226,13:26:46,5.43,0.0,104,56472,卖盘
2227,13:26:51,5.44,0.01,120,65280,买盘
2228,13:26:54,5.43,-0.01,5,2715,卖盘
2229,13:26:57,5.43,0.0,10,5430,卖盘
2230,13:27:00,5.44,0.01,5,2720,买盘
2231,13:27:04,5.43,-0.01,27,14661,卖盘
2232,13:27:15,5.43,0.0,40,21720,卖盘
2233,13:27:18,5.43,0.0,48,26064,卖盘
2234,13:27:24,5.43,0.0,3,1428,卖盘
2235,13:27:27,5.43,0.0,4,2172,买盘
2236,13:27:31,5.43,0.0,6,3258,买盘
2237,13:27:34,5.43,0.0,13,7059,买盘
2238,13:27:36,5.43,0.0,8,4344,买盘
2239,13:27:40,5.44,0.01,77,41817,买盘
2240,13:27:48,5.43,-0.01,16,8688,买盘
2241,13:27:51,5.43,0.0,56,30408,买盘
2242,13:27:55,5.44,0.01,50,27200,买盘
2243,13:27:58,5.44,0.0,36,19584,买盘
2244,13:28:01,5.44,0.0,202,109888,买盘
2245,13:28:04,5.43,-0.01,178,96631,卖盘
2246,13:28:07,5.44,0.01,90,48960,买盘
2247,13:28:10,5.43,-0.01,33,18044,卖盘
2248,13:28:13,5.44,0.01,43,23261,买盘
2249,13:28:15,5.44,0.0,29,15776,买盘
2250,13:28:19,5.44,0.0,115,62593,买盘
2251,13:28:22,5.44,0.0,5,2720,卖盘
2252,13:28:24,5.45,0.01,12,6538,买盘
2253,13:28:34,5.46,0.01,1800,981828,买盘
2254,13:28:36,5.44,-0.02,48,26204,卖盘
2255,13:28:42,5.46,0.02,14,7644,买盘
2256,13:28:46,5.45,-0.01,86,46950,卖盘
2257,13:28:48,5.45,0.0,35,19075,卖盘
2258,13:28:51,5.45,0.0,24,13100,卖盘
2259,13:28:58,5.45,0.0,20,10900,卖盘
2260,13:29:04,5.46,0.01,158,86268,买盘
2261,13:29:07,5.45,-0.01,5,2725,卖盘
2262,13:29:10,5.46,0.01,71,38630,买盘
2263,13:29:13,5.46,0.0,100,54600,卖盘
2264,13:29:15,5.46,0.0,91,49767,卖盘
2265,13:29:18,5.46,0.0,694,379562,卖盘
2266,13:29:22,5.47,0.01,80,43760,买盘
2267,13:29:24,5.47,0.0,327,179272,买盘
2268,13:29:27,5.47,0.0,20,10940,卖盘
2269,13:29:33,5.47,0.0,445,243855,卖盘
2270,13:29:37,5.48,0.01,32,17524,买盘
2271,13:29:40,5.48,0.0,629,344611,买盘
2272,13:29:42,5.48,0.0,1516,830768,买盘
2273,13:29:45,5.49,0.01,90,49408,买盘
2274,13:29:48,5.49,0.0,14,7686,买盘
2275,13:29:52,5.49,0.0,184,101016,买盘
2276,13:29:54,5.49,0.0,431,236619,买盘
2277,13:29:57,5.5,0.01,1791,983313,买盘
2278,13:30:00,5.5,0.0,50,27500,买盘
2279,13:30:03,5.5,0.0,337,185350,买盘
2280,13:30:07,5.5,0.0,509,279942,买盘
2281,13:30:10,5.5,0.0,896,492800,买盘
2282,13:30:12,5.5,0.0,785,431750,买盘
2283,13:30:15,5.5,0.0,1069,587840,买盘
2284,13:30:19,5.51,0.01,292,160614,买盘
2285,13:30:21,5.51,0.0,60,33050,买盘
2286,13:30:25,5.52,0.01,678,373878,买盘
2287,13:30:27,5.52,0.0,981,542243,买盘
2288,13:30:30,5.53,0.01,152,84153,中性盘
2289,13:30:33,5.55,0.02,167,92554,买盘
2290,13:30:37,5.54,-0.01,2599,1442026,卖盘
2291,13:30:39,5.54,0.0,412,228356,卖盘
2292,13:30:42,5.54,0.0,601,333442,买盘
2293,13:30:46,5.55,0.01,338,187550,买盘
2294,13:30:49,5.55,0.0,175,97075,买盘
2295,13:30:52,5.55,0.0,736,407915,买盘
2296,13:30:55,5.55,0.0,639,354459,卖盘
2297,13:30:58,5.55,0.0,719,398073,买盘
2298,13:31:01,5.56,0.01,979,542838,买盘
2299,13:31:04,5.56,0.0,624,346515,买盘
2300,13:31:07,5.56,0.0,100,55892,卖盘
2301,13:31:09,5.57,0.01,836,464856,买盘
2302,13:31:13,5.56,-0.01,678,377492,卖盘
2303,13:31:16,5.56,0.0,747,415494,买盘
2304,13:31:18,5.55,-0.01,639,355135,卖盘
2305,13:31:22,5.58,0.03,309,171899,买盘
2306,13:31:25,5.57,-0.01,363,201971,买盘
2307,13:31:27,5.57,0.0,732,407870,买盘
2308,13:31:31,5.58,0.01,663,368665,买盘
2309,13:31:33,5.58,0.0,334,185113,买盘
2310,13:31:37,5.57,-0.01,493,274954,卖盘
2311,13:31:39,5.57,0.0,689,383323,买盘
2312,13:31:43,5.58,0.01,229,127450,买盘
2313,13:31:46,5.58,0.0,569,317534,买盘
2314,13:31:49,5.58,0.0,368,205435,卖盘
2315,13:31:52,5.53,-0.05,601,334903,卖盘
2316,13:31:54,5.57,0.04,219,122151,买盘
2317,13:31:58,5.58,0.01,688,381659,买盘
2318,13:32:00,5.58,0.0,135,74897,买盘
2319,13:32:04,5.57,-0.01,122,67954,买盘
2320,13:32:06,5.58,0.01,94,52382,买盘
2321,13:32:09,5.57,-0.01,103,57406,卖盘
2322,13:32:12,5.57,0.0,134,74734,卖盘
2323,13:32:16,5.57,0.0,779,433591,卖盘
2324,13:32:19,5.58,0.01,756,421602,买盘
2325,13:32:22,5.58,0.0,795,443813,买盘
2326,13:32:25,5.58,0.0,105,58590,卖盘
2327,13:32:28,5.57,-0.01,147,81800,卖盘
2328,13:32:30,5.58,0.01,259,144259,买盘
2329,13:32:34,5.58,0.0,62,34554,买盘
2330,13:32:36,5.57,-0.01,57,31765,卖盘
2331,13:32:39,5.56,-0.01,164,91324,卖盘
2332,13:32:42,5.56,0.0,15,8353,卖盘
2333,13:32:45,5.57,0.01,188,104736,买盘
2334,13:32:48,5.57,0.0,84,46740,买盘
2335,13:32:51,5.57,0.0,129,71753,买盘
2336,13:32:55,5.56,-0.01,132,73405,卖盘
2337,13:32:58,5.57,0.01,1315,732450,买盘
2338,13:33:01,5.57,0.0,70,38990,卖盘
2339,13:33:04,5.58,0.01,1390,776025,买盘
2340,13:33:07,5.58,0.0,256,142848,卖盘
2341,13:33:09,5.59,0.01,2999,1675324,买盘
2342,13:33:12,5.6,0.01,901,504637,买盘
2343,13:33:16,5.6,0.0,983,550363,买盘
2344,13:33:18,5.6,0.0,1363,763278,买盘
2345,13:33:21,5.61,0.01,1219,682789,买盘
2346,13:33:25,5.62,0.01,305,170971,买盘
2347,13:33:27,5.62,0.0,143,80346,买盘
2348,13:33:31,5.63,0.01,409,230126,买盘
2349,13:33:33,5.65,0.02,290,163847,买盘
2350,13:33:37,5.65,0.0,200,112998,买盘
2351,13:33:39,5.66,0.01,1487,841136,买盘
2352,13:33:42,5.67,0.01,724,410147,买盘
2353,13:33:46,5.66,-0.01,355,201062,卖盘
2354,13:33:48,5.67,0.01,175,99280,买盘
2355,13:33:51,5.68,0.01,247,140241,买盘
2356,13:33:54,5.68,0.0,1534,871032,买盘
2357,13:33:57,5.69,0.01,478,271782,买盘
2358,13:34:00,5.69,0.0,544,309503,买盘
2359,13:34:03,5.7,0.01,907,517079,买盘
2360,13:34:06,5.71,0.01,393,224248,买盘
2361,13:34:10,5.73,0.02,590,337568,买盘
2362,13:34:13,5.73,0.0,142,81307,买盘
2363,13:34:16,5.72,-0.01,300,171520,卖盘
2364,13:34:19,5.71,-0.01,618,353192,卖盘
2365,13:34:22,5.71,0.0,434,247808,买盘
2366,13:34:25,5.73,0.02,565,322987,买盘
2367,13:34:27,5.72,-0.01,99,56668,中性盘
2368,13:34:31,5.74,0.02,955,546955,买盘
2369,13:34:33,5.74,0.0,307,176044,买盘
2370,13:34:36,5.71,-0.03,375,214591,卖盘
2371,13:34:39,5.73,0.02,52,29811,卖盘
2372,13:34:42,5.72,-0.01,260,149181,卖盘
2373,13:34:45,5.73,0.01,193,110588,中性盘
2374,13:34:49,5.73,0.0,954,546857,买盘
2375,13:34:51,5.72,-0.01,104,59516,卖盘
2376,13:34:54,5.73,0.01,544,311343,买盘
2377,13:34:58,5.73,0.0,345,197671,卖盘
2378,13:35:01,5.71,-0.02,601,344315,卖盘
2379,13:35:04,5.72,0.01,439,251450,买盘
2380,13:35:06,5.71,-0.01,124,70913,卖盘
2381,13:35:09,5.72,0.01,800,456912,买盘
2382,13:35:12,5.71,-0.01,467,267408,卖盘
2383,13:35:15,5.7,-0.01,304,173611,卖盘
2384,13:35:18,5.7,0.0,314,179172,卖盘
2385,13:35:21,5.71,0.01,1174,669766,买盘
2386,13:35:25,5.71,0.0,283,161513,买盘
2387,13:35:28,5.7,-0.01,723,412778,卖盘
2388,13:35:31,5.71,0.01,117,66379,买盘
2389,13:35:34,5.7,-0.01,544,310419,卖盘
2390,13:35:36,5.7,0.0,389,222172,卖盘
2391,13:35:39,5.7,0.0,14,7967,买盘
2392,13:35:42,5.69,-0.01,61,34709,卖盘
2393,13:35:45,5.69,0.0,497,282536,卖盘
2394,13:35:49,5.69,0.0,78,44356,买盘
2395,13:35:51,5.68,-0.01,168,95444,卖盘
2396,13:35:54,5.68,0.0,390,221489,卖盘
2397,13:35:58,5.68,0.0,729,413376,买盘
2398,13:36:01,5.67,-0.01,185,105005,卖盘
2399,13:36:04,5.66,-0.01,233,131927,卖盘
2400,13:36:07,5.67,0.01,3,1701,买盘
2401,13:36:09,5.67,0.0,146,82782,买盘
2402,13:36:12,5.66,-0.01,691,390076,卖盘
2403,13:36:15,5.66,0.0,40,22640,买盘
2404,13:36:18,5.66,0.0,106,59910,买盘
2405,13:36:21,5.66,0.0,89,50289,买盘
2406,13:36:24,5.64,-0.02,148,83561,卖盘
2407,13:36:27,5.66,0.02,426,241019,买盘
2408,13:36:30,5.64,-0.02,256,144384,卖盘
2409,13:36:33,5.64,0.0,150,84684,卖盘
2410,13:36:37,5.64,0.0,673,379388,卖盘
2411,13:36:40,5.64,0.0,1,564,买盘
2412,13:36:43,5.63,-0.01,113,63630,卖盘
2413,13:36:45,5.63,0.0,146,82221,卖盘
2414,13:36:49,5.63,0.0,143,80847,卖盘
2415,13:36:51,5.62,-0.01,165,92802,卖盘
2416,13:36:55,5.63,0.01,22,12386,买盘
2417,13:36:57,5.62,-0.01,227,127592,卖盘
2418,13:37:01,5.62,0.0,171,96142,卖盘
2419,13:37:04,5.62,0.0,692,389118,卖盘
2420,13:37:07,5.63,0.01,242,135877,买盘
2421,13:37:09,5.62,-0.01,163,91606,买盘
2422,13:37:13,5.63,0.01,379,213170,买盘
2423,13:37:16,5.62,-0.01,416,233814,卖盘
2424,13:37:19,5.63,0.01,917,515551,买盘
2425,13:37:22,5.63,0.0,552,310321,买盘
2426,13:37:25,5.64,0.01,382,215704,买盘
2427,13:37:27,5.67,0.03,908,513468,买盘
2428,13:37:31,5.67,0.0,123,69670,买盘
2429,13:37:33,5.68,0.01,750,424957,买盘
2430,13:37:37,5.68,0.0,150,85200,买盘
2431,13:37:40,5.66,-0.02,231,131138,卖盘
2432,13:37:42,5.68,0.02,72,40916,中性盘
2433,13:37:46,5.68,0.0,582,330477,卖盘
2434,13:37:48,5.68,0.0,258,146744,买盘
2435,13:37:51,5.68,0.0,178,101268,买盘
2436,13:37:55,5.68,0.0,568,322607,卖盘
2437,13:37:58,5.68,0.0,69,39192,买盘
2438,13:38:01,5.67,-0.01,76,43153,卖盘
2439,13:38:04,5.67,0.0,117,66438,卖盘
2440,13:38:07,5.66,-0.01,123,69751,卖盘
2441,13:38:09,5.66,0.0,485,274603,卖盘
2442,13:38:12,5.66,0.0,74,41910,卖盘
2443,13:38:15,5.64,-0.02,251,141689,卖盘
2444,13:38:18,5.64,0.0,36,20326,卖盘
2445,13:38:22,5.64,0.0,214,120720,卖盘
2446,13:38:25,5.64,0.0,305,172035,卖盘
2447,13:38:27,5.63,-0.01,136,76681,卖盘
2448,13:38:31,5.64,0.01,303,170692,买盘
2449,13:38:33,5.64,0.0,73,41153,买盘
2450,13:38:37,5.63,-0.01,101,56863,卖盘
2451,13:38:40,5.63,0.0,44,24772,卖盘
2452,13:38:43,5.63,0.0,128,72064,卖盘
2453,13:38:45,5.63,0.0,53,29839,买盘
2454,13:38:49,5.63,0.0,13,7319,卖盘
2455,13:38:52,5.63,0.0,107,60241,卖盘
2456,13:38:54,5.63,0.0,363,204309,卖盘
2457,13:38:57,5.62,-0.01,100,56200,卖盘
2458,13:39:00,5.63,0.01,28,15756,买盘
2459,13:39:04,5.63,0.0,530,298360,买盘
2460,13:39:06,5.63,0.0,199,112001,买盘
2461,13:39:09,5.63,0.0,9,5067,卖盘
2462,13:39:12,5.63,0.0,38,21399,卖盘
2463,13:39:16,5.63,0.0,27,15201,卖盘
2464,13:39:19,5.63,0.0,48,27024,卖盘
2465,13:39:21,5.63,0.0,65,36625,卖盘
2466,13:39:24,5.64,0.01,51,28751,买盘
2467,13:39:27,5.64,0.0,82,46214,买盘
2468,13:39:31,5.63,-0.01,34,19143,卖盘
2469,13:39:34,5.64,0.01,65,36639,买盘
2470,13:39:37,5.63,-0.01,200,112600,卖盘
2471,13:39:40,5.64,0.01,17,9586,买盘
2472,13:39:48,5.63,-0.01,70,39420,卖盘
2473,13:39:51,5.63,0.0,24,13531,卖盘
2474,13:39:54,5.64,0.01,147,82770,买盘
2475,13:39:57,5.64,0.0,290,163328,买盘
2476,13:40:01,5.64,0.0,48,27067,买盘
2477,13:40:04,5.64,0.0,79,44524,买盘
2478,13:40:06,5.63,-0.01,78,43953,卖盘
2479,13:40:09,5.63,0.0,82,46198,卖盘
2480,13:40:12,5.63,0.0,173,97419,卖盘
2481,13:40:16,5.63,0.0,76,42838,卖盘
2482,13:40:19,5.63,0.0,18,10134,卖盘
2483,13:40:22,5.63,0.0,84,47304,卖盘
2484,13:40:25,5.64,0.01,49,27620,买盘
2485,13:40:28,5.63,-0.01,111,62503,卖盘
2486,13:40:30,5.63,0.0,204,114852,卖盘
2487,13:40:33,5.63,0.0,89,50107,卖盘
2488,13:40:36,5.63,0.0,349,196537,卖盘
2489,13:40:39,5.63,0.0,110,61920,卖盘
2490,13:40:43,5.63,0.0,46,25900,卖盘
2491,13:40:45,5.63,0.0,77,43353,卖盘
2492,13:40:49,5.63,0.0,105,59115,卖盘
2493,13:40:52,5.63,0.0,250,140890,卖盘
2494,13:40:54,5.64,0.01,79,44495,买盘
2495,13:40:57,5.62,-0.02,733,412082,卖盘
2496,13:41:00,5.63,0.01,92,51796,买盘
2497,13:41:03,5.64,0.01,50,28155,买盘
2498,13:41:07,5.63,-0.01,39,21967,卖盘
2499,13:41:10,5.63,0.0,400,225152,卖盘
2500,13:41:13,5.63,0.0,36,20248,买盘
2501,13:41:16,5.62,-0.01,45,25295,卖盘
2502,13:41:19,5.63,0.01,84,47272,买盘
2503,13:41:25,5.63,0.0,45,25308,买盘
2504,13:41:27,5.62,-0.01,70,39340,卖盘
2505,13:41:30,5.63,0.01,225,126465,买盘
2506,13:41:34,5.61,-0.02,261,146222,卖盘
2507,13:41:36,5.62,0.01,8,4496,买盘
2508,13:41:39,5.61,-0.01,26,14587,卖盘
2509,13:41:42,5.61,0.0,200,112200,卖盘
2510,13:41:45,5.61,0.0,241,135201,卖盘
2511,13:41:48,5.62,0.01,331,185889,买盘
2512,13:41:51,5.61,-0.01,40,22440,卖盘
2513,13:41:55,5.61,0.0,192,107712,卖盘
2514,13:41:58,5.61,0.0,112,62884,买盘
2515,13:42:01,5.6,-0.01,21,11760,卖盘
2516,13:42:04,5.6,0.0,10,5600,卖盘
2517,13:42:07,5.6,0.0,169,94640,卖盘
2518,13:42:10,5.6,0.0,181,101360,卖盘
2519,13:42:13,5.6,0.0,279,156240,卖盘
2520,13:42:15,5.6,0.0,407,227786,卖盘
2521,13:42:18,5.6,0.0,20,11200,买盘
2522,13:42:25,5.59,-0.01,33,18447,卖盘
2523,13:42:28,5.6,0.01,124,69362,买盘
2524,13:42:33,5.59,-0.01,432,241075,中性盘
2525,13:42:36,5.59,0.0,6,3353,买盘
2526,13:42:39,5.59,0.0,60,33520,买盘
2527,13:42:43,5.59,0.0,11,6147,买盘
2528,13:42:46,5.58,-0.01,309,172422,卖盘
2529,13:42:49,5.58,0.0,36,20110,卖盘
2530,13:42:52,5.58,0.0,57,31806,卖盘
2531,13:42:55,5.58,0.0,148,82584,买盘
2532,13:42:57,5.58,0.0,470,262360,买盘
2533,13:43:01,5.57,-0.01,287,159929,卖盘
2534,13:43:04,5.58,0.01,331,184679,买盘
2535,13:43:06,5.57,-0.01,10,5570,卖盘
2536,13:43:09,5.57,0.0,94,52837,卖盘
2537,13:43:12,5.57,0.0,48,26757,卖盘
2538,13:43:15,5.58,0.01,137,76375,买盘
2539,13:43:18,5.57,-0.01,74,41218,卖盘
2540,13:43:22,5.57,0.0,157,87506,卖盘
2541,13:43:24,5.57,0.0,110,61280,卖盘
2542,13:43:27,5.57,0.0,112,62384,卖盘
2543,13:43:30,5.57,0.0,26,14492,卖盘
2544,13:43:33,5.57,0.0,84,46788,卖盘
2545,13:43:36,5.56,-0.01,523,290591,卖盘
2546,13:43:40,5.56,0.0,19,10564,买盘
2547,13:43:42,5.56,0.0,45,25426,买盘
2548,13:43:45,5.56,0.0,20,11120,卖盘
2549,13:43:48,5.56,0.0,22,12232,卖盘
2550,13:43:51,5.57,0.01,299,166417,买盘
2551,13:43:54,5.56,-0.01,116,64496,卖盘
2552,13:43:58,5.56,0.0,197,109562,卖盘
2553,13:44:01,5.56,0.0,333,184744,卖盘
2554,13:44:04,5.56,0.0,167,93260,买盘
2555,13:44:07,5.56,0.0,86,47424,卖盘
2556,13:44:10,5.56,0.0,82,45998,买盘
2557,13:44:12,5.56,0.0,10,5560,卖盘
2558,13:44:16,5.56,0.0,83,46196,卖盘
2559,13:44:18,5.57,0.01,142,79072,买盘
2560,13:44:21,5.56,-0.01,18,10008,卖盘
2561,13:44:24,5.56,0.0,306,170396,卖盘
2562,13:44:27,5.56,0.0,400,222495,卖盘
2563,13:44:30,5.57,0.01,36,20032,买盘
2564,13:44:34,5.56,-0.01,165,91812,卖盘
2565,13:44:36,5.56,0.0,81,45100,卖盘
2566,13:44:39,5.57,0.01,31,16978,买盘
2567,13:44:42,5.57,0.0,130,72410,卖盘
2568,13:44:46,5.57,0.0,20,11140,卖盘
2569,13:44:49,5.57,0.0,62,34563,卖盘
2570,13:44:52,5.58,0.01,21,11717,买盘
2571,13:44:54,5.58,0.0,409,228211,买盘
2572,13:44:58,5.58,0.0,225,125065,买盘
2573,13:45:04,5.58,0.0,18,10061,卖盘
2574,13:45:06,5.59,0.01,20,11180,买盘
2575,13:45:09,5.59,0.0,194,108353,买盘
2576,13:45:12,5.59,0.0,160,89490,卖盘
2577,13:45:16,5.59,0.0,136,76024,买盘
2578,13:45:18,5.59,0.0,134,74806,买盘
2579,13:45:21,5.59,0.0,123,68852,卖盘
2580,13:45:25,5.6,0.01,55,30797,买盘
2581,13:45:28,5.59,-0.01,54,30206,卖盘
2582,13:45:30,5.59,0.0,53,29627,卖盘
2583,13:45:34,5.59,0.0,39,21832,卖盘
2584,13:45:36,5.6,0.01,136,76066,买盘
2585,13:45:40,5.59,-0.01,448,250782,卖盘
2586,13:45:42,5.6,0.01,32,17892,买盘
2587,13:45:46,5.6,0.0,752,421064,买盘
2588,13:45:49,5.6,0.0,67,37520,买盘
2589,13:45:52,5.61,0.01,56,31398,买盘
2590,13:45:55,5.6,-0.01,147,82320,卖盘
2591,13:45:58,5.59,-0.01,104,58216,卖盘
2592,13:46:00,5.6,0.01,358,200480,买盘
2593,13:46:04,5.6,0.0,19,10640,买盘
2594,13:46:07,5.6,0.0,67,37520,买盘
2595,13:46:09,5.6,0.0,63,35280,买盘
2596,13:46:13,5.59,-0.01,105,58968,卖盘
2597,13:46:16,5.61,0.02,111,62163,买盘
2598,13:46:19,5.6,-0.01,2,1120,卖盘
2599,13:46:22,5.6,0.0,207,115920,卖盘
2600,13:46:25,5.6,0.0,43,24083,卖盘
2601,13:46:28,5.6,0.0,20,11201,卖盘
2602,13:46:31,5.61,0.01,351,196876,买盘
2603,13:46:34,5.61,0.0,14,7854,买盘
2604,13:46:36,5.6,-0.01,284,159070,卖盘
2605,13:46:39,5.61,0.01,304,170544,买盘
2606,13:46:43,5.61,0.0,43,24103,买盘
2607,13:46:46,5.61,0.0,468,262569,买盘
2608,13:46:49,5.61,0.0,113,63393,卖盘
2609,13:46:51,5.61,0.0,208,116688,卖盘
2610,13:46:54,5.61,0.0,13,7293,卖盘
2611,13:46:58,5.62,0.01,408,229286,买盘
2612,13:47:00,5.61,-0.01,3,1683,卖盘
2613,13:47:07,5.62,0.01,226,126916,买盘
2614,13:47:10,5.62,0.0,419,235359,买盘
2615,13:47:13,5.62,0.0,47,26414,买盘
2616,13:47:16,5.62,0.0,100,56200,买盘
2617,13:47:19,5.62,0.0,43,24156,买盘
2618,13:47:21,5.62,0.0,81,45512,买盘
2619,13:47:24,5.61,-0.01,5,2805,卖盘
2620,13:47:27,5.62,0.01,165,92720,买盘
2621,13:47:30,5.61,-0.01,133,74691,卖盘
2622,13:47:33,5.61,0.0,47,26390,卖盘
2623,13:47:37,5.62,0.01,29,16298,买盘
2624,13:47:40,5.61,-0.01,7,3929,卖盘
2625,13:47:43,5.61,0.0,159,89200,卖盘
2626,13:47:45,5.61,0.0,5,2805,卖盘
2627,13:47:49,5.62,0.01,511,286971,买盘
2628,13:47:52,5.61,-0.01,957,537034,卖盘
2629,13:47:54,5.61,0.0,159,89199,卖盘
2630,13:47:58,5.61,0.0,59,33097,买盘
2631,13:48:01,5.61,0.0,23,12903,买盘
2632,13:48:07,5.6,-0.01,6,3363,卖盘
2633,13:48:10,5.61,0.01,19,10659,买盘
2634,13:48:13,5.61,0.0,10,5610,买盘
2635,13:48:16,5.61,0.0,373,209249,买盘
2636,13:48:19,5.6,-0.01,78,43700,卖盘
2637,13:48:22,5.6,0.0,4,2240,卖盘
2638,13:48:24,5.61,0.01,50,28050,买盘
2639,13:48:28,5.6,-0.01,31,17361,卖盘
2640,13:48:33,5.6,0.0,38,21300,卖盘
2641,13:48:36,5.61,0.01,126,70593,买盘
2642,13:48:39,5.6,-0.01,15,8400,卖盘
2643,13:48:42,5.6,0.0,10,5600,卖盘
2644,13:48:45,5.6,0.0,73,40880,卖盘
2645,13:48:48,5.6,0.0,229,128459,卖盘
2646,13:48:51,5.6,0.0,34,19040,卖盘
2647,13:48:54,5.6,0.0,970,543200,卖盘
2648,13:48:57,5.6,0.0,235,131600,卖盘
2649,13:49:00,5.6,0.0,183,102480,卖盘
2650,13:49:04,5.6,0.0,139,77840,卖盘
2651,13:49:06,5.6,0.0,29,16240,买盘
2652,13:49:09,5.59,-0.01,4,2238,卖盘
2653,13:49:16,5.6,0.01,11,6155,买盘
2654,13:49:18,5.59,-0.01,6,3354,卖盘
2655,13:49:22,5.59,0.0,22,12302,卖盘
2656,13:49:25,5.6,0.01,30,16780,买盘
2657,13:49:28,5.59,-0.01,20,11180,卖盘
2658,13:49:30,5.6,0.01,102,57045,买盘
2659,13:49:34,5.59,-0.01,10,5590,卖盘
2660,13:49:36,5.59,0.0,180,100650,卖盘
2661,13:49:39,5.59,0.0,20,11180,卖盘
2662,13:49:42,5.59,0.0,34,19006,卖盘
2663,13:49:45,5.59,0.0,1,559,卖盘
2664,13:49:48,5.6,0.01,730,408170,买盘
2665,13:49:51,5.59,-0.01,93,51825,卖盘
2666,13:49:54,5.59,0.0,9,5031,买盘
2667,13:49:57,5.59,0.0,78,43602,买盘
2668,13:50:01,5.59,0.0,70,39090,买盘
2669,13:50:04,5.59,0.0,220,122945,买盘
2670,13:50:06,5.59,0.0,55,30730,买盘
2671,13:50:09,5.59,0.0,36,20124,买盘
2672,13:50:13,5.59,0.0,50,27950,买盘
2673,13:50:16,5.59,0.0,712,398058,买盘
2674,13:50:19,5.59,0.0,20,11180,卖盘
2675,13:50:22,5.6,0.01,112,62708,买盘
2676,13:50:27,5.6,0.0,873,488014,买盘
2677,13:50:31,5.59,-0.01,78,43552,买盘
2678,13:50:34,5.59,0.0,102,57018,买盘
2679,13:50:37,5.6,0.01,481,269202,买盘
2680,13:50:40,5.59,-0.01,503,281677,中性盘
2681,13:50:43,5.6,0.01,910,508470,买盘
2682,13:50:46,5.58,-0.02,10,5582,卖盘
2683,13:50:48,5.6,0.02,90,50399,买盘
2684,13:50:51,5.59,-0.01,48,26832,中性盘
2685,13:50:54,5.59,0.0,100,55900,卖盘
2686,13:50:58,5.6,0.01,292,163520,买盘
2687,13:51:00,5.59,-0.01,432,241838,卖盘
2688,13:51:04,5.61,0.02,264,147858,买盘
2689,13:51:06,5.6,-0.01,71,39699,中性盘
2690,13:51:09,5.61,0.01,302,169422,买盘
2691,13:51:12,5.6,-0.01,2,1120,卖盘
2692,13:51:15,5.6,0.0,30,16821,卖盘
2693,13:51:21,5.6,0.0,11,6169,卖盘
2694,13:51:24,5.6,0.0,92,51593,卖盘
2695,13:51:27,5.61,0.01,5,2805,买盘
2696,13:51:30,5.6,-0.01,5,2800,卖盘
2697,13:51:34,5.6,0.0,175,98115,卖盘
2698,13:51:37,5.6,0.0,104,58700,卖盘
2699,13:51:40,5.6,0.0,50,28000,卖盘
2700,13:51:43,5.6,0.0,292,163624,卖盘
2701,13:51:46,5.61,0.01,94,52717,买盘
2702,13:51:48,5.6,-0.01,6,3360,卖盘
2703,13:51:51,5.61,0.01,87,48802,买盘
2704,13:51:54,5.61,0.0,310,173900,买盘
2705,13:51:57,5.61,0.0,69,38709,买盘
2706,13:52:00,5.6,-0.01,76,42562,卖盘
2707,13:52:04,5.61,0.01,113,63393,买盘
2708,13:52:06,5.6,-0.01,31,17361,卖盘
2709,13:52:09,5.6,0.0,176,98716,卖盘
2710,13:52:12,5.61,0.01,97,54142,买盘
2711,13:52:15,5.61,0.0,103,57783,卖盘
2712,13:52:22,5.61,0.0,141,79101,卖盘
2713,13:52:28,5.61,0.0,24,13464,卖盘
2714,13:52:30,5.62,0.01,45,25290,买盘
2715,13:52:33,5.61,-0.01,46,25823,卖盘
2716,13:52:36,5.62,0.01,51,28662,买盘
2717,13:52:40,5.61,-0.01,37,20766,卖盘
2718,13:52:42,5.62,0.01,1063,597406,买盘
2719,13:52:46,5.62,0.0,50,28100,卖盘
2720,13:52:49,5.63,0.01,85,47798,买盘
2721,13:52:51,5.63,0.0,55,30965,买盘
2722,13:52:54,5.63,0.0,560,315353,买盘
2723,13:52:58,5.64,0.01,108,60904,买盘
2724,13:53:01,5.64,0.0,253,142492,买盘
2725,13:53:04,5.64,0.0,222,125208,买盘
2726,13:53:07,5.64,0.0,399,225245,买盘
2727,13:53:09,5.64,0.0,58,32717,卖盘
2728,13:53:12,5.65,0.01,1161,655942,买盘
2729,13:53:15,5.65,0.0,235,132769,买盘
2730,13:53:18,5.64,-0.01,334,188486,卖盘
2731,13:53:21,5.65,0.01,97,54579,买盘
2732,13:53:24,5.65,0.0,76,42950,卖盘
2733,13:53:27,5.66,0.01,355,200929,买盘
2734,13:53:30,5.66,0.0,7,3962,卖盘
2735,13:53:33,5.67,0.01,53,30051,买盘
2736,13:53:36,5.66,-0.01,94,53211,卖盘
2737,13:53:39,5.66,0.0,196,111061,卖盘
2738,13:53:42,5.67,0.01,1,567,买盘
2739,13:53:45,5.66,-0.01,59,33452,卖盘
2740,13:53:48,5.67,0.01,125,70864,买盘
2741,13:53:51,5.67,0.0,70,39670,买盘
2742,13:53:54,5.67,0.0,145,82205,买盘
2743,13:53:57,5.68,0.01,46,26105,买盘
2744,13:54:00,5.67,-0.01,36,20412,卖盘
2745,13:54:04,5.66,-0.01,114,64618,卖盘
2746,13:54:07,5.68,0.02,373,211718,买盘
2747,13:54:10,5.67,-0.01,9,5104,卖盘
2748,13:54:13,5.66,-0.01,65,36825,卖盘
2749,13:54:16,5.67,0.01,8,4536,买盘
2750,13:54:18,5.67,0.0,24,13608,买盘
2751,13:54:21,5.66,-0.01,114,64562,卖盘
2752,13:54:24,5.66,0.0,116,65670,卖盘
2753,13:54:31,5.64,-0.02,281,158983,卖盘
2754,13:54:34,5.65,0.01,52,29330,买盘
2755,13:54:37,5.65,0.0,86,48586,买盘
2756,13:54:39,5.65,0.0,10,5650,买盘
2757,13:54:43,5.64,-0.01,20,11280,卖盘
2758,13:54:46,5.64,0.0,65,36682,卖盘
2759,13:54:48,5.64,0.0,20,11295,卖盘
2760,13:54:51,5.65,0.01,126,71119,买盘
2761,13:54:55,5.64,-0.01,115,64887,卖盘
2762,13:54:57,5.65,0.01,165,93121,买盘
2763,13:55:00,5.65,0.0,1176,664162,买盘
2764,13:55:04,5.64,-0.01,324,182505,卖盘
2765,13:55:06,5.64,0.0,72,40608,卖盘
2766,13:55:09,5.64,0.0,603,340611,卖盘
2767,13:55:12,5.65,0.01,201,113896,买盘
2768,13:55:15,5.65,0.0,40,22600,卖盘
2769,13:55:18,5.65,0.0,211,118876,卖盘
2770,13:55:21,5.64,-0.01,9,5076,卖盘
2771,13:55:24,5.64,0.0,16,9024,卖盘
2772,13:55:27,5.64,0.0,20,11280,卖盘
2773,13:55:31,5.64,0.0,17,9588,卖盘
2774,13:55:33,5.64,0.0,179,100959,卖盘
2775,13:55:36,5.65,0.01,26,14689,买盘
2776,13:55:39,5.64,-0.01,44,24816,卖盘
2777,13:55:46,5.64,0.0,100,56400,卖盘
2778,13:55:49,5.65,0.01,63,35535,买盘
2779,13:55:52,5.64,-0.01,47,26508,卖盘
2780,13:55:54,5.64,0.0,70,39480,卖盘
2781,13:55:57,5.64,0.0,26,14901,卖盘
2782,13:56:01,5.64,0.0,84,47376,买盘
2783,13:56:07,5.63,-0.01,30,16890,卖盘
2784,13:56:10,5.63,0.0,139,78393,卖盘
2785,13:56:12,5.63,0.0,105,59208,卖盘
2786,13:56:15,5.63,0.0,157,88420,卖盘
2787,13:56:19,5.64,0.01,8,4512,买盘
2788,13:56:22,5.64,0.0,50,28200,买盘
2789,13:56:24,5.63,-0.01,125,70240,卖盘
2790,13:56:33,5.63,0.0,5,2815,卖盘
2791,13:56:36,5.64,0.01,124,69926,买盘
2792,13:56:39,5.63,-0.01,44,24772,卖盘
2793,13:56:42,5.63,0.0,20,11260,卖盘
2794,13:56:46,5.63,0.0,10,5630,卖盘
2795,13:56:49,5.63,0.0,10,5630,卖盘
2796,13:56:51,5.64,0.01,333,187807,买盘
2797,13:56:54,5.63,-0.01,150,84450,卖盘
2798,13:56:57,5.63,0.0,68,38284,卖盘
2799,13:57:00,5.63,0.0,34,19142,卖盘
2800,13:57:04,5.63,0.0,50,28180,卖盘
2801,13:57:09,5.63,0.0,55,30965,卖盘
2802,13:57:13,5.63,0.0,50,28150,卖盘
2803,13:57:16,5.63,0.0,37,20858,卖盘
2804,13:57:19,5.63,0.0,21,11823,卖盘
2805,13:57:22,5.63,0.0,10,5630,卖盘
2806,13:57:24,5.63,0.0,19,10697,卖盘
2807,13:57:27,5.63,0.0,176,99088,卖盘
2808,13:57:30,5.63,0.0,38,21412,卖盘
2809,13:57:37,5.63,0.0,79,44507,卖盘
2810,13:57:42,5.63,0.0,11,6193,卖盘
2811,13:57:46,5.63,0.0,143,80509,卖盘
2812,13:57:48,5.63,0.0,3,1689,卖盘
2813,13:57:51,5.63,0.0,17,9706,卖盘
2814,13:57:55,5.63,0.0,35,19705,买盘
2815,13:57:58,5.62,-0.01,173,97235,卖盘
2816,13:58:01,5.63,0.01,100,56203,买盘
2817,13:58:04,5.63,0.0,2,1126,买盘
2818,13:58:10,5.62,-0.01,72,40464,卖盘
2819,13:58:12,5.62,0.0,3,1349,卖盘
2820,13:58:15,5.63,0.01,123,69249,买盘
2821,13:58:18,5.63,0.0,37,20831,买盘
2822,13:58:21,5.62,-0.01,5,2810,卖盘
2823,13:58:25,5.62,0.0,81,46032,卖盘
2824,13:58:28,5.62,0.0,21,11802,卖盘
2825,13:58:31,5.63,0.01,300,168900,买盘
2826,13:58:36,5.63,0.0,85,47826,买盘
2827,13:58:42,5.62,-0.01,648,364064,卖盘
