,time,price,change,volume,amount,type
0,09:25:04,3.46,-0.14,2582,893372,卖盘
1,09:30:04,3.46,0.0,2564,886962,卖盘
2,09:30:07,3.45,-0.01,713,245812,卖盘
3,09:30:10,3.45,0.0,469,161875,买盘
4,09:30:12,3.46,0.01,861,297116,买盘
5,09:30:15,3.45,-0.01,22,7582,中性盘
6,09:30:18,3.44,-0.01,99,34122,卖盘
7,09:30:21,3.46,0.02,383,132251,买盘
8,09:30:24,3.46,0.0,67,23175,买盘
9,09:30:28,3.43,-0.03,472,162355,卖盘
10,09:30:33,3.45,0.02,3,1035,中性盘
11,09:30:37,3.43,-0.02,112,38570,卖盘
12,09:30:42,3.44,0.01,303,103967,卖盘
13,09:30:45,3.44,0.0,312,107354,卖盘
14,09:30:57,3.45,0.01,430,148732,卖盘
15,09:31:00,3.46,0.01,74,25580,买盘
16,09:31:06,3.45,-0.01,225,77650,卖盘
17,09:31:09,3.46,0.01,241,83386,买盘
18,09:31:12,3.46,0.0,63,21753,买盘
19,09:31:15,3.46,0.0,50,17275,买盘
20,09:31:18,3.46,0.0,90,31140,买盘
21,09:31:21,3.46,0.0,32,11072,买盘
22,09:31:24,3.46,0.0,109,37714,买盘
23,09:31:27,3.46,0.0,9,3114,中性盘
24,09:31:34,3.46,0.0,15,5190,卖盘
25,09:31:36,3.46,0.0,210,72660,卖盘
26,09:31:40,3.47,0.01,23,7971,买盘
27,09:31:42,3.45,-0.02,95,32862,卖盘
28,09:31:45,3.47,0.02,46,15911,买盘
29,09:31:48,3.46,-0.01,21,7286,卖盘
30,09:31:51,3.46,0.0,206,71347,卖盘
31,09:31:54,3.47,0.01,71,24567,中性盘
32,09:31:57,3.47,0.0,90,31195,卖盘
33,09:32:01,3.47,0.0,41,14265,买盘
34,09:32:03,3.47,0.0,88,30498,买盘
35,09:32:06,3.47,0.0,18,6246,买盘
36,09:32:09,3.48,0.01,40,13920,买盘
37,09:32:13,3.48,0.0,28,9736,买盘
38,09:32:16,3.48,0.0,64,22227,买盘
39,09:32:18,3.46,-0.02,790,273346,卖盘
40,09:32:21,3.48,0.02,19,6612,买盘
41,09:32:24,3.47,-0.01,11,3827,卖盘
42,09:32:27,3.47,0.0,29,10063,卖盘
43,09:32:31,3.47,0.0,29,10057,买盘
44,09:32:36,3.46,-0.01,135,46710,卖盘
45,09:32:39,3.46,0.0,38,13132,买盘
46,09:32:42,3.45,-0.01,59,20398,卖盘
47,09:32:45,3.47,0.02,21,7286,买盘
48,09:32:48,3.45,-0.02,14,4830,卖盘
49,09:32:51,3.46,0.01,11,3806,买盘
50,09:32:54,3.47,0.01,118,40880,买盘
51,09:32:57,3.46,-0.01,84,29064,卖盘
52,09:33:00,3.46,0.0,43,14878,卖盘
53,09:33:03,3.45,-0.01,42,14502,卖盘
54,09:33:06,3.46,0.01,548,189592,买盘
55,09:33:09,3.45,-0.01,112,38640,卖盘
56,09:33:12,3.46,0.01,28,9688,买盘
57,09:33:16,3.46,0.0,111,38406,买盘
58,09:33:18,3.45,-0.01,231,79791,卖盘
59,09:33:21,3.46,0.01,60,20761,买盘
60,09:33:24,3.46,0.0,28,9688,买盘
61,09:33:27,3.46,0.0,20,6920,卖盘
62,09:33:30,3.46,0.0,29,10034,卖盘
63,09:33:33,3.46,0.0,147,50862,卖盘
64,09:33:36,3.46,0.0,200,69300,卖盘
65,09:33:39,3.45,-0.01,32,11040,卖盘
66,09:33:43,3.45,0.0,1731,597275,卖盘
67,09:33:45,3.45,0.0,159,54855,买盘
68,09:33:48,3.44,-0.01,106,36488,卖盘
69,09:33:51,3.45,0.01,245,84298,买盘
70,09:33:54,3.44,-0.01,549,188887,卖盘
71,09:33:57,3.44,0.0,501,172044,买盘
72,09:34:00,3.43,-0.01,174,59727,卖盘
73,09:34:04,3.43,0.0,259,88837,卖盘
74,09:34:06,3.43,0.0,82,28149,卖盘
75,09:34:09,3.44,0.01,36,12368,买盘
76,09:34:12,3.43,-0.01,228,78204,卖盘
77,09:34:16,3.44,0.01,125,42915,买盘
78,09:34:18,3.43,-0.01,51,17534,卖盘
79,09:34:21,3.44,0.01,43,14775,买盘
80,09:34:24,3.43,-0.01,1057,362588,卖盘
81,09:34:27,3.43,0.0,100,34303,卖盘
82,09:34:31,3.43,0.0,109,37387,买盘
83,09:34:33,3.43,0.0,1076,367961,买盘
84,09:34:36,3.43,0.0,84,28812,买盘
85,09:34:40,3.43,0.0,125,42720,买盘
86,09:34:42,3.43,0.0,162,55462,买盘
87,09:34:45,3.42,-0.01,206,70452,买盘
88,09:34:48,3.41,-0.01,59,20177,卖盘
89,09:34:51,3.42,0.01,83,28386,买盘
90,09:34:54,3.43,0.01,25,8575,买盘
91,09:34:57,3.42,-0.01,101,34565,卖盘
92,09:35:00,3.42,0.0,284,97128,卖盘
93,09:35:03,3.42,0.0,165,56445,卖盘
94,09:35:06,3.42,0.0,64,21888,卖盘
95,09:35:09,3.42,0.0,202,69084,卖盘
96,09:35:13,3.43,0.01,79,27080,买盘
97,09:35:15,3.43,0.0,112,38380,买盘
98,09:35:18,3.43,0.0,11,3773,买盘
99,09:35:21,3.43,0.0,221,75783,买盘
100,09:35:24,3.43,0.0,242,82945,买盘
101,09:35:27,3.42,-0.01,238,81544,卖盘
102,09:35:30,3.43,0.01,134,45962,买盘
103,09:35:33,3.43,0.0,179,61397,买盘
104,09:35:36,3.43,0.0,214,73394,买盘
105,09:35:39,3.43,0.0,169,57943,买盘
106,09:35:42,3.43,0.0,30,10290,卖盘
107,09:35:45,3.43,0.0,113,38759,卖盘
108,09:35:49,3.43,0.0,23,7889,卖盘
109,09:35:52,3.44,0.01,225,77275,买盘
110,09:35:54,3.44,0.0,22,7568,买盘
111,09:35:57,3.44,0.0,31,10664,买盘
112,09:36:06,3.44,0.0,178,61242,卖盘
113,09:36:09,3.44,0.0,41,14104,买盘
114,09:36:12,3.44,0.0,38,13064,买盘
115,09:36:15,3.44,0.0,75,25775,买盘
116,09:36:18,3.44,0.0,69,23736,买盘
117,09:36:21,3.44,0.0,90,30960,买盘
118,09:36:24,3.43,-0.01,90,30872,卖盘
119,09:36:27,3.44,0.01,195,66972,买盘
120,09:36:36,3.44,0.0,51,17494,买盘
121,09:36:39,3.43,-0.01,123,42209,卖盘
122,09:36:42,3.44,0.01,177,60856,买盘
123,09:36:45,3.43,-0.01,1023,350889,卖盘
124,09:36:48,3.43,0.0,259,88837,卖盘
125,09:36:51,3.43,0.0,318,108819,买盘
126,09:36:54,3.42,-0.01,409,139928,卖盘
127,09:36:57,3.43,0.01,216,73892,买盘
128,09:37:00,3.42,-0.01,30,10270,卖盘
129,09:37:04,3.42,0.0,2,684,卖盘
130,09:37:06,3.42,0.0,18,6166,卖盘
131,09:37:09,3.43,0.01,37,12683,买盘
132,09:37:12,3.43,0.0,376,128707,买盘
133,09:37:15,3.42,-0.01,1036,354312,卖盘
134,09:37:18,3.42,0.0,144,49248,买盘
135,09:37:21,3.42,0.0,122,41724,买盘
136,09:37:24,3.42,0.0,137,46854,买盘
137,09:37:27,3.42,0.0,20,6840,卖盘
138,09:37:30,3.42,0.0,87,29758,卖盘
139,09:37:33,3.42,0.0,213,72846,卖盘
140,09:37:36,3.42,0.0,195,66681,买盘
141,09:37:40,3.41,-0.01,41,14006,卖盘
142,09:37:42,3.42,0.01,86,29380,买盘
143,09:37:45,3.42,0.0,39,13338,卖盘
144,09:37:48,3.41,-0.01,615,209953,卖盘
145,09:37:51,3.41,0.0,252,86165,卖盘
146,09:37:54,3.42,0.01,110,37640,中性盘
147,09:37:57,3.42,0.0,41,14022,买盘
148,09:38:00,3.42,0.0,88,30106,卖盘
149,09:38:04,3.42,0.0,10,3420,卖盘
150,09:38:06,3.42,0.0,90,30780,卖盘
151,09:38:09,3.43,0.01,18,6158,买盘
152,09:38:12,3.42,-0.01,505,172694,卖盘
153,09:38:16,3.42,0.0,246,84132,买盘
154,09:38:21,3.42,0.0,35,11960,买盘
155,09:38:24,3.42,0.0,461,157662,买盘
156,09:38:27,3.42,0.0,165,56418,买盘
157,09:38:30,3.42,0.0,596,203410,买盘
158,09:38:33,3.42,0.0,133,45486,买盘
159,09:38:36,3.42,0.0,36,12312,买盘
160,09:38:39,3.42,0.0,346,118263,卖盘
161,09:38:42,3.42,0.0,114,38988,卖盘
162,09:38:48,3.42,0.0,50,17100,卖盘
163,09:38:51,3.41,-0.01,703,240090,卖盘
164,09:38:54,3.42,0.01,65,22230,买盘
165,09:38:57,3.42,0.0,22,7524,买盘
166,09:39:00,3.41,-0.01,437,149254,卖盘
167,09:39:03,3.41,0.0,30,10230,卖盘
168,09:39:06,3.42,0.01,25,8550,买盘
169,09:39:09,3.41,-0.01,130,44372,卖盘
170,09:39:12,3.41,0.0,148,50590,卖盘
171,09:39:15,3.42,0.01,113,38646,买盘
172,09:39:18,3.42,0.0,34,11628,买盘
173,09:39:21,3.42,0.0,281,96102,卖盘
174,09:39:24,3.42,0.0,114,38988,买盘
175,09:39:27,3.42,0.0,23,7866,卖盘
176,09:39:30,3.42,0.0,7,2394,卖盘
177,09:39:33,3.42,0.0,69,23598,卖盘
178,09:39:36,3.42,0.0,1,342,买盘
179,09:39:39,3.42,0.0,96,32832,买盘
180,09:39:42,3.42,0.0,38,12996,买盘
181,09:39:45,3.42,0.0,88,30096,卖盘
182,09:39:48,3.42,0.0,40,13680,买盘
183,09:39:51,3.42,0.0,38,12996,买盘
184,09:40:03,3.42,0.0,16,5472,卖盘
185,09:40:06,3.43,0.01,104,35664,买盘
186,09:40:09,3.42,-0.01,118,40356,卖盘
187,09:40:12,3.43,0.01,90,30827,买盘
188,09:40:18,3.43,0.0,69,23667,卖盘
189,09:40:24,3.43,0.0,30,10290,卖盘
190,09:40:27,3.44,0.01,21,7224,买盘
191,09:40:30,3.43,-0.01,40,13750,卖盘
192,09:40:33,3.44,0.01,88,30264,买盘
193,09:40:36,3.44,0.0,118,40592,买盘
194,09:40:42,3.44,0.0,126,43328,买盘
195,09:40:45,3.45,0.01,167,57455,买盘
196,09:40:48,3.44,-0.01,8,2752,中性盘
197,09:41:00,3.45,0.01,30,10350,买盘
198,09:41:04,3.45,0.0,35,12070,买盘
199,09:41:06,3.44,-0.01,16,5504,卖盘
200,09:41:09,3.45,0.01,109,37596,买盘
201,09:41:13,3.44,-0.01,18,6202,卖盘
202,09:41:18,3.45,0.01,153,52785,买盘
203,09:41:21,3.45,0.0,60,20700,卖盘
204,09:41:24,3.45,0.0,30,10350,卖盘
205,09:41:27,3.46,0.01,110,38060,买盘
206,09:41:30,3.46,0.0,45,15543,买盘
207,09:41:36,3.45,-0.01,124,42880,卖盘
208,09:41:40,3.45,0.0,8,2760,卖盘
209,09:41:42,3.46,0.01,40,13840,买盘
210,09:41:45,3.45,-0.01,79,27333,卖盘
211,09:41:48,3.46,0.01,39,13494,买盘
212,09:41:51,3.45,-0.01,74,25530,卖盘
213,09:41:54,3.46,0.01,356,123176,买盘
214,09:41:57,3.46,0.0,30,10380,买盘
215,09:42:03,3.46,0.0,110,38060,买盘
216,09:42:06,3.45,-0.01,17,5865,卖盘
217,09:42:09,3.46,0.01,70,24188,买盘
218,09:42:12,3.45,-0.01,61,21097,卖盘
219,09:42:15,3.46,0.01,110,38052,买盘
220,09:42:18,3.46,0.0,12,4152,卖盘
221,09:42:27,3.46,0.0,33,11418,卖盘
222,09:42:31,3.46,0.0,104,35990,卖盘
223,09:42:33,3.46,0.0,6,2076,买盘
224,09:42:36,3.45,-0.01,8,2760,卖盘
225,09:42:42,3.46,0.01,59,20414,买盘
226,09:42:45,3.45,-0.01,24,8280,卖盘
227,09:42:51,3.46,0.01,8,2768,买盘
228,09:42:54,3.45,-0.01,20,6900,卖盘
229,09:42:57,3.45,0.0,234,80746,卖盘
230,09:43:00,3.46,0.01,3,1038,买盘
231,09:43:04,3.45,-0.01,8,2760,卖盘
232,09:43:06,3.45,0.0,184,63498,卖盘
233,09:43:09,3.46,0.01,11,3797,买盘
234,09:43:12,3.45,-0.01,65,22475,卖盘
235,09:43:15,3.45,0.0,50,17250,卖盘
236,09:43:18,3.45,0.0,1,345,卖盘
237,09:43:21,3.46,0.01,16,5536,买盘
238,09:43:24,3.46,0.0,4,1384,买盘
239,09:43:28,3.46,0.0,5,1730,买盘
240,09:43:33,3.45,-0.01,85,29341,卖盘
241,09:43:36,3.45,0.0,16,5523,卖盘
242,09:43:39,3.45,0.0,47,16215,卖盘
243,09:43:45,3.45,0.0,55,18975,卖盘
244,09:43:48,3.45,0.0,30,10350,卖盘
245,09:43:51,3.45,0.0,151,52095,卖盘
246,09:43:57,3.46,0.01,10,3460,买盘
247,09:44:00,3.45,-0.01,100,34500,卖盘
248,09:44:04,3.45,0.0,19,6555,卖盘
249,09:44:06,3.45,0.0,24,8280,卖盘
250,09:44:09,3.45,0.0,100,34500,卖盘
251,09:44:12,3.45,0.0,30,10360,卖盘
252,09:44:18,3.45,0.0,14,4830,卖盘
253,09:44:21,3.46,0.01,2,692,买盘
254,09:44:24,3.45,-0.01,60,20700,卖盘
255,09:44:27,3.46,0.01,6,2076,买盘
256,09:44:30,3.46,0.0,200,69200,买盘
257,09:44:34,3.46,0.0,15,5190,买盘
258,09:44:36,3.45,-0.01,37,12765,卖盘
259,09:44:39,3.45,0.0,8,2760,卖盘
260,09:44:45,3.46,0.01,5,1730,买盘
261,09:44:52,3.45,-0.01,5,1725,卖盘
262,09:44:57,3.46,0.01,177,61212,买盘
263,09:45:06,3.45,-0.01,30,10350,卖盘
264,09:45:12,3.46,0.01,45,15570,买盘
265,09:45:16,3.46,0.0,86,29695,买盘
266,09:45:18,3.46,0.0,50,17300,卖盘
267,09:45:21,3.46,0.0,24,8304,卖盘
268,09:45:33,3.46,0.0,216,74752,卖盘
269,09:45:36,3.46,0.0,35,12110,卖盘
270,09:45:42,3.45,-0.01,16,5520,卖盘
271,09:45:45,3.46,0.01,56,19360,买盘
272,09:45:48,3.45,-0.01,19,6555,卖盘
273,09:45:51,3.45,0.0,29,10005,卖盘
274,09:45:54,3.45,0.0,66,22770,卖盘
275,09:46:00,3.46,0.01,50,17300,买盘
276,09:46:04,3.45,-0.01,18,6210,卖盘
277,09:46:06,3.46,0.01,28,9688,买盘
278,09:46:09,3.46,0.0,172,59496,买盘
279,09:46:15,3.45,-0.01,29,10026,卖盘
280,09:46:21,3.46,0.01,20,6920,买盘
281,09:46:25,3.46,0.0,70,24220,买盘
282,09:46:27,3.46,0.0,31,10725,买盘
283,09:46:30,3.46,0.0,87,30102,买盘
284,09:46:33,3.46,0.0,58,20068,卖盘
285,09:46:36,3.46,0.0,47,16262,卖盘
286,09:46:39,3.46,0.0,8,2768,卖盘
287,09:46:54,3.47,0.01,10,3470,买盘
288,09:47:06,3.46,-0.01,24,8304,卖盘
289,09:47:09,3.47,0.01,104,36088,买盘
290,09:47:12,3.47,0.0,713,247403,买盘
291,09:47:27,3.48,0.01,30,10440,买盘
292,09:47:36,3.47,-0.01,29,10083,卖盘
293,09:47:39,3.48,0.01,30,10440,买盘
294,09:47:42,3.48,0.0,54,18784,买盘
295,09:47:46,3.47,-0.01,17,5899,卖盘
296,09:47:48,3.47,0.0,81,28107,卖盘
297,09:47:51,3.48,0.01,88,30624,买盘
298,09:47:54,3.48,0.0,6,2088,买盘
299,09:48:06,3.47,-0.01,93,32340,卖盘
300,09:48:09,3.47,0.0,18,6256,卖盘
301,09:48:12,3.47,0.0,10,3470,卖盘
302,09:48:15,3.48,0.01,176,61248,买盘
303,09:48:24,3.48,0.0,60,20880,买盘
304,09:48:33,3.48,0.0,200,69600,买盘
305,09:48:36,3.47,-0.01,24,8328,卖盘
306,09:48:39,3.48,0.01,22,7656,买盘
307,09:48:42,3.47,-0.01,98,34096,卖盘
308,09:48:49,3.48,0.01,11,3828,买盘
309,09:48:52,3.47,-0.01,1,347,卖盘
310,09:48:55,3.48,0.01,187,65076,买盘
311,09:49:04,3.48,0.0,24,8352,卖盘
312,09:49:06,3.49,0.01,19,6618,买盘
313,09:49:09,3.48,-0.01,8,2784,卖盘
314,09:49:18,3.49,0.01,48,16752,买盘
315,09:49:24,3.49,0.0,15,5235,买盘
316,09:49:27,3.49,0.0,4,1396,买盘
317,09:49:30,3.49,0.0,108,37692,买盘
318,09:49:33,3.49,0.0,13,4537,买盘
319,09:49:36,3.48,-0.01,29,10112,卖盘
320,09:49:39,3.49,0.01,28,9764,买盘
321,09:49:42,3.48,-0.01,21,7313,卖盘
322,09:49:45,3.49,0.01,5,1745,买盘
323,09:49:48,3.49,0.0,72,25128,买盘
324,09:49:51,3.49,0.0,224,78152,买盘
325,09:49:54,3.49,0.0,27,9423,买盘
326,09:49:57,3.49,0.0,29,10111,买盘
327,09:50:00,3.49,0.0,85,29665,买盘
328,09:50:04,3.49,0.0,79,27571,买盘
329,09:50:15,3.49,0.0,247,86203,卖盘
330,09:50:18,3.49,0.0,23,8027,卖盘
331,09:50:21,3.49,0.0,167,58283,买盘
332,09:50:25,3.5,0.01,320,111493,买盘
333,09:50:33,3.49,-0.01,72,25128,买盘
334,09:50:36,3.48,-0.01,30,10440,卖盘
335,09:50:39,3.49,0.01,20,6980,买盘
336,09:50:42,3.48,-0.01,8,2784,卖盘
337,09:50:45,3.49,0.01,23,8027,买盘
338,09:50:48,3.49,0.0,15,5235,买盘
339,09:50:54,3.48,-0.01,20,6960,卖盘
340,09:50:57,3.49,0.01,32,11168,买盘
341,09:51:06,3.48,-0.01,404,140975,卖盘
342,09:51:09,3.48,0.0,40,13930,卖盘
343,09:51:12,3.48,0.0,8,2784,卖盘
344,09:51:16,3.49,0.01,174,60718,买盘
345,09:51:24,3.49,0.0,3,1047,买盘
346,09:51:31,3.49,0.0,4,1396,买盘
347,09:51:33,3.48,-0.01,150,52200,卖盘
348,09:51:39,3.48,0.0,16,5568,卖盘
349,09:51:45,3.48,0.0,22,7661,卖盘
350,09:51:48,3.48,0.0,59,20532,卖盘
351,09:51:51,3.48,0.0,140,48720,卖盘
352,09:51:54,3.48,0.0,10,3480,卖盘
353,09:51:58,3.48,0.0,111,38628,卖盘
354,09:52:01,3.48,0.0,613,213324,卖盘
355,09:52:06,3.48,0.0,154,53592,卖盘
356,09:52:09,3.48,0.0,48,16704,卖盘
357,09:52:12,3.49,0.01,10,3490,买盘
358,09:52:15,3.48,-0.01,132,45936,卖盘
359,09:52:22,3.48,0.0,20,6960,买盘
360,09:52:24,3.48,0.0,26,9048,买盘
361,09:52:27,3.48,0.0,10,3480,买盘
362,09:52:30,3.48,0.0,8,2784,买盘
363,09:52:33,3.48,0.0,20,6960,买盘
364,09:52:39,3.48,0.0,114,39656,买盘
365,09:52:42,3.48,0.0,21,7291,买盘
366,09:52:49,3.47,-0.01,86,29842,卖盘
367,09:53:00,3.47,0.0,559,193973,卖盘
368,09:53:06,3.46,-0.01,14,4854,卖盘
369,09:53:09,3.46,0.0,28,9692,卖盘
370,09:53:15,3.46,0.0,83,28793,卖盘
371,09:53:18,3.47,0.01,31,10757,买盘
372,09:53:21,3.46,-0.01,18,6240,卖盘
373,09:53:24,3.47,0.01,133,46067,买盘
374,09:53:27,3.47,0.0,39,13533,买盘
375,09:53:30,3.47,0.0,384,133041,买盘
376,09:53:33,3.47,0.0,61,21167,卖盘
377,09:53:36,3.47,0.0,16,5552,卖盘
378,09:53:39,3.48,0.01,92,32016,买盘
379,09:53:42,3.47,-0.01,9,3123,卖盘
380,09:53:45,3.47,0.0,8,2776,卖盘
381,09:53:48,3.47,0.0,33,11451,卖盘
382,09:53:54,3.47,0.0,39,13533,卖盘
383,09:54:00,3.47,0.0,128,44416,买盘
384,09:54:03,3.47,0.0,228,79116,买盘
385,09:54:06,3.47,0.0,84,29065,买盘
386,09:54:09,3.47,0.0,72,24936,买盘
387,09:54:15,3.47,0.0,28,9716,卖盘
388,09:54:25,3.48,0.01,2,696,买盘
389,09:54:30,3.48,0.0,200,69600,买盘
390,09:54:42,3.47,-0.01,16,5552,卖盘
391,09:54:45,3.47,0.0,16,5552,卖盘
392,09:54:51,3.47,0.0,34,11798,卖盘
393,09:54:57,3.47,0.0,18,6246,卖盘
394,09:55:03,3.47,0.0,15,5210,卖盘
395,09:55:06,3.47,0.0,25,8675,卖盘
396,09:55:09,3.47,0.0,8,2776,卖盘
397,09:55:15,3.48,0.01,33,11454,买盘
398,09:55:31,3.47,-0.01,102,35396,卖盘
399,09:55:33,3.47,0.0,10,3470,卖盘
400,09:55:36,3.47,0.0,40,13880,卖盘
401,09:55:39,3.47,0.0,165,57258,卖盘
402,09:55:42,3.47,0.0,13,4511,卖盘
403,09:55:45,3.47,0.0,190,65930,卖盘
404,09:55:48,3.47,0.0,33,11451,卖盘
405,09:55:51,3.48,0.01,100,34800,买盘
406,09:55:57,3.47,-0.01,5,1735,卖盘
407,09:56:00,3.47,0.0,40,13880,卖盘
408,09:56:04,3.48,0.01,30,10440,买盘
409,09:56:06,3.48,0.0,25,8700,买盘
410,09:56:09,3.48,0.0,62,21543,买盘
411,09:56:16,3.48,0.0,1,348,买盘
412,09:56:19,3.48,0.0,29,10092,买盘
413,09:56:24,3.48,0.0,30,10440,买盘
414,09:56:33,3.48,0.0,267,92916,买盘
415,09:56:37,3.47,-0.01,87,30192,卖盘
416,09:56:40,3.48,0.01,50,17400,买盘
417,09:56:42,3.48,0.0,160,55522,买盘
418,09:56:45,3.47,-0.01,8,2776,卖盘
419,09:56:54,3.48,0.01,108,37584,买盘
420,09:56:57,3.47,-0.01,5,1735,卖盘
421,09:57:00,3.48,0.01,158,54984,买盘
422,09:57:06,3.48,0.0,16,5568,卖盘
423,09:57:09,3.47,-0.01,54,18765,卖盘
424,09:57:18,3.48,0.01,16,5568,卖盘
425,09:57:33,3.48,0.0,28,9744,卖盘
426,09:57:36,3.49,0.01,136,47348,买盘
427,09:57:45,3.49,0.0,22,7678,买盘
428,09:57:48,3.48,-0.01,8,2784,卖盘
429,09:58:09,3.48,0.0,9,3132,卖盘
430,09:58:13,3.48,0.0,16,5568,卖盘
431,09:58:18,3.48,0.0,8,2784,卖盘
432,09:58:30,3.48,0.0,130,45240,卖盘
433,09:58:33,3.48,0.0,25,8700,卖盘
434,09:58:36,3.49,0.01,5,1745,买盘
435,09:58:39,3.48,-0.01,95,33060,卖盘
436,09:58:55,3.48,0.0,115,40020,卖盘
437,09:59:04,3.48,0.0,100,34800,卖盘
438,09:59:06,3.48,0.0,25,8700,卖盘
439,09:59:16,3.48,0.0,48,16704,卖盘
440,09:59:30,3.49,0.01,2,698,买盘
441,09:59:36,3.48,-0.01,7,2436,卖盘
442,09:59:42,3.47,-0.01,1484,515423,卖盘
443,09:59:46,3.47,0.0,13,4511,卖盘
444,09:59:51,3.47,0.0,58,20126,卖盘
445,10:00:00,3.48,0.01,5,1740,买盘
446,10:00:04,3.49,0.01,76,26433,买盘
447,10:00:06,3.46,-0.03,931,322735,卖盘
448,10:00:09,3.48,0.02,20,6970,中性盘
449,10:00:42,3.49,0.01,30,10470,买盘
450,10:00:45,3.49,0.0,2,698,买盘
451,10:01:22,3.48,-0.01,3,1044,买盘
452,10:01:31,3.48,0.0,5,1740,买盘
453,10:01:33,3.48,0.0,1,348,买盘
454,10:01:36,3.48,0.0,8,2784,买盘
455,10:01:45,3.47,-0.01,20,6940,卖盘
456,10:01:48,3.47,0.0,22,7634,卖盘
457,10:01:51,3.48,0.01,6,2088,买盘
458,10:02:00,3.48,0.0,2,696,买盘
459,10:02:06,3.48,0.0,20,6960,买盘
460,10:02:12,3.47,-0.01,4,1388,卖盘
461,10:02:22,3.47,0.0,6,2082,卖盘
462,10:02:24,3.48,0.01,16,5568,买盘
463,10:02:27,3.47,-0.01,44,15274,卖盘
464,10:02:30,3.48,0.01,5,1740,买盘
465,10:02:36,3.47,-0.01,45,15615,卖盘
466,10:02:39,3.47,0.0,10,3470,卖盘
467,10:02:45,3.48,0.01,100,34800,买盘
468,10:02:49,3.46,-0.02,2260,782553,卖盘
469,10:02:51,3.46,0.0,6,2076,买盘
470,10:02:54,3.46,0.0,98,33908,买盘
471,10:02:57,3.46,0.0,22,7612,买盘
472,10:03:00,3.46,0.0,30,10380,买盘
473,10:03:04,3.45,-0.01,63,21787,卖盘
474,10:03:06,3.46,0.01,134,46364,买盘
475,10:03:15,3.46,0.0,12,4152,卖盘
476,10:03:28,3.48,0.02,142,49060,买盘
477,10:03:36,3.46,-0.02,5,1730,卖盘
478,10:03:48,3.46,0.0,50,17300,卖盘
479,10:03:51,3.46,0.0,10,3460,卖盘
480,10:04:21,3.46,0.0,79,27334,卖盘
481,10:04:28,3.47,0.01,13,4511,买盘
482,10:04:33,3.47,0.0,3,1041,买盘
483,10:04:36,3.47,0.0,20,6940,买盘
484,10:04:39,3.47,0.0,5,1735,买盘
485,10:04:45,3.47,0.0,21,7287,买盘
486,10:04:48,3.47,0.0,18,6246,买盘
487,10:04:54,3.47,0.0,8,2776,买盘
488,10:04:57,3.47,0.0,26,9022,买盘
489,10:05:00,3.47,0.0,45,15615,卖盘
490,10:05:09,3.47,0.0,30,10410,卖盘
491,10:05:24,3.47,0.0,4,1388,卖盘
492,10:05:30,3.47,0.0,14,4858,卖盘
493,10:05:34,3.48,0.01,31,10788,买盘
494,10:05:36,3.47,-0.01,20,6940,卖盘
495,10:05:39,3.47,0.0,15,5205,卖盘
496,10:05:42,3.47,0.0,21,7288,卖盘
497,10:05:51,3.46,-0.01,35,12110,卖盘
498,10:05:54,3.47,0.01,4,1388,买盘
499,10:05:58,3.47,0.0,176,61072,买盘
500,10:06:04,3.47,0.0,10,3470,卖盘
501,10:06:12,3.48,0.01,12,4173,买盘
502,10:06:21,3.48,0.0,20,6960,买盘
503,10:06:24,3.48,0.0,2,696,买盘
504,10:06:27,3.48,0.0,6,2088,买盘
505,10:06:36,3.48,0.0,13,4524,买盘
506,10:06:54,3.47,-0.01,20,6940,卖盘
507,10:07:04,3.47,0.0,9,3123,卖盘
508,10:07:06,3.48,0.01,76,26417,买盘
509,10:07:12,3.47,-0.01,35,12145,卖盘
510,10:07:15,3.48,0.01,123,42804,买盘
511,10:07:18,3.48,0.0,6,2088,买盘
512,10:07:21,3.48,0.0,192,66816,买盘
513,10:07:33,3.48,0.0,80,27840,卖盘
514,10:07:36,3.49,0.01,1,349,买盘
515,10:07:40,3.49,0.0,13,4530,买盘
516,10:07:43,3.48,-0.01,30,10440,卖盘
517,10:07:45,3.48,0.0,287,99876,卖盘
518,10:07:54,3.49,0.01,15,5235,买盘
519,10:08:09,3.49,0.0,11,3839,买盘
520,10:08:15,3.48,-0.01,20,6960,卖盘
521,10:08:34,3.48,0.0,20,6960,卖盘
522,10:08:37,3.49,0.01,1,349,买盘
523,10:08:39,3.48,-0.01,36,12528,卖盘
524,10:08:42,3.48,0.0,2,696,卖盘
525,10:08:45,3.48,0.0,216,75313,卖盘
526,10:08:54,3.48,0.0,62,21576,卖盘
527,10:09:18,3.48,0.0,223,77604,卖盘
528,10:09:28,3.48,0.0,4,1392,买盘
529,10:09:31,3.47,-0.01,66,22902,卖盘
530,10:09:48,3.48,0.01,286,99528,买盘
531,10:10:00,3.48,0.0,40,13920,卖盘
532,10:10:09,3.48,0.0,74,25752,卖盘
533,10:10:24,3.49,0.01,16,5584,买盘
534,10:10:27,3.48,-0.01,40,13920,卖盘
535,10:10:39,3.48,0.0,10,3480,卖盘
536,10:10:45,3.48,0.0,158,54984,卖盘
537,10:10:52,3.48,0.0,44,15312,卖盘
538,10:10:55,3.48,0.0,37,12876,卖盘
539,10:11:06,3.48,0.0,23,8004,卖盘
540,10:11:18,3.48,0.0,4,1392,卖盘
541,10:11:28,3.48,0.0,80,27840,卖盘
542,10:11:30,3.48,0.0,10,3480,卖盘
543,10:11:36,3.48,0.0,50,17400,卖盘
544,10:11:45,3.49,0.01,164,57236,买盘
545,10:11:48,3.48,-0.01,156,54288,卖盘
546,10:11:54,3.48,0.0,4,1392,买盘
547,10:12:04,3.48,0.0,5,1740,买盘
548,10:12:06,3.48,0.0,30,10440,买盘
549,10:12:10,3.48,0.0,4,1392,买盘
550,10:12:12,3.48,0.0,2,696,买盘
551,10:12:15,3.48,0.0,161,56028,买盘
552,10:12:21,3.48,0.0,3,1044,卖盘
553,10:12:30,3.48,0.0,158,55092,卖盘
554,10:12:39,3.48,0.0,10,3480,卖盘
555,10:12:48,3.48,0.0,99,34452,卖盘
556,10:12:51,3.48,0.0,174,60552,卖盘
557,10:12:54,3.48,0.0,19,6612,卖盘
558,10:13:00,3.48,0.0,25,8700,卖盘
559,10:13:04,3.48,0.0,22,7656,买盘
560,10:13:06,3.48,0.0,21,7308,买盘
561,10:13:09,3.48,0.0,286,99528,卖盘
562,10:13:21,3.48,0.0,10,3480,买盘
563,10:13:24,3.48,0.0,2,696,买盘
564,10:13:27,3.47,-0.01,652,226703,卖盘
565,10:13:42,3.48,0.01,1,348,卖盘
566,10:13:45,3.48,0.0,13,4524,买盘
567,10:13:48,3.48,0.0,7,2436,买盘
568,10:13:51,3.48,0.0,7,2436,卖盘
569,10:13:54,3.48,0.0,1,348,买盘
570,10:13:58,3.48,0.0,18,6264,买盘
571,10:14:00,3.48,0.0,110,38280,买盘
572,10:14:04,3.48,0.0,19,6612,卖盘
573,10:14:12,3.48,0.0,46,16008,卖盘
574,10:14:36,3.48,0.0,277,96396,卖盘
575,10:14:42,3.48,0.0,82,28536,卖盘
576,10:14:54,3.48,0.0,9,3132,买盘
577,10:15:13,3.47,-0.01,430,149210,卖盘
578,10:15:18,3.47,0.0,1,347,买盘
579,10:15:22,3.47,0.0,17,5899,买盘
580,10:15:25,3.47,0.0,2,694,买盘
581,10:15:27,3.47,0.0,4,1388,买盘
582,10:15:30,3.46,-0.01,51,17647,卖盘
583,10:15:33,3.47,0.01,1,347,买盘
584,10:15:36,3.47,0.0,32,11104,买盘
585,10:15:39,3.46,-0.01,2,693,卖盘
586,10:15:42,3.47,0.01,10,3470,买盘
587,10:15:48,3.47,0.0,1,347,买盘
588,10:15:51,3.47,0.0,1,347,买盘
589,10:15:54,3.47,0.0,1,347,买盘
590,10:16:04,3.47,0.0,5,1735,买盘
591,10:16:06,3.46,-0.01,50,17300,卖盘
592,10:16:09,3.47,0.01,27,9349,买盘
593,10:16:19,3.46,-0.01,15,5190,卖盘
594,10:16:27,3.47,0.01,121,41987,买盘
595,10:16:30,3.47,0.0,23,7981,买盘
596,10:16:33,3.47,0.0,10,3470,买盘
597,10:16:36,3.47,0.0,47,16309,买盘
598,10:16:42,3.47,0.0,1,347,卖盘
599,10:16:46,3.47,0.0,35,12174,卖盘
600,10:16:54,3.48,0.01,20,6960,买盘
601,10:17:00,3.47,-0.01,10,3470,卖盘
602,10:17:04,3.47,0.0,194,67318,卖盘
603,10:17:27,3.48,0.01,20,6960,买盘
604,10:17:33,3.48,0.0,19,6603,买盘
605,10:17:36,3.47,-0.01,138,47886,卖盘
606,10:17:39,3.47,0.0,10,3470,卖盘
607,10:17:51,3.48,0.01,200,69600,买盘
608,10:18:09,3.47,-0.01,17,5899,卖盘
609,10:18:15,3.48,0.01,2,696,买盘
610,10:18:30,3.48,0.0,59,20479,买盘
611,10:18:33,3.48,0.0,332,115536,买盘
612,10:18:45,3.48,0.0,276,95888,买盘
613,10:18:55,3.47,-0.01,188,65372,卖盘
614,10:19:04,3.48,0.01,16,5568,买盘
615,10:19:24,3.48,0.0,187,65076,买盘
616,10:19:30,3.47,-0.01,28,9716,卖盘
617,10:19:43,3.48,0.01,133,46284,买盘
618,10:19:51,3.48,0.0,7,2436,卖盘
619,10:20:04,3.47,-0.01,118,40946,卖盘
620,10:20:09,3.47,0.0,14,4858,卖盘
621,10:20:24,3.47,0.0,53,18391,卖盘
622,10:20:30,3.47,0.0,600,208200,卖盘
623,10:20:33,3.47,0.0,44,15268,卖盘
624,10:21:24,3.47,0.0,467,162079,卖盘
625,10:21:33,3.49,0.02,2,698,买盘
626,10:21:39,3.47,-0.02,7,2429,卖盘
627,10:22:15,3.49,0.02,1,349,买盘
628,10:22:18,3.49,0.0,300,104700,买盘
629,10:22:27,3.49,0.0,53,18497,买盘
630,10:22:36,3.48,-0.01,11,3828,卖盘
631,10:23:18,3.48,0.0,41,14268,卖盘
632,10:23:33,3.48,0.0,105,36640,卖盘
633,10:23:39,3.48,0.0,22,7663,卖盘
634,10:23:42,3.49,0.01,6,2094,买盘
635,10:23:49,3.49,0.0,14,4886,买盘
636,10:23:51,3.48,-0.01,6,2088,卖盘
637,10:24:00,3.49,0.01,28,9752,买盘
638,10:24:06,3.49,0.0,1,349,买盘
639,10:24:09,3.49,0.0,60,20940,买盘
640,10:24:12,3.49,0.0,31,10819,买盘
641,10:24:15,3.49,0.0,1,349,买盘
642,10:24:30,3.48,-0.01,71,24714,卖盘
643,10:24:33,3.48,0.0,57,19836,卖盘
644,10:25:00,3.48,0.0,5,1740,卖盘
645,10:25:09,3.48,0.0,85,29580,卖盘
646,10:25:15,3.48,0.0,101,35148,卖盘
647,10:25:39,3.49,0.01,414,144486,买盘
648,10:26:06,3.5,0.01,30,10500,买盘
649,10:26:18,3.5,0.0,5,1750,买盘
650,10:26:27,3.5,0.0,20,7000,买盘
651,10:26:33,3.5,0.0,42,14700,买盘
652,10:26:39,3.5,0.0,50,17500,买盘
653,10:26:42,3.5,0.0,1,350,买盘
654,10:26:48,3.5,0.0,41,14319,买盘
655,10:26:51,3.49,-0.01,30,10470,卖盘
656,10:27:09,3.49,0.0,20,6980,卖盘
657,10:27:27,3.49,0.0,20,6980,卖盘
658,10:27:30,3.49,0.0,29,10121,卖盘
659,10:28:04,3.49,0.0,38,13262,卖盘
660,10:28:06,3.49,0.0,10,3490,卖盘
661,10:28:18,3.5,0.01,30,10500,买盘
662,10:28:21,3.5,0.0,6,2100,买盘
663,10:28:33,3.49,-0.01,10,3490,卖盘
664,10:28:39,3.49,0.0,5,1745,卖盘
665,10:28:45,3.5,0.01,6,2100,买盘
666,10:29:06,3.5,0.0,58,20300,买盘
667,10:29:21,3.5,0.0,13,4550,买盘
668,10:29:24,3.49,-0.01,100,34900,卖盘
669,10:29:45,3.49,0.0,80,27920,卖盘
670,10:29:54,3.49,0.0,10,3490,卖盘
671,10:29:57,3.49,0.0,100,34900,卖盘
672,10:30:04,3.49,0.0,25,8725,卖盘
673,10:30:12,3.5,0.01,1,350,买盘
674,10:30:18,3.49,-0.01,79,27571,卖盘
675,10:30:24,3.5,0.01,4,1400,买盘
676,10:30:27,3.5,0.0,21,7350,买盘
677,10:30:30,3.49,-0.01,5,1745,卖盘
678,10:30:33,3.49,0.0,265,92488,卖盘
679,10:30:36,3.49,0.0,24,8376,卖盘
680,10:30:42,3.5,0.01,151,52850,买盘
681,10:30:49,3.49,-0.01,25,8725,卖盘
682,10:31:12,3.49,0.0,70,24430,卖盘
683,10:31:15,3.49,0.0,50,17450,买盘
684,10:31:18,3.49,0.0,1,349,买盘
685,10:31:21,3.49,0.0,1,349,买盘
686,10:31:25,3.49,0.0,1,349,买盘
687,10:31:28,3.49,0.0,18,6282,买盘
688,10:31:33,3.49,0.0,4,1396,卖盘
689,10:31:36,3.49,0.0,105,36645,卖盘
690,10:31:51,3.49,0.0,200,69800,买盘
691,10:31:54,3.49,0.0,3,1047,买盘
692,10:31:57,3.48,-0.01,33,11487,卖盘
693,10:32:04,3.48,0.0,843,293364,卖盘
694,10:32:15,3.48,0.0,198,68904,卖盘
695,10:32:18,3.49,0.01,10,3490,买盘
696,10:32:27,3.49,0.0,3,1047,买盘
697,10:32:49,3.49,0.0,1,349,买盘
698,10:32:52,3.48,-0.01,30,10440,卖盘
699,10:32:54,3.48,0.0,7,2436,卖盘
700,10:33:00,3.49,0.01,1,349,买盘
701,10:33:04,3.48,-0.01,10,3480,卖盘
702,10:33:06,3.48,0.0,59,20532,卖盘
703,10:33:15,3.48,0.0,33,11484,卖盘
704,10:33:18,3.48,0.0,4,1392,卖盘
705,10:33:33,3.48,0.0,50,17400,卖盘
706,10:33:37,3.49,0.01,10,3490,买盘
707,10:33:45,3.49,0.0,29,10121,买盘
708,10:33:48,3.49,0.0,27,9399,买盘
709,10:33:51,3.48,-0.01,5,1740,卖盘
710,10:33:54,3.49,0.01,19,6631,买盘
711,10:34:00,3.49,0.0,30,10470,买盘
712,10:34:03,3.48,-0.01,1,348,卖盘
713,10:34:09,3.49,0.01,10,3490,买盘
714,10:34:12,3.48,-0.01,318,110684,卖盘
715,10:34:15,3.48,0.0,7,2436,买盘
716,10:34:19,3.48,0.0,11,3828,买盘
717,10:34:22,3.48,0.0,71,24658,买盘
718,10:34:30,3.48,0.0,33,11484,买盘
719,10:34:33,3.48,0.0,99,34452,买盘
720,10:34:36,3.48,0.0,15,5220,买盘
721,10:34:42,3.48,0.0,193,66974,买盘
722,10:34:45,3.48,0.0,34,11832,买盘
723,10:34:55,3.48,0.0,44,15312,卖盘
724,10:35:00,3.49,0.01,18,6282,买盘
725,10:35:06,3.48,-0.01,10,3480,卖盘
726,10:35:25,3.48,0.0,43,14964,卖盘
727,10:35:33,3.48,0.0,7,2436,卖盘
728,10:35:43,3.48,0.0,246,85608,卖盘
729,10:35:49,3.48,0.0,2,696,买盘
730,10:35:52,3.48,0.0,20,6960,买盘
731,10:35:54,3.48,0.0,1,348,买盘
732,10:35:57,3.48,0.0,1,348,买盘
733,10:36:15,3.48,0.0,25,8700,买盘
734,10:36:18,3.48,0.0,17,5916,买盘
735,10:36:21,3.48,0.0,29,10065,买盘
736,10:36:25,3.48,0.0,60,20880,买盘
737,10:36:48,3.49,0.01,15,5235,买盘
738,10:37:01,3.48,-0.01,50,17400,卖盘
739,10:37:09,3.48,0.0,3,1044,卖盘
740,10:37:27,3.48,0.0,136,47328,卖盘
741,10:38:18,3.48,0.0,8,2784,卖盘
742,10:38:30,3.48,0.0,4,1392,卖盘
743,10:38:45,3.48,0.0,18,6264,卖盘
744,10:38:54,3.48,0.0,32,11136,卖盘
745,10:39:21,3.48,0.0,1,348,卖盘
746,10:39:27,3.49,0.01,29,10121,买盘
747,10:40:00,3.48,-0.01,23,8019,卖盘
748,10:40:06,3.48,0.0,18,6264,卖盘
749,10:40:09,3.48,0.0,53,18444,卖盘
750,10:40:36,3.49,0.01,1,349,买盘
751,10:40:54,3.48,-0.01,100,34800,卖盘
752,10:41:06,3.48,0.0,188,65424,卖盘
753,10:41:21,3.48,0.0,330,114840,卖盘
754,10:41:27,3.48,0.0,10,3480,卖盘
755,10:41:30,3.48,0.0,10,3480,卖盘
756,10:41:36,3.48,0.0,21,7308,卖盘
757,10:41:45,3.48,0.0,32,11136,卖盘
758,10:41:48,3.48,0.0,44,15312,卖盘
759,10:41:51,3.48,0.0,1,348,买盘
760,10:41:55,3.48,0.0,4,1392,买盘
761,10:41:57,3.48,0.0,8,2784,买盘
762,10:42:00,3.48,0.0,5,1740,买盘
763,10:42:03,3.48,0.0,6,2088,买盘
764,10:42:06,3.48,0.0,7,2436,买盘
765,10:42:09,3.48,0.0,3,1044,买盘
766,10:42:12,3.48,0.0,1,348,买盘
767,10:42:15,3.48,0.0,8,2784,买盘
768,10:42:18,3.48,0.0,4,1392,买盘
769,10:42:21,3.48,0.0,5,1740,买盘
770,10:42:24,3.48,0.0,5,1740,买盘
771,10:42:27,3.48,0.0,3,1044,买盘
772,10:42:30,3.48,0.0,2,696,买盘
773,10:42:33,3.48,0.0,3,1044,买盘
774,10:42:36,3.48,0.0,3,1044,买盘
775,10:42:39,3.48,0.0,3,1044,买盘
776,10:42:42,3.48,0.0,9,3132,买盘
777,10:42:45,3.47,-0.01,8,2779,卖盘
778,10:42:54,3.48,0.01,1,348,买盘
779,10:42:57,3.48,0.0,1,348,买盘
780,10:43:09,3.47,-0.01,15,5205,卖盘
781,10:43:33,3.48,0.01,129,44792,买盘
782,10:43:46,3.47,-0.01,104,36088,卖盘
783,10:44:03,3.47,0.0,56,19432,卖盘
784,10:44:06,3.47,0.0,20,6940,卖盘
785,10:44:22,3.47,0.0,25,8675,卖盘
786,10:44:30,3.47,0.0,1,347,卖盘
787,10:44:36,3.47,0.0,5,1735,卖盘
788,10:45:04,3.47,0.0,20,6952,卖盘
789,10:45:18,3.47,0.0,70,24290,卖盘
790,10:45:27,3.48,0.01,50,17400,买盘
791,10:45:30,3.47,-0.01,10,3470,卖盘
792,10:45:57,3.47,0.0,1375,477145,卖盘
793,10:46:06,3.47,0.0,404,140188,买盘
794,10:46:10,3.47,0.0,12,4164,买盘
795,10:46:12,3.47,0.0,8,2776,买盘
796,10:46:15,3.47,0.0,19,6593,买盘
797,10:46:18,3.47,0.0,15,5205,买盘
798,10:46:21,3.47,0.0,7,2429,买盘
799,10:46:24,3.47,0.0,8,2776,买盘
800,10:46:31,3.46,-0.01,36,12457,卖盘
801,10:46:34,3.47,0.01,34,11798,买盘
802,10:46:36,3.47,0.0,4,1388,买盘
803,10:46:39,3.47,0.0,5,1735,买盘
804,10:46:42,3.47,0.0,16,5552,买盘
805,10:46:45,3.46,-0.01,111,38417,卖盘
806,10:46:49,3.47,0.01,3,1041,买盘
807,10:46:52,3.47,0.0,2,694,买盘
808,10:46:54,3.47,0.0,7,2429,买盘
809,10:46:57,3.47,0.0,7,2429,买盘
810,10:47:00,3.47,0.0,2,694,买盘
811,10:47:03,3.47,0.0,22,7634,买盘
812,10:47:06,3.47,0.0,5,1735,买盘
813,10:47:09,3.47,0.0,5,1735,买盘
814,10:47:13,3.47,0.0,8,2776,买盘
815,10:47:16,3.47,0.0,8,2776,买盘
816,10:47:18,3.47,0.0,8,2776,买盘
817,10:47:21,3.47,0.0,15,5205,买盘
818,10:47:24,3.47,0.0,12,4164,买盘
819,10:47:27,3.47,0.0,13,4511,买盘
820,10:47:31,3.46,-0.01,7,2426,卖盘
821,10:47:34,3.47,0.01,50,17350,买盘
822,10:47:37,3.46,-0.01,3,1038,卖盘
823,10:47:51,3.47,0.01,21,7287,买盘
824,10:47:57,3.46,-0.01,132,45672,卖盘
825,10:48:00,3.46,0.0,11,3806,卖盘
826,10:48:21,3.46,0.0,7,2422,卖盘
827,10:48:25,3.46,0.0,30,10380,卖盘
828,10:48:27,3.46,0.0,315,108990,卖盘
829,10:48:42,3.46,0.0,46,15916,卖盘
830,10:48:45,3.46,0.0,30,10380,卖盘
831,10:48:51,3.47,0.01,31,10757,买盘
832,10:49:00,3.46,-0.01,1019,352574,卖盘
833,10:49:04,3.46,0.0,6,2076,买盘
834,10:49:09,3.46,0.0,56,19376,买盘
835,10:49:12,3.46,0.0,2,692,买盘
836,10:49:18,3.46,0.0,140,48440,买盘
837,10:49:27,3.46,0.0,167,57782,卖盘
838,10:49:33,3.46,0.0,33,11418,买盘
839,10:49:48,3.46,0.0,100,34600,卖盘
840,10:50:00,3.47,0.01,15,5205,买盘
841,10:50:04,3.47,0.0,23,7971,买盘
842,10:50:09,3.47,0.0,284,98548,买盘
843,10:50:18,3.46,-0.01,15,5195,卖盘
844,10:50:24,3.47,0.01,196,68012,买盘
845,10:50:57,3.47,0.0,1,347,卖盘
846,10:51:40,3.48,0.01,30,10440,买盘
847,10:51:43,3.48,0.0,4,1392,买盘
848,10:51:54,3.47,-0.01,198,68706,卖盘
849,10:52:04,3.47,0.0,2,694,买盘
850,10:52:27,3.47,0.0,54,18738,卖盘
851,10:52:36,3.47,0.0,100,34700,买盘
852,10:52:57,3.47,0.0,58,20088,买盘
853,10:53:04,3.47,0.0,20,6940,买盘
854,10:53:21,3.47,0.0,20,6940,买盘
855,10:53:24,3.47,0.0,192,66624,买盘
856,10:53:30,3.46,-0.01,2,692,卖盘
857,10:53:51,3.47,0.01,252,87444,买盘
858,10:53:57,3.47,0.0,97,33659,买盘
859,10:54:39,3.48,0.01,10,3480,买盘
860,10:54:42,3.47,-0.01,1,347,卖盘
861,10:54:45,3.48,0.01,490,170520,买盘
862,10:54:51,3.47,-0.01,60,20820,卖盘
863,10:55:09,3.48,0.01,30,10440,买盘
864,10:55:18,3.48,0.0,10,3480,买盘
865,10:55:22,3.48,0.0,30,10440,买盘
866,10:55:24,3.48,0.0,20,6960,买盘
867,10:55:27,3.48,0.0,31,10788,买盘
868,10:55:30,3.48,0.0,13,4524,买盘
869,10:55:39,3.48,0.0,60,20880,买盘
870,10:55:42,3.48,0.0,2,696,买盘
871,10:55:49,3.48,0.0,5,1740,买盘
872,10:56:01,3.48,0.0,232,80539,买盘
873,10:56:04,3.48,0.0,38,13224,买盘
874,10:56:06,3.48,0.0,14,4872,买盘
875,10:56:09,3.48,0.0,24,8352,买盘
876,10:56:12,3.48,0.0,3,1044,卖盘
877,10:56:45,3.48,0.0,176,61248,卖盘
878,10:56:51,3.48,0.0,2,696,买盘
879,10:57:01,3.48,0.0,20,6960,买盘
880,10:57:04,3.49,0.01,120,41778,买盘
881,10:57:13,3.48,-0.01,27,9396,卖盘
882,10:57:21,3.49,0.01,46,16054,买盘
883,10:57:24,3.48,-0.01,59,20532,卖盘
884,10:57:33,3.48,0.0,5,1740,买盘
885,10:57:42,3.48,0.0,7,2432,买盘
886,10:57:45,3.48,0.0,4,1392,买盘
887,10:57:51,3.49,0.01,1,349,买盘
888,10:58:00,3.48,-0.01,4,1392,卖盘
889,10:58:12,3.49,0.01,80,27920,买盘
890,10:58:15,3.49,0.0,10,3490,买盘
891,10:58:33,3.49,0.0,40,13960,买盘
892,10:58:42,3.49,0.0,2,698,买盘
893,10:59:18,3.49,0.0,94,32806,买盘
894,10:59:21,3.49,0.0,64,22336,买盘
895,10:59:24,3.49,0.0,25,8725,买盘
896,10:59:33,3.49,0.0,100,34900,买盘
897,10:59:39,3.48,-0.01,64,22272,卖盘
898,10:59:48,3.49,0.01,5,1745,买盘
899,11:00:19,3.49,0.0,1,349,买盘
900,11:00:24,3.49,0.0,3,1047,买盘
901,11:00:36,3.49,0.0,10,3490,买盘
902,11:00:54,3.49,0.0,1,349,买盘
903,11:00:57,3.49,0.0,40,13960,买盘
904,11:01:03,3.49,0.0,58,20242,买盘
905,11:01:09,3.48,-0.01,48,16732,卖盘
906,11:01:12,3.49,0.01,6,2094,买盘
907,11:01:15,3.49,0.0,10,3490,买盘
908,11:01:31,3.49,0.0,232,80968,买盘
909,11:01:34,3.48,-0.01,26,9048,卖盘
910,11:01:54,3.49,0.01,38,13262,买盘
911,11:02:01,3.49,0.0,9,3141,买盘
912,11:02:12,3.49,0.0,212,73907,买盘
913,11:02:21,3.49,0.0,200,69800,买盘
914,11:02:24,3.48,-0.01,7,2436,卖盘
915,11:02:27,3.48,0.0,7,2436,卖盘
916,11:02:33,3.48,0.0,15,5230,卖盘
917,11:03:12,3.49,0.01,5,1745,买盘
918,11:03:18,3.49,0.0,12,4188,买盘
919,11:03:30,3.52,0.03,1834,643784,买盘
920,11:03:33,3.52,0.0,20,7040,卖盘
921,11:03:36,3.52,0.0,100,35200,卖盘
922,11:03:46,3.52,0.0,96,33792,卖盘
923,11:04:12,3.52,0.0,15,5280,买盘
924,11:04:18,3.51,-0.01,30,10530,卖盘
925,11:04:24,3.5,-0.01,113,39550,卖盘
926,11:04:45,3.51,0.01,65,22815,买盘
927,11:04:58,3.51,0.0,38,13338,买盘
928,11:05:10,3.52,0.01,5,1760,买盘
929,11:05:18,3.5,-0.02,7,2450,卖盘
930,11:05:36,3.5,0.0,55,19250,卖盘
931,11:05:42,3.51,0.01,468,164248,买盘
932,11:06:09,3.51,0.0,50,17550,卖盘
933,11:06:25,3.51,0.0,134,47034,卖盘
934,11:06:37,3.51,0.0,10,3510,买盘
935,11:06:48,3.51,0.0,10,3510,买盘
936,11:07:18,3.52,0.01,866,304519,买盘
937,11:07:21,3.52,0.0,125,44000,卖盘
938,11:07:24,3.52,0.0,9,3168,卖盘
939,11:07:39,3.53,0.01,339,119667,买盘
940,11:07:42,3.52,-0.01,147,51833,卖盘
941,11:07:54,3.52,0.0,50,17600,卖盘
942,11:07:57,3.53,0.01,164,57892,买盘
943,11:08:00,3.53,0.0,10,3530,买盘
944,11:08:03,3.53,0.0,47,16591,卖盘
945,11:08:06,3.53,0.0,1,353,卖盘
946,11:08:13,3.53,0.0,10,3530,卖盘
947,11:08:19,3.53,0.0,38,13414,卖盘
948,11:08:21,3.53,0.0,37,13061,卖盘
949,11:08:33,3.52,-0.01,5,1760,卖盘
950,11:08:42,3.52,0.0,10,3520,卖盘
951,11:09:04,3.52,0.0,41,14432,卖盘
952,11:09:12,3.52,0.0,20,7040,卖盘
953,11:09:21,3.52,0.0,24,8448,卖盘
954,11:09:25,3.52,0.0,50,17600,卖盘
955,11:09:28,3.52,0.0,537,189024,卖盘
956,11:09:33,3.52,0.0,20,7040,卖盘
957,11:09:39,3.52,0.0,10,3520,卖盘
958,11:09:45,3.52,0.0,100,35200,卖盘
959,11:09:48,3.52,0.0,50,17600,卖盘
960,11:09:51,3.52,0.0,300,105600,卖盘
961,11:09:54,3.52,0.0,15,5280,卖盘
962,11:10:00,3.52,0.0,1,352,卖盘
963,11:10:07,3.52,0.0,14,4928,卖盘
964,11:10:09,3.52,0.0,86,30272,卖盘
965,11:10:21,3.52,0.0,40,14080,卖盘
966,11:10:24,3.52,0.0,104,36608,卖盘
967,11:10:27,3.52,0.0,8,2816,卖盘
968,11:10:30,3.52,0.0,30,10560,卖盘
969,11:10:33,3.52,0.0,97,34144,卖盘
970,11:10:36,3.52,0.0,220,77440,卖盘
971,11:10:42,3.52,0.0,25,8800,卖盘
972,11:10:45,3.52,0.0,98,34496,卖盘
973,11:11:18,3.5,-0.02,378,132300,卖盘
974,11:11:27,3.51,0.01,2,702,买盘
975,11:11:36,3.51,0.0,208,72808,买盘
976,11:11:39,3.51,0.0,4,1404,卖盘
977,11:12:42,3.5,-0.01,13,4550,卖盘
978,11:12:48,3.49,-0.01,38,13282,卖盘
979,11:13:06,3.5,0.01,2,700,卖盘
980,11:13:18,3.5,0.0,1,350,卖盘
981,11:13:36,3.5,0.0,12,4210,卖盘
982,11:14:30,3.5,0.0,1,350,卖盘
983,11:14:45,3.51,0.01,44,15444,买盘
984,11:14:55,3.5,-0.01,3,1050,卖盘
985,11:15:09,3.51,0.01,1,351,买盘
986,11:15:42,3.51,0.0,5,1755,买盘
987,11:15:54,3.51,0.0,71,24921,买盘
988,11:16:00,3.51,0.0,12,4212,买盘
989,11:16:04,3.51,0.0,10,3510,买盘
990,11:16:36,3.51,0.0,21,7371,买盘
991,11:16:45,3.51,0.0,29,10179,买盘
992,11:16:57,3.51,0.0,7,2457,卖盘
993,11:17:18,3.51,0.0,10,3510,卖盘
994,11:17:21,3.51,0.0,20,7020,卖盘
995,11:17:45,3.51,0.0,291,102141,卖盘
996,11:18:04,3.5,-0.01,5,1750,卖盘
997,11:18:09,3.51,0.01,100,35100,买盘
998,11:18:12,3.51,0.0,1,351,买盘
999,11:19:03,3.51,0.0,5,1755,买盘
1000,11:19:18,3.51,0.0,82,28782,买盘
1001,11:19:27,3.5,-0.01,3,1050,卖盘
1002,11:19:42,3.5,0.0,30,10500,卖盘
1003,11:19:45,3.51,0.01,42,14742,买盘
1004,11:20:04,3.5,-0.01,1,350,卖盘
1005,11:20:30,3.51,0.01,2,702,买盘
1006,11:20:36,3.51,0.0,4,1402,买盘
1007,11:20:40,3.51,0.0,1,351,买盘
1008,11:20:48,3.51,0.0,99,34749,买盘
1009,11:20:51,3.51,0.0,74,25974,买盘
1010,11:21:00,3.51,0.0,20,7020,卖盘
1011,11:21:18,3.52,0.01,3,1056,买盘
1012,11:21:48,3.51,-0.01,30,10530,卖盘
1013,11:22:04,3.52,0.01,20,7040,买盘
1014,11:22:06,3.51,-0.01,172,60372,卖盘
1015,11:22:18,3.51,0.0,30,10530,卖盘
1016,11:22:24,3.51,0.0,9,3167,卖盘
1017,11:22:33,3.52,0.01,5,1760,买盘
1018,11:22:39,3.52,0.0,10,3520,买盘
1019,11:23:06,3.52,0.0,30,10560,买盘
1020,11:23:13,3.51,-0.01,16,5616,卖盘
1021,11:23:30,3.51,0.0,3,1053,买盘
1022,11:24:21,3.51,0.0,8,2808,卖盘
1023,11:24:30,3.51,0.0,6,2106,卖盘
1024,11:24:33,3.51,0.0,10,3510,卖盘
1025,11:24:36,3.53,0.02,610,215097,买盘
1026,11:24:45,3.53,0.0,9,3177,卖盘
1027,11:24:54,3.53,0.0,10,3530,卖盘
1028,11:25:28,3.53,0.0,13,4589,买盘
1029,11:25:34,3.53,0.0,8,2824,买盘
1030,11:25:36,3.53,0.0,70,24710,买盘
1031,11:25:45,3.52,-0.01,8,2816,卖盘
1032,11:25:48,3.52,0.0,1,352,买盘
1033,11:25:51,3.52,0.0,1,352,买盘
1034,11:25:54,3.52,0.0,1,352,买盘
1035,11:25:57,3.52,0.0,1,352,买盘
1036,11:26:00,3.52,0.0,22,7744,买盘
1037,11:26:04,3.52,0.0,24,8448,买盘
1038,11:26:15,3.52,0.0,11,3872,卖盘
1039,11:26:21,3.53,0.01,555,195876,买盘
1040,11:26:37,3.53,0.0,16,5648,卖盘
1041,11:26:39,3.53,0.0,30,10590,卖盘
1042,11:27:10,3.53,0.0,1,353,卖盘
1043,11:27:16,3.52,-0.01,1,352,卖盘
1044,11:27:34,3.52,0.0,10,3520,卖盘
1045,11:28:33,3.53,0.01,150,52900,买盘
1046,11:28:42,3.53,0.0,30,10590,买盘
1047,11:29:27,3.52,-0.01,101,35552,卖盘
1048,11:29:39,3.52,0.0,5,1760,卖盘
1049,11:30:01,3.52,0.0,1,352,卖盘
1050,13:00:04,3.53,0.01,510,179997,买盘
1051,13:00:06,3.53,0.0,407,143671,买盘
1052,13:00:30,3.53,0.0,34,12002,买盘
1053,13:00:36,3.52,-0.01,5,1760,卖盘
1054,13:00:55,3.53,0.01,68,24004,买盘
1055,13:01:03,3.52,-0.01,29,10208,卖盘
1056,13:01:33,3.52,0.0,277,97504,卖盘
1057,13:02:06,3.51,-0.01,9,3159,卖盘
1058,13:02:39,3.52,0.01,5,1760,买盘
1059,13:03:27,3.51,-0.01,8,2808,卖盘
1060,13:03:33,3.52,0.01,10,3520,买盘
1061,13:03:48,3.51,-0.01,50,17550,卖盘
1062,13:04:09,3.51,0.0,10,3510,卖盘
1063,13:04:18,3.51,0.0,30,10530,卖盘
1064,13:04:30,3.51,0.0,1194,419094,卖盘
1065,13:04:57,3.51,0.0,1,351,买盘
1066,13:05:00,3.5,-0.01,10,3500,卖盘
1067,13:05:15,3.5,0.0,11,3850,卖盘
1068,13:05:21,3.5,0.0,38,13300,卖盘
1069,13:05:45,3.51,0.01,17,5967,买盘
1070,13:05:51,3.5,-0.01,1,350,卖盘
1071,13:05:54,3.5,0.0,4,1400,卖盘
1072,13:05:57,3.5,0.0,70,24500,卖盘
1073,13:06:04,3.51,0.01,2,702,买盘
1074,13:06:09,3.51,0.0,56,19656,买盘
1075,13:06:36,3.51,0.0,14,4914,买盘
1076,13:06:42,3.51,0.0,47,16497,买盘
1077,13:07:10,3.5,-0.01,26,9100,卖盘
1078,13:07:15,3.51,0.01,10,3510,买盘
1079,13:07:39,3.5,-0.01,1,350,卖盘
1080,13:07:42,3.51,0.01,18,6318,买盘
1081,13:07:48,3.5,-0.01,49,17150,卖盘
1082,13:08:00,3.5,0.0,55,19255,卖盘
1083,13:08:15,3.5,0.0,64,22400,卖盘
1084,13:08:43,3.5,0.0,9,3150,卖盘
1085,13:08:51,3.5,0.0,10,3500,卖盘
1086,13:09:06,3.5,0.0,725,253750,卖盘
1087,13:09:10,3.5,0.0,105,36750,卖盘
1088,13:09:36,3.49,-0.01,1,349,卖盘
1089,13:09:54,3.5,0.01,3,1050,买盘
1090,13:09:57,3.49,-0.01,4,1396,卖盘
1091,13:10:00,3.5,0.01,44,15386,买盘
1092,13:10:27,3.49,-0.01,23,8027,卖盘
1093,13:10:36,3.5,0.01,75,26250,买盘
1094,13:11:52,3.49,-0.01,267,93183,卖盘
1095,13:12:04,3.49,0.0,11,3839,买盘
1096,13:12:15,3.49,0.0,35,12215,卖盘
1097,13:12:30,3.49,0.0,10,3490,买盘
1098,13:12:43,3.48,-0.01,500,174000,卖盘
1099,13:12:46,3.49,0.01,2,698,买盘
1100,13:12:51,3.48,-0.01,261,90828,卖盘
1101,13:13:04,3.48,0.0,30,10440,卖盘
1102,13:13:27,3.49,0.01,18,6282,买盘
1103,13:14:00,3.48,-0.01,7,2441,卖盘
1104,13:14:24,3.48,0.0,4,1392,卖盘
1105,13:15:04,3.49,0.01,23,8027,买盘
1106,13:15:12,3.49,0.0,136,47464,卖盘
1107,13:17:24,3.5,0.01,178,62300,买盘
1108,13:17:31,3.5,0.0,22,7700,卖盘
1109,13:17:48,3.5,0.0,32,11200,买盘
1110,13:17:58,3.5,0.0,1,350,买盘
1111,13:18:09,3.5,0.0,137,47950,买盘
1112,13:18:12,3.5,0.0,50,17500,卖盘
1113,13:18:15,3.5,0.0,31,10850,卖盘
1114,13:18:36,3.5,0.0,50,17500,卖盘
1115,13:18:39,3.5,0.0,1,350,卖盘
1116,13:18:48,3.5,0.0,103,36050,卖盘
1117,13:19:00,3.51,0.01,19,6669,买盘
1118,13:19:06,3.51,0.0,8,2808,买盘
1119,13:19:18,3.5,-0.01,30,10500,卖盘
1120,13:19:27,3.5,0.0,10,3500,卖盘
1121,13:19:36,3.5,0.0,120,42000,卖盘
1122,13:19:54,3.5,0.0,25,8750,买盘
1123,13:20:00,3.5,0.0,29,10150,买盘
1124,13:20:04,3.5,0.0,19,6650,买盘
1125,13:20:12,3.49,-0.01,19,6631,卖盘
1126,13:20:15,3.49,0.0,118,41182,卖盘
1127,13:20:51,3.49,0.0,9,3141,卖盘
1128,13:20:57,3.49,0.0,29,10121,卖盘
1129,13:21:15,3.49,0.0,24,8376,卖盘
1130,13:21:54,3.49,0.0,150,52350,卖盘
1131,13:22:12,3.49,0.0,86,30014,卖盘
1132,13:22:18,3.49,0.0,14,4886,卖盘
1133,13:23:15,3.49,0.0,14,4886,卖盘
1134,13:23:39,3.5,0.01,28,9800,买盘
1135,13:24:00,3.49,-0.01,30,10470,卖盘
1136,13:24:15,3.5,0.01,28,9800,买盘
1137,13:24:18,3.49,-0.01,1,349,卖盘
1138,13:24:39,3.49,0.0,20,6980,卖盘
1139,13:24:42,3.48,-0.01,200,69716,卖盘
1140,13:24:57,3.49,0.01,17,5933,卖盘
1141,13:25:00,3.49,0.0,12,4188,卖盘
1142,13:25:15,3.49,0.0,3,1047,买盘
1143,13:25:30,3.49,0.0,60,20940,买盘
1144,13:25:36,3.48,-0.01,1,348,卖盘
1145,13:25:42,3.48,0.0,15,5220,卖盘
1146,13:26:21,3.48,0.0,50,17400,卖盘
1147,13:26:24,3.48,0.0,2,696,卖盘
1148,13:26:36,3.48,0.0,14,4872,卖盘
1149,13:26:57,3.48,0.0,120,41760,卖盘
1150,13:27:24,3.48,0.0,15,5220,卖盘
1151,13:27:27,3.48,0.0,7,2436,卖盘
1152,13:27:37,3.48,0.0,44,15312,卖盘
1153,13:27:48,3.48,0.0,194,67517,卖盘
1154,13:28:06,3.48,0.0,157,54636,卖盘
1155,13:28:09,3.49,0.01,10,3490,买盘
1156,13:28:13,3.48,-0.01,133,46284,卖盘
1157,13:28:15,3.48,0.0,15,5220,卖盘
1158,13:28:21,3.48,0.0,58,20184,卖盘
1159,13:28:36,3.48,0.0,68,23664,卖盘
1160,13:28:51,3.48,0.0,9,3132,卖盘
1161,13:28:57,3.48,0.0,1,348,卖盘
1162,13:29:04,3.49,0.01,1,349,买盘
1163,13:29:06,3.48,-0.01,2,696,卖盘
1164,13:29:27,3.48,0.0,45,15660,卖盘
1165,13:29:30,3.49,0.01,10,3490,买盘
1166,13:29:36,3.49,0.0,89,31061,买盘
1167,13:29:48,3.49,0.0,26,9074,买盘
1168,13:29:51,3.49,0.0,5,1745,买盘
1169,13:29:57,3.49,0.0,70,24430,买盘
1170,13:30:04,3.49,0.0,2,698,买盘
1171,13:30:16,3.48,-0.01,3,1044,卖盘
1172,13:30:18,3.48,0.0,79,27492,卖盘
1173,13:30:33,3.49,0.01,3,1047,买盘
1174,13:30:54,3.49,0.0,66,23034,买盘
1175,13:31:04,3.49,0.0,24,8376,买盘
1176,13:31:27,3.49,0.0,51,17799,买盘
1177,13:31:51,3.49,0.0,50,17450,买盘
1178,13:32:01,3.49,0.0,50,17450,买盘
1179,13:32:04,3.49,0.0,6,2094,买盘
1180,13:32:42,3.48,-0.01,111,38729,卖盘
1181,13:33:24,3.48,0.0,50,17400,卖盘
1182,13:33:30,3.49,0.01,28,9772,买盘
1183,13:33:39,3.48,-0.01,20,6960,卖盘
1184,13:33:42,3.48,0.0,1,348,卖盘
1185,13:34:15,3.48,0.0,13,4526,卖盘
1186,13:34:27,3.49,0.01,10,3490,买盘
1187,13:35:00,3.48,-0.01,9,3132,卖盘
1188,13:35:15,3.49,0.01,10,3490,买盘
1189,13:35:36,3.48,-0.01,10,3480,卖盘
1190,13:36:04,3.49,0.01,76,26505,买盘
1191,13:36:09,3.49,0.0,5,1745,买盘
1192,13:36:24,3.49,0.0,1,349,买盘
1193,13:36:39,3.48,-0.01,72,25056,卖盘
1194,13:37:04,3.48,0.0,133,46284,卖盘
1195,13:37:24,3.48,0.0,20,6960,卖盘
1196,13:37:31,3.48,0.0,200,69600,卖盘
1197,13:37:42,3.48,0.0,147,51156,卖盘
1198,13:37:51,3.48,0.0,295,102660,卖盘
1199,13:37:54,3.48,0.0,42,14616,卖盘
1200,13:37:57,3.48,0.0,27,9396,卖盘
1201,13:38:06,3.48,0.0,28,9744,卖盘
1202,13:38:09,3.48,0.0,258,89784,卖盘
1203,13:38:24,3.48,0.0,204,70992,买盘
1204,13:38:36,3.47,-0.01,50,17350,卖盘
1205,13:38:42,3.48,0.01,5,1740,买盘
1206,13:38:45,3.47,-0.01,80,27760,卖盘
1207,13:38:48,3.47,0.0,50,17350,卖盘
1208,13:39:00,3.47,0.0,114,39558,卖盘
1209,13:39:09,3.47,0.0,343,119021,卖盘
1210,13:39:42,3.48,0.01,10,3480,买盘
1211,13:39:48,3.47,-0.01,29,10063,卖盘
1212,13:39:51,3.48,0.01,55,19140,买盘
1213,13:40:06,3.48,0.0,65,22570,买盘
1214,13:40:27,3.48,0.0,2,696,买盘
1215,13:40:33,3.48,0.0,2,696,买盘
1216,13:41:03,3.48,0.0,15,5220,买盘
1217,13:41:18,3.47,-0.01,250,86750,卖盘
1218,13:41:21,3.48,0.01,20,6960,买盘
1219,13:41:33,3.47,-0.01,80,27760,卖盘
1220,13:42:15,3.47,0.0,105,36435,卖盘
1221,13:42:18,3.48,0.01,58,20184,买盘
1222,13:43:12,3.48,0.0,32,11136,买盘
1223,13:43:36,3.48,0.0,30,10440,买盘
1224,13:43:54,3.48,0.0,121,42108,买盘
1225,13:43:58,3.48,0.0,9,3132,买盘
1226,13:44:00,3.48,0.0,2,696,买盘
1227,13:44:12,3.48,0.0,10,3480,买盘
1228,13:44:15,3.48,0.0,10,3480,买盘
1229,13:44:18,3.48,0.0,493,171564,买盘
1230,13:44:54,3.49,0.01,25,8725,买盘
1231,13:44:57,3.48,-0.01,5,1740,卖盘
1232,13:45:18,3.48,0.0,22,7656,卖盘
1233,13:45:27,3.48,0.0,100,34800,卖盘
1234,13:45:39,3.48,0.0,20,6960,卖盘
1235,13:45:48,3.49,0.01,2,698,买盘
1236,13:45:54,3.48,-0.01,15,5220,卖盘
1237,13:45:58,3.48,0.0,133,46284,卖盘
1238,13:46:12,3.47,-0.01,48,16656,卖盘
1239,13:46:18,3.48,0.01,20,6960,买盘
1240,13:46:21,3.47,-0.01,22,7634,卖盘
1241,13:46:36,3.47,0.0,55,19085,卖盘
1242,13:46:54,3.47,0.0,269,93343,卖盘
1243,13:46:57,3.47,0.0,2,694,卖盘
1244,13:47:39,3.47,0.0,46,15998,卖盘
1245,13:48:12,3.48,0.01,11,3828,买盘
1246,13:48:15,3.48,0.0,18,6261,买盘
1247,13:48:27,3.48,0.0,100,34800,买盘
1248,13:48:30,3.48,0.0,20,6960,买盘
1249,13:48:36,3.48,0.0,20,6960,买盘
1250,13:48:39,3.48,0.0,28,9744,买盘
1251,13:48:45,3.48,0.0,25,8700,买盘
1252,13:48:48,3.48,0.0,1,348,买盘
1253,13:48:54,3.47,-0.01,100,34700,卖盘
1254,13:48:57,3.48,0.01,19,6612,买盘
1255,13:49:09,3.48,0.0,10,3480,买盘
1256,13:49:33,3.48,0.0,18,6264,买盘
1257,13:49:42,3.48,0.0,87,30276,买盘
1258,13:49:51,3.47,-0.01,30,10410,卖盘
1259,13:50:03,3.48,0.01,7,2436,买盘
1260,13:50:22,3.48,0.0,100,34800,买盘
1261,13:50:25,3.48,0.0,13,4524,买盘
1262,13:50:42,3.47,-0.01,20,6940,卖盘
1263,13:50:51,3.48,0.01,56,19488,买盘
1264,13:51:27,3.48,0.0,100,34800,买盘
1265,13:51:33,3.48,0.0,80,27840,买盘
1266,13:51:48,3.47,-0.01,7,2429,卖盘
1267,13:52:03,3.48,0.01,182,63211,买盘
1268,13:52:06,3.48,0.0,10,3480,买盘
1269,13:52:24,3.48,0.0,5,1740,买盘
1270,13:52:27,3.48,0.0,32,11136,买盘
1271,13:52:48,3.47,-0.01,12,4164,卖盘
1272,13:52:57,3.48,0.01,20,6960,买盘
1273,13:53:30,3.48,0.0,44,15312,买盘
1274,13:53:39,3.48,0.0,10,3480,买盘
1275,13:54:04,3.48,0.0,100,34800,买盘
1276,13:54:12,3.48,0.0,20,6960,买盘
1277,13:54:18,3.47,-0.01,80,27760,卖盘
1278,13:54:24,3.48,0.01,47,16356,买盘
1279,13:54:45,3.48,0.0,10,3480,买盘
1280,13:54:57,3.48,0.0,14,4872,买盘
1281,13:55:09,3.47,-0.01,30,10410,卖盘
1282,13:55:12,3.47,0.0,44,15268,卖盘
1283,13:55:18,3.48,0.01,1,348,买盘
1284,13:56:06,3.47,-0.01,151,52397,卖盘
1285,13:56:36,3.47,0.0,5,1735,卖盘
1286,13:56:39,3.47,0.0,1,347,卖盘
1287,13:56:54,3.48,0.01,220,76360,买盘
1288,13:57:06,3.47,-0.01,20,6940,卖盘
1289,13:57:24,3.47,0.0,9,3123,卖盘
1290,13:57:39,3.47,0.0,400,138800,卖盘
1291,13:57:42,3.47,0.0,5,1735,卖盘
1292,13:57:51,3.48,0.01,10,3480,买盘
1293,13:57:57,3.47,-0.01,10,3470,卖盘
1294,13:58:12,3.47,0.0,43,14921,卖盘
1295,13:58:51,3.47,0.0,10,3470,买盘
1296,13:59:18,3.47,0.0,3,1041,买盘
1297,13:59:24,3.46,-0.01,100,34600,卖盘
1298,13:59:27,3.47,0.01,78,27066,买盘
1299,13:59:39,3.47,0.0,1,347,买盘
1300,13:59:48,3.47,0.0,18,6246,卖盘
1301,13:59:57,3.47,0.0,36,12492,卖盘
1302,14:00:04,3.47,0.0,16,5552,买盘
1303,14:00:07,3.47,0.0,3,1041,买盘
1304,14:00:13,3.46,-0.01,5,1730,卖盘
1305,14:00:15,3.46,0.0,232,80272,卖盘
1306,14:00:30,3.46,0.0,300,103800,卖盘
1307,14:00:33,3.46,0.0,31,10726,卖盘
1308,14:00:36,3.47,0.01,8,2776,买盘
1309,14:00:39,3.46,-0.01,20,6920,卖盘
1310,14:00:42,3.46,0.0,135,46710,卖盘
1311,14:00:48,3.46,0.0,302,104492,卖盘
1312,14:00:52,3.46,0.0,59,20414,卖盘
1313,14:00:55,3.46,0.0,13,4498,卖盘
1314,14:00:57,3.46,0.0,240,83040,卖盘
1315,14:01:01,3.46,0.0,50,17300,卖盘
1316,14:01:10,3.46,0.0,182,62972,卖盘
1317,14:01:18,3.46,0.0,48,16608,买盘
1318,14:01:21,3.46,0.0,39,13474,卖盘
1319,14:01:30,3.46,0.0,63,21798,卖盘
1320,14:01:42,3.46,0.0,70,24220,买盘
1321,14:01:54,3.46,0.0,83,28679,买盘
1322,14:02:04,3.45,-0.01,205,70730,卖盘
1323,14:02:06,3.45,0.0,47,16227,卖盘
1324,14:02:15,3.46,0.01,43,14878,买盘
1325,14:02:18,3.45,-0.01,116,40020,卖盘
1326,14:02:21,3.45,0.0,107,36915,卖盘
1327,14:02:24,3.45,0.0,4,1380,卖盘
1328,14:02:27,3.45,0.0,28,9660,卖盘
1329,14:02:33,3.45,0.0,230,79350,卖盘
1330,14:02:39,3.45,0.0,13,4485,卖盘
1331,14:02:45,3.45,0.0,30,10350,卖盘
1332,14:02:48,3.45,0.0,60,20700,卖盘
1333,14:02:51,3.45,0.0,1,345,卖盘
1334,14:03:00,3.45,0.0,46,15870,卖盘
1335,14:03:04,3.45,0.0,282,97295,卖盘
1336,14:03:15,3.45,0.0,40,13800,卖盘
1337,14:03:27,3.45,0.0,62,21390,卖盘
1338,14:03:37,3.45,0.0,34,11730,卖盘
1339,14:03:39,3.45,0.0,279,96255,卖盘
1340,14:03:55,3.45,0.0,223,76935,卖盘
1341,14:04:04,3.45,0.0,52,17967,卖盘
1342,14:04:06,3.45,0.0,627,216315,卖盘
1343,14:04:12,3.45,0.0,50,17250,卖盘
1344,14:04:15,3.45,0.0,3,1035,卖盘
1345,14:04:22,3.45,0.0,61,21045,卖盘
1346,14:04:31,3.46,0.01,1,346,买盘
1347,14:04:45,3.45,-0.01,453,156285,卖盘
1348,14:04:58,3.45,0.0,128,44160,买盘
1349,14:05:01,3.45,0.0,1,345,买盘
1350,14:05:06,3.45,0.0,15,5175,买盘
1351,14:05:09,3.45,0.0,45,15525,买盘
1352,14:05:15,3.45,0.0,55,18975,买盘
1353,14:05:18,3.45,0.0,10,3450,买盘
1354,14:05:21,3.45,0.0,20,6900,买盘
1355,14:05:24,3.45,0.0,3,1035,买盘
1356,14:05:36,3.45,0.0,10,3450,卖盘
1357,14:05:45,3.46,0.01,5,1730,买盘
1358,14:05:51,3.45,-0.01,4,1380,卖盘
1359,14:05:57,3.46,0.01,5,1730,买盘
1360,14:06:06,3.46,0.0,156,53976,买盘
1361,14:06:15,3.46,0.0,10,3460,买盘
1362,14:06:19,3.46,0.0,50,17300,买盘
1363,14:06:31,3.46,0.0,70,24170,买盘
1364,14:06:36,3.46,0.0,53,18338,买盘
1365,14:06:39,3.46,0.0,3,1038,买盘
1366,14:06:45,3.47,0.01,70,24290,买盘
1367,14:07:09,3.46,-0.01,256,88626,卖盘
1368,14:07:13,3.46,0.0,10,3460,买盘
1369,14:07:16,3.46,0.0,284,98264,买盘
1370,14:07:27,3.46,0.0,14,4844,卖盘
1371,14:07:36,3.47,0.01,2,694,买盘
1372,14:07:45,3.47,0.0,30,10410,买盘
1373,14:07:58,3.47,0.0,295,102365,买盘
1374,14:08:12,3.47,0.0,100,34700,买盘
1375,14:08:15,3.47,0.0,100,34700,买盘
1376,14:08:27,3.46,-0.01,100,34600,卖盘
1377,14:08:37,3.46,0.0,25,8650,卖盘
1378,14:08:54,3.46,0.0,8,2768,卖盘
1379,14:09:06,3.46,0.0,232,80272,卖盘
1380,14:09:22,3.46,0.0,100,34600,卖盘
1381,14:09:39,3.47,0.01,5,1735,买盘
1382,14:09:42,3.46,-0.01,32,11072,卖盘
1383,14:10:00,3.46,0.0,100,34600,卖盘
1384,14:10:12,3.46,0.0,3,1038,卖盘
1385,14:10:24,3.46,0.0,2,692,卖盘
1386,14:10:27,3.46,0.0,6,2076,卖盘
1387,14:11:00,3.47,0.01,50,17350,买盘
1388,14:11:09,3.46,-0.01,100,34600,卖盘
1389,14:11:18,3.47,0.01,5,1735,买盘
1390,14:11:48,3.46,-0.01,134,46414,卖盘
1391,14:11:57,3.46,0.0,57,19722,卖盘
1392,14:12:00,3.47,0.01,20,6940,买盘
1393,14:12:04,3.47,0.0,447,154862,买盘
1394,14:12:24,3.47,0.0,35,12145,买盘
1395,14:12:27,3.47,0.0,5,1735,买盘
1396,14:12:57,3.47,0.0,10,3470,买盘
1397,14:13:36,3.47,0.0,20,6940,买盘
1398,14:14:06,3.47,0.0,45,15615,买盘
1399,14:14:21,3.47,0.0,10,3470,买盘
1400,14:14:27,3.47,0.0,20,6940,买盘
1401,14:14:36,3.47,0.0,32,11104,买盘
1402,14:14:42,3.47,0.0,112,38864,买盘
1403,14:14:48,3.47,0.0,10,3470,买盘
1404,14:14:54,3.47,0.0,60,20820,买盘
1405,14:15:01,3.47,0.0,20,6940,买盘
1406,14:15:04,3.47,0.0,50,17350,买盘
1407,14:15:12,3.47,0.0,73,25331,买盘
1408,14:15:15,3.47,0.0,98,34006,买盘
1409,14:15:21,3.47,0.0,10,3470,卖盘
1410,14:15:48,3.47,0.0,123,42681,卖盘
1411,14:16:12,3.47,0.0,40,13880,卖盘
1412,14:16:42,3.47,0.0,20,6940,卖盘
1413,14:16:54,3.47,0.0,85,29495,卖盘
1414,14:17:00,3.47,0.0,16,5552,卖盘
1415,14:17:07,3.48,0.01,29,10092,买盘
1416,14:17:30,3.47,-0.01,41,14227,卖盘
1417,14:17:42,3.48,0.01,20,6960,买盘
1418,14:17:57,3.48,0.0,2,696,买盘
1419,14:18:09,3.48,0.0,59,20532,买盘
1420,14:18:15,3.48,0.0,10,3480,买盘
1421,14:18:30,3.48,0.0,56,19488,买盘
1422,14:19:12,3.48,0.0,20,6960,买盘
1423,14:19:24,3.48,0.0,75,26100,买盘
1424,14:19:39,3.48,0.0,13,4524,买盘
1425,14:19:42,3.48,0.0,212,73776,卖盘
1426,14:20:09,3.48,0.0,2,696,买盘
1427,14:20:12,3.48,0.0,20,6960,买盘
1428,14:20:18,3.48,0.0,1,348,买盘
1429,14:20:24,3.48,0.0,43,14964,买盘
1430,14:20:30,3.49,0.01,69,24081,买盘
1431,14:21:25,3.49,0.0,1,349,买盘
1432,14:21:27,3.48,-0.01,10,3480,卖盘
1433,14:21:36,3.49,0.01,62,21638,买盘
1434,14:21:42,3.48,-0.01,16,5568,卖盘
1435,14:21:57,3.48,0.0,20,6960,卖盘
1436,14:22:00,3.48,0.0,50,17400,卖盘
1437,14:22:30,3.49,0.01,31,10819,买盘
1438,14:22:51,3.49,0.0,347,121103,买盘
1439,14:22:54,3.49,0.0,20,6980,买盘
1440,14:23:00,3.48,-0.01,147,51156,卖盘
1441,14:23:19,3.49,0.01,3,1047,买盘
1442,14:23:28,3.49,0.0,1,349,买盘
1443,14:23:48,3.48,-0.01,31,10788,卖盘
1444,14:23:54,3.48,0.0,3,1044,卖盘
1445,14:24:00,3.48,0.0,53,18444,卖盘
1446,14:24:06,3.48,0.0,149,51852,卖盘
1447,14:24:12,3.48,0.0,3,1044,卖盘
1448,14:24:36,3.47,-0.01,19,6593,卖盘
1449,14:24:48,3.47,0.0,37,12866,卖盘
1450,14:25:09,3.48,0.01,10,3480,买盘
1451,14:25:45,3.48,0.0,1,348,买盘
1452,14:25:48,3.48,0.0,4,1392,买盘
1453,14:25:51,3.47,-0.01,3,1041,卖盘
1454,14:26:19,3.47,0.0,39,13569,卖盘
1455,14:26:42,3.48,0.01,20,6960,买盘
1456,14:26:48,3.48,0.0,96,33392,买盘
1457,14:26:55,3.47,-0.01,276,95772,卖盘
1458,14:27:04,3.48,0.01,26,9048,买盘
1459,14:27:42,3.48,0.0,30,10440,买盘
1460,14:27:51,3.47,-0.01,150,52050,卖盘
1461,14:27:54,3.48,0.01,115,40020,买盘
1462,14:28:12,3.48,0.0,80,27840,买盘
1463,14:28:18,3.48,0.0,10,3480,买盘
1464,14:28:37,3.48,0.0,10,3480,买盘
1465,14:29:33,3.48,0.0,5,1740,买盘
1466,14:30:04,3.47,-0.01,6,2082,卖盘
1467,14:30:09,3.47,0.0,3,1041,卖盘
1468,14:30:21,3.47,0.0,7,2429,卖盘
1469,14:30:24,3.48,0.01,2,696,买盘
1470,14:30:28,3.47,-0.01,222,77074,卖盘
1471,14:30:31,3.47,0.0,10,3470,卖盘
1472,14:30:36,3.47,0.0,50,17350,卖盘
1473,14:30:39,3.47,0.0,95,32965,卖盘
1474,14:30:51,3.47,0.0,8,2776,卖盘
1475,14:30:54,3.47,0.0,32,11114,卖盘
1476,14:30:58,3.48,0.01,5,1740,买盘
1477,14:31:01,3.47,-0.01,138,47886,卖盘
1478,14:31:04,3.47,0.0,179,62113,卖盘
1479,14:31:15,3.47,0.0,10,3470,买盘
1480,14:31:45,3.47,0.0,10,3470,买盘
1481,14:31:48,3.46,-0.01,79,27334,卖盘
1482,14:31:51,3.47,0.01,20,6940,买盘
1483,14:32:03,3.46,-0.01,7,2422,卖盘
1484,14:32:09,3.46,0.0,4,1384,卖盘
1485,14:32:27,3.47,0.01,30,10410,买盘
1486,14:32:30,3.47,0.0,50,17350,买盘
1487,14:32:36,3.46,-0.01,929,321434,卖盘
1488,14:32:45,3.47,0.01,172,59684,买盘
1489,14:32:51,3.47,0.0,40,13880,卖盘
1490,14:33:12,3.46,-0.01,4,1384,卖盘
1491,14:33:22,3.47,0.01,4,1388,买盘
1492,14:33:24,3.46,-0.01,50,17300,卖盘
1493,14:33:27,3.47,0.01,155,53685,买盘
1494,14:34:04,3.47,0.0,5,1735,买盘
1495,14:34:18,3.47,0.0,78,27066,买盘
1496,14:34:27,3.47,0.0,73,25331,卖盘
1497,14:34:39,3.47,0.0,5,1735,买盘
1498,14:34:42,3.47,0.0,10,3470,买盘
1499,14:35:00,3.46,-0.01,300,103800,卖盘
1500,14:35:21,3.47,0.01,10,3470,买盘
1501,14:35:24,3.47,0.0,247,85709,买盘
1502,14:35:48,3.48,0.01,5,1740,买盘
1503,14:35:57,3.47,-0.01,60,20820,卖盘
1504,14:36:06,3.47,0.0,11,3817,卖盘
1505,14:36:24,3.47,0.0,16,5552,卖盘
1506,14:36:39,3.47,0.0,50,17350,卖盘
1507,14:36:57,3.47,0.0,1,347,卖盘
1508,14:37:12,3.47,0.0,5,1735,卖盘
1509,14:37:21,3.48,0.01,5,1740,买盘
1510,14:37:24,3.47,-0.01,30,10410,卖盘
1511,14:37:33,3.48,0.01,20,6960,买盘
1512,14:37:57,3.47,-0.01,29,10063,卖盘
1513,14:38:07,3.47,0.0,7,2429,卖盘
1514,14:38:18,3.47,0.0,50,17350,卖盘
1515,14:38:27,3.48,0.01,100,34800,买盘
1516,14:38:57,3.48,0.0,22,7656,买盘
1517,14:39:09,3.47,-0.01,5,1735,卖盘
1518,14:39:24,3.47,0.0,4,1388,卖盘
1519,14:39:30,3.48,0.01,24,8352,买盘
1520,14:39:33,3.47,-0.01,80,27760,卖盘
1521,14:39:48,3.48,0.01,50,17400,买盘
1522,14:40:15,3.48,0.0,36,12528,买盘
1523,14:40:36,3.47,-0.01,10,3470,卖盘
1524,14:40:39,3.48,0.01,1,348,买盘
1525,14:41:12,3.48,0.0,15,5220,买盘
1526,14:41:18,3.48,0.0,30,10440,买盘
1527,14:41:33,3.48,0.0,50,17400,买盘
1528,14:41:36,3.47,-0.01,10,3470,卖盘
1529,14:41:48,3.47,0.0,727,252269,卖盘
1530,14:41:54,3.47,0.0,48,16656,卖盘
1531,14:42:15,3.47,0.0,2,694,卖盘
1532,14:42:18,3.47,0.0,30,10410,卖盘
1533,14:42:48,3.47,0.0,90,31230,卖盘
1534,14:42:57,3.47,0.0,13,4511,卖盘
1535,14:43:07,3.47,0.0,60,20820,卖盘
1536,14:43:15,3.47,0.0,155,53785,卖盘
1537,14:43:19,3.46,-0.01,220,76536,卖盘
1538,14:43:42,3.47,0.01,49,17003,买盘
1539,14:43:45,3.47,0.0,25,8675,卖盘
1540,14:44:00,3.47,0.0,10,3470,买盘
1541,14:44:12,3.47,0.0,26,9022,买盘
1542,14:44:18,3.47,0.0,39,13533,买盘
1543,14:44:24,3.47,0.0,5,1735,卖盘
1544,14:44:27,3.47,0.0,78,27066,卖盘
1545,14:44:36,3.46,-0.01,116,40152,卖盘
1546,14:44:39,3.47,0.01,94,32618,买盘
1547,14:45:06,3.46,-0.01,100,34698,卖盘
1548,14:45:09,3.48,0.02,52,18096,买盘
1549,14:45:12,3.46,-0.02,161,55706,卖盘
1550,14:45:15,3.47,0.01,10,3470,买盘
1551,14:45:18,3.47,0.0,1,347,买盘
1552,14:45:36,3.47,0.0,21,7287,买盘
1553,14:45:42,3.47,0.0,3,1041,买盘
1554,14:45:45,3.47,0.0,20,6940,买盘
1555,14:45:51,3.46,-0.01,30,10380,卖盘
1556,14:46:01,3.47,0.01,10,3470,买盘
1557,14:46:10,3.47,0.0,5,1735,买盘
1558,14:46:16,3.47,0.0,32,11104,买盘
1559,14:46:24,3.46,-0.01,7,2422,卖盘
1560,14:46:30,3.46,0.0,44,15238,卖盘
1561,14:46:33,3.46,0.0,162,56052,卖盘
1562,14:46:36,3.47,0.01,26,9022,买盘
1563,14:46:40,3.47,0.0,50,17350,买盘
1564,14:46:43,3.47,0.0,1,347,买盘
1565,14:46:48,3.47,0.0,230,79810,买盘
1566,14:46:51,3.48,0.01,139,48372,买盘
1567,14:46:54,3.47,-0.01,30,10410,卖盘
1568,14:46:57,3.48,0.01,70,24360,买盘
1569,14:47:21,3.47,-0.01,10,3470,卖盘
1570,14:47:36,3.47,0.0,31,10757,卖盘
1571,14:47:39,3.47,0.0,16,5552,卖盘
1572,14:47:51,3.47,0.0,100,34700,卖盘
1573,14:48:03,3.47,0.0,20,6940,卖盘
1574,14:48:07,3.47,0.0,80,27760,卖盘
1575,14:48:18,3.48,0.01,1,348,买盘
1576,14:48:33,3.48,0.0,22,7656,买盘
1577,14:48:42,3.47,-0.01,50,17350,卖盘
1578,14:48:54,3.48,0.01,64,22272,买盘
1579,14:48:57,3.48,0.0,15,5220,买盘
1580,14:49:00,3.47,-0.01,9,3123,卖盘
1581,14:49:06,3.47,0.0,3,1041,卖盘
1582,14:49:09,3.47,0.0,41,14227,卖盘
1583,14:49:12,3.48,0.01,1,348,买盘
1584,14:49:15,3.48,0.0,40,13920,买盘
1585,14:49:24,3.48,0.0,100,34800,买盘
1586,14:49:31,3.47,-0.01,20,6940,卖盘
1587,14:50:00,3.47,0.0,39,13571,卖盘
1588,14:50:06,3.47,0.0,562,195014,卖盘
1589,14:50:09,3.47,0.0,169,58652,卖盘
1590,14:50:15,3.47,0.0,20,6940,买盘
1591,14:50:27,3.46,-0.01,16,5536,卖盘
1592,14:50:42,3.47,0.01,20,6940,买盘
1593,14:50:54,3.47,0.0,48,16649,买盘
1594,14:51:07,3.47,0.0,158,54826,买盘
1595,14:51:09,3.47,0.0,1,347,卖盘
1596,14:51:15,3.47,0.0,35,12145,卖盘
1597,14:51:18,3.47,0.0,1,347,卖盘
1598,14:51:39,3.47,0.0,60,20820,卖盘
1599,14:51:42,3.47,0.0,5,1735,卖盘
1600,14:51:45,3.47,0.0,58,20126,买盘
1601,14:51:48,3.47,0.0,26,9022,卖盘
1602,14:51:54,3.47,0.0,10,3470,卖盘
1603,14:52:06,3.47,0.0,148,51356,卖盘
1604,14:52:12,3.47,0.0,2,694,卖盘
1605,14:52:16,3.47,0.0,50,17350,卖盘
1606,14:52:18,3.48,0.01,25,8700,买盘
1607,14:52:22,3.47,-0.01,5,1735,卖盘
1608,14:52:27,3.47,0.0,384,133248,卖盘
1609,14:52:30,3.47,0.0,1,347,买盘
1610,14:52:34,3.47,0.0,19,6593,买盘
1611,14:52:36,3.47,0.0,1,347,买盘
1612,14:52:39,3.46,-0.01,6,2076,卖盘
1613,14:52:42,3.47,0.01,190,65930,买盘
1614,14:52:45,3.47,0.0,2,694,买盘
1615,14:52:48,3.47,0.0,1,347,买盘
1616,14:52:54,3.47,0.0,10,3470,买盘
1617,14:53:01,3.46,-0.01,6,2076,卖盘
1618,14:53:04,3.47,0.01,5,1735,买盘
1619,14:53:06,3.46,-0.01,13,4508,卖盘
1620,14:53:12,3.47,0.01,10,3470,买盘
1621,14:53:18,3.46,-0.01,74,25628,卖盘
1622,14:53:33,3.47,0.01,28,9704,买盘
1623,14:53:36,3.47,0.0,58,20126,买盘
1624,14:53:39,3.47,0.0,30,10410,买盘
1625,14:53:43,3.46,-0.01,20,6920,卖盘
1626,14:53:45,3.47,0.01,20,6940,买盘
1627,14:53:48,3.46,-0.01,40,13840,卖盘
1628,14:53:54,3.46,0.0,16,5536,卖盘
1629,14:54:01,3.47,0.01,42,14574,买盘
1630,14:54:04,3.47,0.0,3,1041,买盘
1631,14:54:09,3.47,0.0,17,5899,买盘
1632,14:54:12,3.47,0.0,345,119715,买盘
1633,14:54:22,3.47,0.0,15,5205,买盘
1634,14:54:24,3.46,-0.01,61,21112,卖盘
1635,14:54:27,3.46,0.0,1,346,卖盘
1636,14:54:30,3.47,0.01,34,11798,买盘
1637,14:54:33,3.46,-0.01,2,692,卖盘
1638,14:54:45,3.47,0.01,28,9708,买盘
1639,14:54:48,3.47,0.0,87,30189,买盘
1640,14:54:54,3.46,-0.01,13,4498,卖盘
1641,14:54:57,3.47,0.01,63,21858,买盘
1642,14:55:06,3.47,0.0,15,5205,买盘
1643,14:55:10,3.47,0.0,100,34700,买盘
1644,14:55:27,3.46,-0.01,100,34600,卖盘
1645,14:55:30,3.47,0.01,5,1735,买盘
1646,14:55:42,3.47,0.0,10,3470,买盘
1647,14:55:45,3.47,0.0,111,38517,买盘
1648,14:55:48,3.47,0.0,20,6940,买盘
1649,14:55:51,3.46,-0.01,137,47402,卖盘
1650,14:55:57,3.47,0.01,60,20820,买盘
1651,14:56:04,3.47,0.0,23,7981,买盘
1652,14:56:12,3.46,-0.01,8,2768,卖盘
1653,14:56:15,3.47,0.01,31,10757,买盘
1654,14:56:18,3.46,-0.01,50,17300,卖盘
1655,14:56:21,3.47,0.01,281,97507,买盘
1656,14:56:30,3.47,0.0,96,33312,卖盘
1657,14:56:33,3.48,0.01,10,3480,买盘
1658,14:56:36,3.47,-0.01,111,38517,卖盘
1659,14:56:39,3.48,0.01,222,77086,买盘
1660,14:56:42,3.47,-0.01,50,17350,卖盘
1661,14:56:51,3.47,0.0,46,15962,卖盘
1662,14:57:00,3.47,0.0,20,6940,卖盘
1663,15:00:04,3.47,0.0,1880,652360,卖盘
