,time,price,change,volume,amount,type
0,09:25:04,3.21,0.02,182,58422,卖盘
1,09:30:04,3.23,0.02,451,145448,买盘
2,09:30:07,3.21,-0.02,186,59958,卖盘
3,09:30:09,3.22,0.01,80,25760,卖盘
4,09:30:21,3.22,0.0,142,45721,卖盘
5,09:30:30,3.22,0.0,10,3220,卖盘
6,09:30:33,3.23,0.01,300,96900,买盘
7,09:30:36,3.22,-0.01,52,16744,卖盘
8,09:30:39,3.23,0.01,1,323,买盘
9,09:30:42,3.23,0.0,2,646,买盘
10,09:30:45,3.22,-0.01,4,1288,卖盘
11,09:30:48,3.22,0.0,102,32846,卖盘
12,09:30:52,3.23,0.01,15,4845,买盘
13,09:30:54,3.23,0.0,334,107882,买盘
14,09:30:57,3.23,0.0,70,22610,买盘
15,09:31:00,3.23,0.0,107,34561,买盘
16,09:31:04,3.23,0.0,45,14535,买盘
17,09:31:06,3.22,-0.01,198,63790,卖盘
18,09:31:09,3.23,0.01,4,1292,买盘
19,09:31:13,3.22,-0.01,5,1610,卖盘
20,09:31:16,3.23,0.01,3,969,买盘
21,09:31:18,3.23,0.0,29,9367,买盘
22,09:31:21,3.23,0.0,37,11919,买盘
23,09:31:30,3.23,0.0,83,26809,买盘
24,09:31:33,3.23,0.0,99,31941,买盘
25,09:31:36,3.23,0.0,20,6460,买盘
26,09:31:39,3.23,0.0,4,1292,买盘
27,09:31:43,3.23,0.0,8,2584,买盘
28,09:31:48,3.23,0.0,81,26163,买盘
29,09:31:54,3.23,0.0,2,646,买盘
30,09:31:57,3.23,0.0,75,24225,买盘
31,09:32:00,3.23,0.0,115,37145,买盘
32,09:32:03,3.23,0.0,79,25517,买盘
33,09:32:07,3.23,0.0,8,2584,买盘
34,09:32:09,3.23,0.0,34,10982,买盘
35,09:32:12,3.23,0.0,6,1938,买盘
36,09:32:15,3.23,0.0,3,969,买盘
37,09:32:19,3.22,-0.01,194,62472,卖盘
38,09:32:21,3.23,0.01,4,1292,买盘
39,09:32:24,3.23,0.0,141,45543,买盘
40,09:32:27,3.23,0.0,7,2261,买盘
41,09:32:34,3.23,0.0,39,12597,买盘
42,09:32:36,3.23,0.0,21,6783,买盘
43,09:32:39,3.23,0.0,6,1933,买盘
44,09:32:45,3.23,0.0,2,646,买盘
45,09:32:58,3.23,0.0,3,969,买盘
46,09:33:00,3.23,0.0,1,323,买盘
47,09:33:09,3.23,0.0,3,969,买盘
48,09:33:21,3.22,-0.01,62,19966,卖盘
49,09:33:24,3.23,0.01,3,969,买盘
50,09:33:27,3.22,-0.01,10,3220,卖盘
51,09:33:31,3.22,0.0,30,9660,卖盘
52,09:33:39,3.22,0.0,5,1610,卖盘
53,09:33:42,3.23,0.01,3,969,买盘
54,09:33:45,3.22,-0.01,1223,393808,卖盘
55,09:33:49,3.21,-0.01,43,13812,卖盘
56,09:33:52,3.21,0.0,21,6742,卖盘
57,09:33:54,3.21,0.0,11,3531,卖盘
58,09:33:57,3.21,0.0,8,2568,卖盘
59,09:34:00,3.21,0.0,77,24717,卖盘
60,09:34:04,3.21,0.0,80,25680,卖盘
61,09:34:06,3.21,0.0,6,1926,买盘
62,09:34:09,3.21,0.0,193,61953,买盘
63,09:34:13,3.21,0.0,7,2247,卖盘
64,09:34:15,3.21,0.0,115,37000,买盘
65,09:34:18,3.21,0.0,31,9951,买盘
66,09:34:21,3.2,-0.01,7,2242,卖盘
67,09:34:24,3.21,0.01,35,11235,买盘
68,09:34:34,3.2,-0.01,540,172825,卖盘
69,09:34:37,3.2,0.0,38,12160,买盘
70,09:34:39,3.2,0.0,25,8000,买盘
71,09:34:45,3.2,0.0,3,960,买盘
72,09:34:48,3.2,0.0,48,15360,买盘
73,09:34:54,3.2,0.0,35,11170,买盘
74,09:34:57,3.2,0.0,49,15680,买盘
75,09:35:01,3.2,0.0,106,33920,买盘
76,09:35:04,3.2,0.0,244,78080,买盘
77,09:35:06,3.2,0.0,23,7360,买盘
78,09:35:09,3.2,0.0,20,6400,买盘
79,09:35:12,3.2,0.0,45,14400,买盘
80,09:35:16,3.2,0.0,32,10253,买盘
81,09:35:27,3.21,0.01,2,642,买盘
82,09:35:33,3.2,-0.01,4,1280,卖盘
83,09:35:39,3.21,0.01,3,961,买盘
84,09:35:42,3.21,0.0,38,12198,买盘
85,09:35:45,3.2,-0.01,4,1280,卖盘
86,09:35:49,3.21,0.01,3,963,买盘
87,09:35:52,3.21,0.0,2,642,买盘
88,09:35:57,3.21,0.0,2,642,买盘
89,09:36:00,3.21,0.0,1,321,买盘
90,09:36:04,3.21,0.0,107,34347,买盘
91,09:36:09,3.21,0.0,2,642,买盘
92,09:36:18,3.2,-0.01,50,16000,卖盘
93,09:36:21,3.21,0.01,12,3852,买盘
94,09:36:24,3.21,0.0,2,642,买盘
95,09:36:30,3.21,0.0,194,62274,买盘
96,09:36:36,3.2,-0.01,1,320,卖盘
97,09:36:39,3.2,0.0,2,641,卖盘
98,09:36:42,3.21,0.01,50,16050,买盘
99,09:36:45,3.2,-0.01,2,640,卖盘
100,09:36:54,3.21,0.01,22,7062,买盘
101,09:36:57,3.21,0.0,10,3210,买盘
102,09:37:00,3.21,0.0,1,321,买盘
103,09:37:09,3.21,0.0,1,321,买盘
104,09:37:15,3.2,-0.01,300,96000,卖盘
105,09:37:19,3.21,0.01,9,2888,买盘
106,09:37:21,3.21,0.0,12,3842,买盘
107,09:37:27,3.2,-0.01,23,7360,卖盘
108,09:37:30,3.2,0.0,40,12802,卖盘
109,09:37:34,3.21,0.01,5,1605,买盘
110,09:37:39,3.21,0.0,100,32100,买盘
111,09:37:42,3.21,0.0,2,642,买盘
112,09:37:46,3.2,-0.01,58,18560,卖盘
113,09:37:54,3.21,0.01,197,63237,买盘
114,09:37:57,3.21,0.0,4,1284,买盘
115,09:38:01,3.21,0.0,1,321,买盘
116,09:38:04,3.21,0.0,1,321,买盘
117,09:38:06,3.21,0.0,10,3210,买盘
118,09:38:12,3.2,-0.01,50,16000,卖盘
119,09:38:21,3.2,0.0,645,206387,卖盘
120,09:38:24,3.2,0.0,1,320,买盘
121,09:38:27,3.2,0.0,3,960,买盘
122,09:38:31,3.2,0.0,80,25600,买盘
123,09:38:34,3.19,-0.01,40,12760,卖盘
124,09:38:36,3.2,0.01,90,28800,买盘
125,09:38:42,3.19,-0.01,60,19150,卖盘
126,09:38:45,3.2,0.01,2,640,买盘
127,09:38:54,3.2,0.0,22,7019,买盘
128,09:38:57,3.2,0.0,3,960,买盘
129,09:39:00,3.2,0.0,2,640,买盘
130,09:39:09,3.2,0.0,1,320,买盘
131,09:39:18,3.19,-0.01,51,16269,卖盘
132,09:39:21,3.2,0.01,2,640,买盘
133,09:39:28,3.2,0.0,49,15680,买盘
134,09:39:30,3.19,-0.01,75,23925,卖盘
135,09:39:36,3.19,0.0,355,113245,卖盘
136,09:39:55,3.19,0.0,80,25522,卖盘
137,09:39:57,3.19,0.0,38,12124,卖盘
138,09:40:00,3.19,0.0,27,8613,买盘
139,09:40:06,3.19,0.0,41,13089,卖盘
140,09:40:09,3.2,0.01,2,640,买盘
141,09:40:18,3.19,-0.01,20,6380,卖盘
142,09:40:21,3.19,0.0,10,3190,卖盘
143,09:40:24,3.2,0.01,2,640,买盘
144,09:40:27,3.19,-0.01,13,4149,卖盘
145,09:40:30,3.2,0.01,107,34135,买盘
146,09:40:36,3.2,0.0,13,4160,买盘
147,09:40:39,3.19,-0.01,14,4466,卖盘
148,09:40:42,3.19,0.0,50,15950,卖盘
149,09:40:45,3.2,0.01,2,640,买盘
150,09:40:51,3.2,0.0,2,640,买盘
151,09:40:54,3.18,-0.02,406,129208,卖盘
152,09:40:57,3.2,0.02,15,4787,买盘
153,09:41:00,3.2,0.0,1,320,买盘
154,09:41:12,3.19,-0.01,5,1595,卖盘
155,09:41:15,3.19,0.0,51,16271,卖盘
156,09:41:18,3.2,0.01,60,19149,买盘
157,09:41:33,3.2,0.0,3,960,买盘
158,09:41:48,3.19,-0.01,10,3190,买盘
159,09:41:51,3.19,0.0,7,2228,买盘
160,09:41:55,3.19,0.0,2,638,买盘
161,09:41:57,3.18,-0.01,81,25759,卖盘
162,09:42:00,3.19,0.01,1,319,买盘
163,09:42:06,3.18,-0.01,10,3180,卖盘
164,09:42:10,3.19,0.01,40,12760,买盘
165,09:42:13,3.19,0.0,33,10527,买盘
166,09:42:18,3.19,0.0,64,20416,买盘
167,09:42:21,3.19,0.0,96,30624,买盘
168,09:42:24,3.19,0.0,10,3190,买盘
169,09:42:27,3.19,0.0,65,20735,买盘
170,09:42:31,3.19,0.0,36,11470,买盘
171,09:42:34,3.19,0.0,89,28321,买盘
172,09:42:36,3.19,0.0,39,12441,买盘
173,09:42:39,3.18,-0.01,30,9540,卖盘
174,09:42:45,3.18,0.0,35,11135,卖盘
175,09:42:52,3.19,0.01,10,3190,买盘
176,09:42:54,3.19,0.0,3,957,买盘
177,09:42:57,3.19,0.0,2,638,买盘
178,09:43:00,3.19,0.0,1,319,买盘
179,09:43:03,3.19,0.0,39,12441,买盘
180,09:43:06,3.19,0.0,97,30943,买盘
181,09:43:13,3.19,0.0,2,638,卖盘
182,09:43:15,3.19,0.0,300,95700,卖盘
183,09:43:18,3.19,0.0,10,3190,卖盘
184,09:43:24,3.2,0.01,2,640,买盘
185,09:43:30,3.2,0.0,2,640,买盘
186,09:43:46,3.19,-0.01,70,22330,卖盘
187,09:43:49,3.19,0.0,1,319,卖盘
188,09:43:51,3.2,0.01,2,640,买盘
189,09:44:00,3.19,-0.01,228,72734,卖盘
190,09:44:04,3.19,0.0,16,5104,卖盘
191,09:44:06,3.19,0.0,9,2871,卖盘
192,09:44:09,3.19,0.0,413,131747,卖盘
193,09:44:13,3.19,0.0,16,5104,卖盘
194,09:44:15,3.19,0.0,31,10096,卖盘
195,09:44:24,3.2,0.01,8,2554,买盘
196,09:44:27,3.2,0.0,2,640,买盘
197,09:44:43,3.2,0.0,10,3200,买盘
198,09:44:45,3.2,0.0,50,16000,买盘
199,09:44:55,3.2,0.0,42,13440,买盘
200,09:45:00,3.2,0.0,2,640,买盘
201,09:45:07,3.19,-0.01,130,41263,卖盘
202,09:45:09,3.19,0.0,1,319,买盘
203,09:45:12,3.2,0.01,119,38036,买盘
204,09:45:21,3.2,0.0,3,960,买盘
205,09:45:25,3.19,-0.01,9,2871,卖盘
206,09:45:27,3.19,0.0,1,319,买盘
207,09:45:30,3.19,0.0,2,638,买盘
208,09:45:42,3.19,0.0,30,9570,买盘
209,09:45:45,3.19,0.0,5,1595,买盘
210,09:45:48,3.18,-0.01,64,20361,卖盘
211,09:45:51,3.19,0.01,6,1914,买盘
212,09:45:57,3.19,0.0,2,638,买盘
213,09:46:06,3.19,0.0,1,319,买盘
214,09:46:15,3.2,0.01,80,25583,买盘
215,09:46:24,3.19,-0.01,4,1278,卖盘
216,09:46:27,3.19,0.0,10,3190,买盘
217,09:46:34,3.19,0.0,127,40513,买盘
218,09:46:37,3.19,0.0,10,3190,买盘
219,09:46:48,3.19,0.0,2,638,买盘
220,09:46:51,3.18,-0.01,8,2544,卖盘
221,09:46:54,3.19,0.01,1,319,买盘
222,09:46:57,3.19,0.0,2,638,买盘
223,09:47:01,3.19,0.0,10,3190,买盘
224,09:47:09,3.19,0.0,67,21373,买盘
225,09:47:12,3.19,0.0,6,1914,买盘
226,09:47:19,3.18,-0.01,33,10497,卖盘
227,09:47:22,3.18,0.0,192,61198,卖盘
228,09:47:24,3.18,0.0,367,116706,卖盘
229,09:47:28,3.18,0.0,2,636,买盘
230,09:47:45,3.17,-0.01,195,61815,卖盘
231,09:47:49,3.18,0.01,1,318,买盘
232,09:47:51,3.18,0.0,2,636,买盘
233,09:47:54,3.18,0.0,2,636,买盘
234,09:47:57,3.17,-0.01,22,6974,卖盘
235,09:48:00,3.17,0.0,12,3804,卖盘
236,09:48:09,3.16,-0.01,83,26245,卖盘
237,09:48:12,3.16,0.0,40,12640,卖盘
238,09:48:21,3.17,0.01,155,48982,买盘
239,09:48:24,3.17,0.0,2,634,买盘
240,09:48:27,3.16,-0.01,71,22436,卖盘
241,09:48:30,3.16,0.0,49,15484,卖盘
242,09:48:33,3.16,0.0,4,1264,买盘
243,09:48:36,3.16,0.0,10,3160,卖盘
244,09:48:39,3.16,0.0,20,6320,卖盘
245,09:48:42,3.17,0.01,56,17706,买盘
246,09:48:45,3.16,-0.01,96,30413,卖盘
247,09:48:51,3.17,0.01,2,634,买盘
248,09:48:55,3.17,0.0,16,5068,买盘
249,09:49:00,3.16,-0.01,52,16432,卖盘
250,09:49:03,3.16,0.0,10,3160,卖盘
251,09:49:06,3.17,0.01,10,3170,买盘
252,09:49:10,3.17,0.0,55,17415,买盘
253,09:49:12,3.16,-0.01,100,31600,卖盘
254,09:49:18,3.16,0.0,117,36972,卖盘
255,09:49:24,3.17,0.01,3,951,买盘
256,09:49:31,3.16,-0.01,4,1266,卖盘
257,09:49:36,3.17,0.01,13,4121,买盘
258,09:49:51,3.17,0.0,109,34553,买盘
259,09:49:54,3.17,0.0,8,2532,买盘
260,09:50:01,3.16,-0.01,1,316,卖盘
261,09:50:04,3.17,0.01,6,1902,买盘
262,09:50:09,3.17,0.0,11,3487,买盘
263,09:50:12,3.17,0.0,11,3487,买盘
264,09:50:21,3.17,0.0,67,21188,买盘
265,09:50:24,3.17,0.0,11,3487,买盘
266,09:50:27,3.17,0.0,37,11729,买盘
267,09:50:42,3.17,0.0,41,12997,卖盘
268,09:50:54,3.18,0.01,2,636,买盘
269,09:50:57,3.18,0.0,2,636,买盘
270,09:51:04,3.18,0.0,3,954,买盘
271,09:51:16,3.18,0.0,15,4770,买盘
272,09:51:22,3.18,0.0,2,636,买盘
273,09:51:24,3.18,0.0,499,158185,买盘
274,09:51:30,3.18,0.0,13,4134,买盘
275,09:51:33,3.17,-0.01,20,6340,卖盘
276,09:51:45,3.17,0.0,15,4755,卖盘
277,09:51:49,3.18,0.01,166,52739,买盘
278,09:51:51,3.18,0.0,3,954,买盘
279,09:51:54,3.18,0.0,3,954,买盘
280,09:52:04,3.18,0.0,70,22210,买盘
281,09:52:06,3.18,0.0,124,39432,买盘
282,09:52:09,3.18,0.0,20,6360,卖盘
283,09:52:19,3.18,0.0,13,4134,卖盘
284,09:52:24,3.19,0.01,4,1276,买盘
285,09:52:33,3.19,0.0,100,31900,买盘
286,09:52:54,3.19,0.0,4,1276,买盘
287,09:52:57,3.19,0.0,67,21373,买盘
288,09:53:00,3.18,-0.01,518,164724,卖盘
289,09:53:18,3.18,0.0,1,318,买盘
290,09:53:24,3.18,0.0,4,1272,买盘
291,09:53:31,3.19,0.01,107,34056,买盘
292,09:53:45,3.18,-0.01,20,6360,卖盘
293,09:53:48,3.19,0.01,12,3828,买盘
294,09:53:51,3.19,0.0,3,957,买盘
295,09:53:55,3.19,0.0,2,638,买盘
296,09:54:04,3.18,-0.01,39,12402,卖盘
297,09:54:25,3.19,0.01,2,638,买盘
298,09:54:30,3.19,0.0,2,638,买盘
299,09:54:51,3.19,0.0,3,957,买盘
300,09:55:01,3.19,0.0,2,638,买盘
301,09:55:04,3.18,-0.01,8,2544,卖盘
302,09:55:13,3.18,0.0,914,290652,卖盘
303,09:55:15,3.19,0.01,1,319,买盘
304,09:55:18,3.19,0.0,1,319,买盘
305,09:55:21,3.19,0.0,7,2233,买盘
306,09:55:25,3.19,0.0,2,638,买盘
307,09:55:30,3.19,0.0,2,638,买盘
308,09:55:39,3.19,0.0,229,73021,买盘
309,09:55:43,3.18,-0.01,90,28620,卖盘
310,09:55:51,3.19,0.01,3,957,买盘
311,09:55:57,3.19,0.0,2,638,买盘
312,09:56:01,3.19,0.0,1,319,买盘
313,09:56:12,3.18,-0.01,100,31800,卖盘
314,09:56:24,3.19,0.01,2,638,买盘
315,09:56:27,3.19,0.0,2,638,买盘
316,09:56:43,3.17,-0.02,200,63560,卖盘
317,09:56:51,3.19,0.02,2,638,买盘
318,09:56:54,3.19,0.0,2,638,买盘
319,09:56:57,3.18,-0.01,22,6996,卖盘
320,09:57:00,3.18,0.0,303,96354,卖盘
321,09:57:18,3.19,0.01,153,48807,买盘
322,09:57:21,3.19,0.0,2,638,买盘
323,09:57:24,3.19,0.0,3,957,买盘
324,09:57:27,3.18,-0.01,11,3498,卖盘
325,09:57:48,3.19,0.01,358,114202,买盘
326,09:57:51,3.19,0.0,6,1914,买盘
327,09:57:54,3.19,0.0,8,2552,买盘
328,09:57:57,3.19,0.0,2,638,买盘
329,09:58:00,3.19,0.0,4,1276,买盘
330,09:58:09,3.19,0.0,116,37004,买盘
331,09:58:13,3.19,0.0,49,15631,买盘
332,09:58:21,3.2,0.01,2,640,买盘
333,09:58:24,3.2,0.0,2,640,买盘
334,09:58:39,3.2,0.0,150,48000,买盘
335,09:58:55,3.2,0.0,92,29440,买盘
336,09:59:30,3.21,0.01,1,321,买盘
337,09:59:42,3.2,-0.01,50,16000,卖盘
338,09:59:52,3.21,0.01,10,3210,买盘
339,10:00:00,3.2,-0.01,44,14080,卖盘
340,10:00:09,3.2,0.0,4,1280,卖盘
341,10:00:15,3.21,0.01,9,2889,买盘
342,10:00:21,3.21,0.0,6,1926,买盘
343,10:00:31,3.2,-0.01,1,320,中性盘
344,10:01:33,3.2,0.0,12,3840,买盘
345,10:01:36,3.2,0.0,1,320,买盘
346,10:01:45,3.2,0.0,5,1600,买盘
347,10:02:27,3.2,0.0,9,2880,买盘
348,10:02:42,3.19,-0.01,30,9570,卖盘
349,10:02:51,3.19,0.0,2,638,卖盘
350,10:02:54,3.2,0.01,7,2240,买盘
351,10:03:27,3.2,0.0,82,26240,买盘
352,10:03:46,3.19,-0.01,100,31900,卖盘
353,10:03:49,3.2,0.01,1,320,买盘
354,10:03:51,3.2,0.0,1,320,买盘
355,10:04:03,3.2,0.0,1,320,买盘
356,10:04:10,3.2,0.0,2,640,买盘
357,10:04:12,3.2,0.0,141,45120,买盘
358,10:04:18,3.21,0.01,241,77147,买盘
359,10:04:30,3.21,0.0,3,963,买盘
360,10:04:48,3.21,0.0,36,11556,买盘
361,10:04:54,3.2,-0.01,159,50880,卖盘
362,10:04:58,3.21,0.01,289,92520,买盘
363,10:05:04,3.21,0.0,1,321,买盘
364,10:05:09,3.21,0.0,96,30816,买盘
365,10:05:13,3.21,0.0,5,1605,买盘
366,10:05:27,3.2,-0.01,40,12800,卖盘
367,10:05:36,3.2,0.0,83,26560,卖盘
368,10:05:54,3.21,0.01,6,1926,买盘
369,10:06:04,3.21,0.0,1,321,买盘
370,10:06:16,3.2,-0.01,42,13440,卖盘
371,10:06:27,3.21,0.01,17,5457,买盘
372,10:06:30,3.2,-0.01,200,64000,卖盘
373,10:06:46,3.21,0.01,15,4815,买盘
374,10:07:03,3.21,0.0,1,321,买盘
375,10:07:18,3.21,0.0,3,963,买盘
376,10:07:45,3.21,0.0,10,3210,买盘
377,10:08:04,3.21,0.0,1,321,买盘
378,10:08:21,3.21,0.0,23,7383,买盘
379,10:08:51,3.21,0.0,1,321,买盘
380,10:08:54,3.2,-0.01,8,2560,卖盘
381,10:09:33,3.2,0.0,53,16960,卖盘
382,10:09:39,3.2,0.0,210,67200,卖盘
383,10:09:42,3.2,0.0,15,4800,卖盘
384,10:09:45,3.2,0.0,9,2880,卖盘
385,10:09:48,3.2,0.0,575,184000,卖盘
386,10:09:57,3.2,0.0,1,320,买盘
387,10:10:04,3.2,0.0,1,320,买盘
388,10:10:15,3.19,-0.01,19,6061,卖盘
389,10:10:33,3.2,0.01,242,77440,买盘
390,10:10:39,3.2,0.0,30,9600,卖盘
391,10:11:00,3.2,0.0,30,9600,卖盘
392,10:11:09,3.2,0.0,10,3200,卖盘
393,10:11:51,3.2,0.0,18,5760,卖盘
394,10:11:57,3.2,0.0,10,3200,卖盘
395,10:12:15,3.2,0.0,11,3520,卖盘
396,10:12:28,3.2,0.0,5,1600,卖盘
397,10:12:46,3.2,0.0,54,17280,卖盘
398,10:13:04,3.2,0.0,122,39148,卖盘
399,10:13:09,3.2,0.0,10,3200,卖盘
400,10:13:40,3.21,0.01,1,321,买盘
401,10:13:45,3.21,0.0,10,3210,买盘
402,10:13:48,3.21,0.0,1,321,买盘
403,10:13:51,3.21,0.0,2,642,买盘
404,10:14:04,3.21,0.0,1,321,买盘
405,10:14:06,3.2,-0.01,1,320,卖盘
406,10:14:09,3.2,0.0,13,4160,卖盘
407,10:14:25,3.21,0.01,10,3210,买盘
408,10:14:51,3.21,0.0,10,3210,买盘
409,10:15:03,3.21,0.0,1,321,买盘
410,10:15:21,3.21,0.0,7,2247,买盘
411,10:15:24,3.21,0.0,5,1605,买盘
412,10:15:45,3.21,0.0,2,642,买盘
413,10:16:04,3.21,0.0,12,3852,买盘
414,10:16:21,3.2,-0.01,2,641,卖盘
415,10:16:42,3.2,0.0,20,6400,卖盘
416,10:17:01,3.2,0.0,386,123520,卖盘
417,10:17:09,3.2,0.0,1,320,卖盘
418,10:17:49,3.2,0.0,6,1920,卖盘
419,10:18:09,3.21,0.01,4,1284,买盘
420,10:18:16,3.21,0.0,6,1926,买盘
421,10:18:19,3.21,0.0,1,321,买盘
422,10:18:21,3.21,0.0,1,321,买盘
423,10:19:04,3.2,-0.01,51,16321,卖盘
424,10:19:15,3.21,0.01,10,3210,买盘
425,10:19:30,3.2,-0.01,39,12480,卖盘
426,10:19:48,3.21,0.01,2,642,买盘
427,10:20:04,3.21,0.0,1,321,买盘
428,10:20:19,3.21,0.0,10,3210,买盘
429,10:20:21,3.21,0.0,1,321,买盘
430,10:20:45,3.21,0.0,11,3531,买盘
431,10:20:54,3.21,0.0,1,321,买盘
432,10:21:04,3.21,0.0,1,321,买盘
433,10:21:16,3.21,0.0,6,1926,买盘
434,10:21:19,3.21,0.0,5,1605,买盘
435,10:21:33,3.2,-0.01,16,5121,卖盘
436,10:21:42,3.21,0.01,7,2247,买盘
437,10:21:46,3.21,0.0,4,1284,买盘
438,10:21:54,3.21,0.0,1,321,买盘
439,10:22:04,3.21,0.0,1,321,买盘
440,10:22:07,3.21,0.0,2,642,买盘
441,10:22:15,3.21,0.0,6,1926,买盘
442,10:22:18,3.21,0.0,4,1284,买盘
443,10:22:24,3.21,0.0,20,6420,买盘
444,10:22:33,3.21,0.0,45,14445,买盘
445,10:22:39,3.21,0.0,50,16050,买盘
446,10:22:45,3.21,0.0,7,2247,买盘
447,10:22:48,3.21,0.0,4,1284,买盘
448,10:22:51,3.21,0.0,100,32100,买盘
449,10:22:54,3.21,0.0,1,321,买盘
450,10:23:04,3.21,0.0,1,321,买盘
451,10:23:15,3.21,0.0,11,3531,买盘
452,10:23:18,3.21,0.0,5,1605,买盘
453,10:23:30,3.21,0.0,15,4815,买盘
454,10:23:45,3.21,0.0,7,2247,买盘
455,10:23:48,3.21,0.0,4,1284,买盘
456,10:23:54,3.21,0.0,1,321,买盘
457,10:24:00,3.2,-0.01,24,7680,卖盘
458,10:24:07,3.21,0.01,3,963,买盘
459,10:24:15,3.21,0.0,84,26964,买盘
460,10:24:30,3.22,0.01,3,966,买盘
461,10:24:34,3.22,0.0,1,322,买盘
462,10:24:39,3.22,0.0,3,966,买盘
463,10:24:45,3.22,0.0,4,1288,买盘
464,10:24:48,3.21,-0.01,29,9316,卖盘
465,10:24:54,3.22,0.01,31,9982,买盘
466,10:24:57,3.22,0.0,71,22862,买盘
467,10:25:04,3.22,0.0,1,322,买盘
468,10:25:12,3.22,0.0,13,4186,买盘
469,10:25:15,3.22,0.0,11,3542,买盘
470,10:25:27,3.22,0.0,19,6118,买盘
471,10:25:42,3.22,0.0,4,1288,买盘
472,10:25:45,3.22,0.0,6,1932,买盘
473,10:25:48,3.22,0.0,67,21574,买盘
474,10:25:54,3.22,0.0,1,322,买盘
475,10:25:57,3.22,0.0,500,161000,买盘
476,10:26:04,3.22,0.0,18,5796,买盘
477,10:26:09,3.22,0.0,1,322,买盘
478,10:26:15,3.22,0.0,43,13846,买盘
479,10:26:28,3.22,0.0,349,112587,买盘
480,10:26:39,3.23,0.01,16,5168,买盘
481,10:26:45,3.23,0.0,10,3230,买盘
482,10:26:48,3.23,0.0,4,1292,买盘
483,10:26:54,3.23,0.0,1,323,买盘
484,10:26:57,3.23,0.0,48,15504,买盘
485,10:27:04,3.23,0.0,19,6137,卖盘
486,10:27:09,3.23,0.0,6,1938,卖盘
487,10:27:12,3.24,0.01,7,2268,买盘
488,10:27:15,3.24,0.0,15,4850,买盘
489,10:27:18,3.23,-0.01,50,16150,卖盘
490,10:27:22,3.24,0.01,10,3240,买盘
491,10:27:33,3.24,0.0,38,12312,买盘
492,10:27:48,3.24,0.0,10,3240,买盘
493,10:27:52,3.24,0.0,18,5832,买盘
494,10:27:54,3.24,0.0,1,324,买盘
495,10:28:03,3.24,0.0,1,324,买盘
496,10:28:12,3.24,0.0,1,324,买盘
497,10:28:15,3.24,0.0,8,2591,买盘
498,10:28:18,3.24,0.0,4,1296,买盘
499,10:28:46,3.24,0.0,10,3240,买盘
500,10:28:54,3.24,0.0,1,324,买盘
501,10:29:04,3.24,0.0,75,24300,买盘
502,10:29:09,3.24,0.0,2,648,买盘
503,10:29:15,3.24,0.0,12,3888,买盘
504,10:29:24,3.24,0.0,2,648,买盘
505,10:29:45,3.24,0.0,10,3240,买盘
506,10:30:04,3.24,0.0,1,324,买盘
507,10:30:06,3.24,0.0,709,228943,买盘
508,10:30:15,3.24,0.0,11,3564,买盘
509,10:30:25,3.24,0.0,181,58644,买盘
510,10:30:33,3.24,0.0,51,16524,买盘
511,10:30:39,3.24,0.0,60,19440,买盘
512,10:30:45,3.24,0.0,10,3240,买盘
513,10:30:51,3.24,0.0,60,19440,买盘
514,10:30:54,3.24,0.0,52,16848,买盘
515,10:30:58,3.24,0.0,33,10692,买盘
516,10:31:04,3.24,0.0,1,324,买盘
517,10:31:09,3.24,0.0,12,3888,买盘
518,10:31:12,3.25,0.01,1,325,买盘
519,10:31:15,3.24,-0.01,16,5195,卖盘
520,10:31:24,3.25,0.01,158,51315,买盘
521,10:31:33,3.25,0.0,3,975,买盘
522,10:31:45,3.25,0.0,20,6500,买盘
523,10:32:00,3.25,0.0,59,19175,买盘
524,10:32:04,3.25,0.0,51,16575,买盘
525,10:32:12,3.25,0.0,100,32500,买盘
526,10:32:15,3.25,0.0,10,3250,买盘
527,10:32:18,3.25,0.0,96,31134,买盘
528,10:32:21,3.24,-0.01,1,324,卖盘
529,10:32:36,3.25,0.01,113,36712,买盘
530,10:32:39,3.25,0.0,1,325,买盘
531,10:32:42,3.24,-0.01,128,41472,卖盘
532,10:32:45,3.25,0.01,111,35975,买盘
533,10:33:00,3.24,-0.01,3,972,卖盘
534,10:33:04,3.24,0.0,13,4213,卖盘
535,10:33:06,3.25,0.01,60,19500,买盘
536,10:33:15,3.25,0.0,444,144300,买盘
537,10:33:27,3.25,0.0,82,26650,卖盘
538,10:33:30,3.25,0.0,87,28275,买盘
539,10:33:37,3.25,0.0,4,1300,买盘
540,10:33:40,3.25,0.0,31,10075,买盘
541,10:33:48,3.25,0.0,1,325,买盘
542,10:33:51,3.25,0.0,1,325,买盘
543,10:34:04,3.24,-0.01,11,3565,卖盘
544,10:34:10,3.25,0.01,1,325,买盘
545,10:34:13,3.25,0.0,5,1625,买盘
546,10:34:24,3.24,-0.01,25,8100,卖盘
547,10:34:36,3.25,0.01,1,325,买盘
548,10:34:40,3.24,-0.01,20,6480,卖盘
549,10:34:48,3.24,0.0,300,97200,卖盘
550,10:34:54,3.24,0.0,155,50220,卖盘
551,10:34:57,3.24,0.0,11,3564,买盘
552,10:35:04,3.24,0.0,1,324,买盘
553,10:35:06,3.24,0.0,10,3240,买盘
554,10:35:18,3.22,-0.02,254,81998,卖盘
555,10:35:37,3.23,0.01,1,323,买盘
556,10:35:39,3.23,0.0,2,646,买盘
557,10:35:45,3.23,0.0,2,646,买盘
558,10:35:48,3.23,0.0,1,323,买盘
559,10:35:51,3.23,0.0,9,2907,买盘
560,10:35:57,3.23,0.0,1,323,卖盘
561,10:36:09,3.24,0.01,7,2268,买盘
562,10:36:18,3.24,0.0,2,647,买盘
563,10:37:03,3.24,0.0,1,324,买盘
564,10:37:13,3.24,0.0,10,3240,买盘
565,10:37:18,3.23,-0.01,8,2584,卖盘
566,10:38:15,3.23,0.0,44,14212,卖盘
567,10:38:18,3.23,0.0,16,5168,买盘
568,10:38:51,3.23,0.0,1,323,买盘
569,10:38:54,3.23,0.0,2,646,买盘
570,10:38:57,3.22,-0.01,1,322,卖盘
571,10:39:09,3.22,0.0,10,3220,卖盘
572,10:39:16,3.23,0.01,1,323,买盘
573,10:39:18,3.23,0.0,3,969,买盘
574,10:39:42,3.23,0.0,2,646,买盘
575,10:40:03,3.23,0.0,1,323,买盘
576,10:40:09,3.23,0.0,41,13243,买盘
577,10:40:18,3.23,0.0,1,323,买盘
578,10:40:57,3.22,-0.01,12,3864,卖盘
579,10:42:33,3.22,0.0,50,16100,卖盘
580,10:43:00,3.22,0.0,117,37674,卖盘
581,10:43:19,3.22,0.0,13,4186,卖盘
582,10:43:39,3.23,0.01,20,6460,买盘
583,10:43:48,3.23,0.0,2,646,买盘
584,10:43:54,3.23,0.0,1,323,买盘
585,10:43:57,3.22,-0.01,4,1288,卖盘
586,10:44:01,3.22,0.0,5,1610,卖盘
587,10:44:15,3.22,0.0,50,16100,卖盘
588,10:44:21,3.22,0.0,5,1610,卖盘
589,10:44:33,3.23,0.01,105,33915,买盘
590,10:44:39,3.23,0.0,3,969,卖盘
591,10:44:51,3.23,0.0,234,75582,卖盘
592,10:44:55,3.23,0.0,120,38760,买盘
593,10:45:00,3.23,0.0,19,6137,买盘
594,10:45:18,3.23,0.0,10,3230,卖盘
595,10:45:39,3.24,0.01,2,648,买盘
596,10:45:48,3.24,0.0,1,324,买盘
597,10:46:04,3.24,0.0,1,324,买盘
598,10:46:27,3.23,-0.01,6,1938,卖盘
599,10:47:04,3.23,0.0,1,323,买盘
600,10:47:33,3.23,0.0,50,16150,买盘
601,10:48:04,3.23,0.0,1,323,买盘
602,10:48:06,3.23,0.0,1,323,买盘
603,10:49:04,3.23,0.0,1,323,买盘
604,10:49:06,3.23,0.0,1,323,买盘
605,10:49:09,3.23,0.0,2,646,买盘
606,10:49:12,3.23,0.0,1,323,买盘
607,10:49:30,3.23,0.0,4,1292,买盘
608,10:49:33,3.23,0.0,7,2261,买盘
609,10:50:00,3.23,0.0,10,3230,买盘
610,10:50:03,3.23,0.0,1,323,买盘
611,10:50:18,3.22,-0.01,17,5474,卖盘
612,10:50:30,3.23,0.01,7,2261,买盘
613,10:50:33,3.23,0.0,4,1292,买盘
614,10:50:45,3.23,0.0,60,19380,买盘
615,10:51:03,3.23,0.0,12,3876,买盘
616,10:51:27,3.22,-0.01,1,322,卖盘
617,10:51:33,3.22,0.0,76,24482,卖盘
618,10:52:01,3.23,0.01,63,20296,买盘
619,10:52:04,3.23,0.0,1,323,买盘
620,10:52:27,3.23,0.0,15,4845,买盘
621,10:52:30,3.23,0.0,4,1292,买盘
622,10:52:33,3.23,0.0,7,2261,买盘
623,10:52:45,3.23,0.0,30,9690,买盘
624,10:53:00,3.23,0.0,11,3553,买盘
625,10:53:04,3.23,0.0,1,323,买盘
626,10:53:30,3.23,0.0,11,3553,买盘
627,10:54:00,3.23,0.0,1,323,买盘
628,10:54:04,3.23,0.0,12,3876,买盘
629,10:54:21,3.23,0.0,30,9690,买盘
630,10:54:30,3.23,0.0,11,3553,买盘
631,10:55:04,3.23,0.0,12,3876,买盘
632,10:55:31,3.23,0.0,10,3230,买盘
633,10:55:45,3.23,0.0,1,323,买盘
634,10:55:48,3.23,0.0,1,323,买盘
635,10:55:52,3.23,0.0,186,60078,买盘
636,10:56:00,3.23,0.0,1,323,买盘
637,10:56:04,3.23,0.0,11,3553,买盘
638,10:56:06,3.23,0.0,1,323,买盘
639,10:56:30,3.23,0.0,7,2261,买盘
640,10:56:33,3.23,0.0,4,1292,买盘
641,10:56:36,3.22,-0.01,198,63756,卖盘
642,10:57:00,3.23,0.01,8,2584,买盘
643,10:57:03,3.22,-0.01,11,3546,卖盘
644,10:57:13,3.22,0.0,300,96600,卖盘
645,10:57:33,3.23,0.01,11,3553,买盘
646,10:57:48,3.23,0.0,1,323,买盘
647,10:57:57,3.22,-0.01,30,9660,卖盘
648,10:58:00,3.23,0.01,1,323,买盘
649,10:58:03,3.23,0.0,10,3230,买盘
650,10:58:18,3.23,0.0,1,323,买盘
651,10:58:34,3.23,0.0,11,3553,买盘
652,10:59:00,3.23,0.0,1,323,买盘
653,10:59:04,3.23,0.0,12,3876,买盘
654,10:59:12,3.22,-0.01,187,60400,卖盘
655,10:59:30,3.22,0.0,10,3226,卖盘
656,10:59:33,3.23,0.01,4,1292,买盘
657,11:00:01,3.23,0.0,1,323,买盘
658,11:00:04,3.23,0.0,4,1292,买盘
659,11:00:06,3.23,0.0,7,2261,买盘
660,11:00:33,3.23,0.0,197,63631,买盘
661,11:01:00,3.23,0.0,1,323,买盘
662,11:01:04,3.23,0.0,5,1615,买盘
663,11:01:06,3.23,0.0,107,34561,买盘
664,11:01:10,3.22,-0.01,20,6440,卖盘
665,11:01:19,3.23,0.01,50,16150,买盘
666,11:01:33,3.23,0.0,10,3230,买盘
667,11:01:39,3.23,0.0,121,39083,买盘
668,11:01:46,3.22,-0.01,4,1288,卖盘
669,11:01:57,3.23,0.01,10,3230,买盘
670,11:02:00,3.23,0.0,1,323,买盘
671,11:02:04,3.23,0.0,1,323,买盘
672,11:02:06,3.23,0.0,14,4522,买盘
673,11:02:27,3.23,0.0,5,1615,买盘
674,11:02:34,3.23,0.0,11,3553,买盘
675,11:02:46,3.23,0.0,5,1615,买盘
676,11:02:57,3.23,0.0,10,3230,买盘
677,11:03:00,3.23,0.0,1,323,买盘
678,11:03:03,3.23,0.0,5,1615,买盘
679,11:03:06,3.23,0.0,8,2584,买盘
680,11:03:19,3.23,0.0,100,32300,买盘
681,11:03:36,3.23,0.0,11,3553,买盘
682,11:04:01,3.23,0.0,2,646,买盘
683,11:04:04,3.23,0.0,11,3553,买盘
684,11:04:06,3.23,0.0,12,3876,买盘
685,11:04:33,3.23,0.0,8,2584,买盘
686,11:04:36,3.23,0.0,4,1292,买盘
687,11:04:43,3.22,-0.01,156,50232,卖盘
688,11:04:48,3.22,0.0,25,8050,卖盘
689,11:04:58,3.23,0.01,2,646,买盘
690,11:05:03,3.23,0.0,1,323,买盘
691,11:05:06,3.23,0.0,11,3553,买盘
692,11:05:16,3.22,-0.01,7,2254,卖盘
693,11:05:36,3.23,0.01,29,9367,买盘
694,11:06:00,3.22,-0.01,1,322,卖盘
695,11:06:03,3.23,0.01,1,323,买盘
696,11:06:06,3.23,0.0,7,2261,买盘
697,11:06:09,3.22,-0.01,32,10311,卖盘
698,11:06:12,3.22,0.0,55,17715,卖盘
699,11:06:36,3.23,0.01,11,3553,买盘
700,11:06:46,3.22,-0.01,200,64400,卖盘
701,11:07:06,3.23,0.01,111,35853,买盘
702,11:07:09,3.22,-0.01,47,15139,卖盘
703,11:07:18,3.23,0.01,9,2907,买盘
704,11:07:37,3.23,0.0,5,1615,买盘
705,11:07:39,3.23,0.0,7,2261,买盘
706,11:07:57,3.22,-0.01,5,1610,卖盘
707,11:08:06,3.23,0.01,100,32210,买盘
708,11:08:15,3.22,-0.01,130,41860,卖盘
709,11:08:36,3.23,0.01,4,1292,买盘
710,11:08:39,3.22,-0.01,246,79219,卖盘
711,11:09:01,3.22,0.0,14,4508,卖盘
712,11:09:09,3.23,0.01,11,3553,买盘
713,11:09:18,3.23,0.0,1,323,买盘
714,11:09:24,3.22,-0.01,143,46047,卖盘
715,11:09:27,3.22,0.0,100,32200,卖盘
716,11:09:36,3.22,0.0,199,64078,卖盘
717,11:09:39,3.22,0.0,6,1932,买盘
718,11:10:04,3.22,0.0,1,322,买盘
719,11:10:06,3.22,0.0,6,1932,买盘
720,11:10:09,3.22,0.0,7,2254,买盘
721,11:10:18,3.22,0.0,1,322,买盘
722,11:10:21,3.22,0.0,2,644,买盘
723,11:10:36,3.22,0.0,60,19271,买盘
724,11:11:03,3.22,0.0,1,322,买盘
725,11:11:06,3.22,0.0,7,2254,买盘
726,11:11:09,3.22,0.0,4,1288,买盘
727,11:11:12,3.22,0.0,3,966,买盘
728,11:11:15,3.22,0.0,2,644,买盘
729,11:11:39,3.22,0.0,11,3542,买盘
730,11:11:45,3.22,0.0,4,1288,买盘
731,11:12:00,3.21,-0.01,10,3210,卖盘
732,11:12:04,3.22,0.01,1,322,买盘
733,11:12:06,3.22,0.0,7,2254,买盘
734,11:12:09,3.22,0.0,3,966,买盘
735,11:12:24,3.21,-0.01,10,3210,卖盘
736,11:12:27,3.22,0.01,7,2254,买盘
737,11:12:36,3.22,0.0,11,3542,买盘
738,11:13:04,3.22,0.0,1,322,买盘
739,11:13:09,3.22,0.0,11,3542,买盘
740,11:13:36,3.22,0.0,3,966,买盘
741,11:13:39,3.22,0.0,7,2254,买盘
742,11:14:03,3.22,0.0,1,322,买盘
743,11:14:09,3.22,0.0,10,3220,买盘
744,11:14:30,3.22,0.0,1,322,买盘
745,11:14:42,3.22,0.0,1,322,买盘
746,11:14:45,3.22,0.0,1,322,买盘
747,11:14:48,3.22,0.0,3,966,买盘
748,11:15:00,3.22,0.0,31,9982,买盘
749,11:15:04,3.22,0.0,1,322,买盘
750,11:15:07,3.22,0.0,1,322,买盘
751,11:15:48,3.22,0.0,1,322,买盘
752,11:16:04,3.22,0.0,1,322,买盘
753,11:16:33,3.22,0.0,20,6440,买盘
754,11:16:45,3.22,0.0,1,322,买盘
755,11:17:04,3.22,0.0,1,322,买盘
756,11:18:03,3.22,0.0,1,322,买盘
757,11:18:51,3.22,0.0,1,322,买盘
758,11:19:04,3.22,0.0,1,322,买盘
759,11:19:27,3.22,0.0,1,322,买盘
760,11:19:46,3.21,-0.01,100,32100,卖盘
761,11:20:06,3.22,0.01,3,966,买盘
762,11:20:18,3.22,0.0,1,322,买盘
763,11:20:36,3.21,-0.01,288,92448,卖盘
764,11:20:48,3.21,0.0,13,4173,卖盘
765,11:20:57,3.21,0.0,180,57780,卖盘
766,11:21:00,3.21,0.0,310,99510,卖盘
767,11:21:06,3.21,0.0,225,72225,卖盘
768,11:21:21,3.21,0.0,100,32100,卖盘
769,11:21:54,3.21,0.0,100,32100,卖盘
770,11:21:57,3.21,0.0,30,9630,卖盘
771,11:22:15,3.21,0.0,83,26643,卖盘
772,11:22:18,3.21,0.0,1,321,买盘
773,11:23:04,3.21,0.0,1,321,买盘
774,11:23:15,3.21,0.0,1,321,买盘
775,11:23:48,3.2,-0.01,34,10880,卖盘
776,11:25:00,3.2,0.0,1,320,卖盘
777,11:25:48,3.21,0.01,2,642,买盘
778,11:25:51,3.21,0.0,7,2247,买盘
779,11:25:54,3.21,0.0,7,2247,买盘
780,11:26:03,3.21,0.0,2,642,买盘
781,11:26:06,3.21,0.0,2,642,买盘
782,11:26:36,3.21,0.0,1,321,买盘
783,11:26:39,3.2,-0.01,240,76800,卖盘
784,11:26:54,3.21,0.01,50,16050,买盘
785,11:27:04,3.21,0.0,1,321,买盘
786,11:27:06,3.21,0.0,1,321,买盘
787,11:27:39,3.2,-0.01,120,38400,卖盘
788,11:27:51,3.2,0.0,285,91200,卖盘
789,11:27:54,3.19,-0.01,150,47850,卖盘
790,11:28:12,3.19,0.0,49,15631,卖盘
791,11:29:12,3.2,0.01,1,320,买盘
792,11:29:15,3.19,-0.01,253,80707,卖盘
793,11:29:18,3.19,0.0,762,243078,卖盘
794,11:29:21,3.19,0.0,2,638,买盘
795,11:29:24,3.19,0.0,5,1595,买盘
796,11:29:36,3.18,-0.01,181,57709,卖盘
797,11:29:48,3.19,0.01,3,957,卖盘
798,13:00:01,3.19,0.0,56,17864,卖盘
799,13:00:04,3.19,0.0,744,237471,卖盘
800,13:00:09,3.19,0.0,10,3190,卖盘
801,13:00:21,3.19,0.0,109,34771,卖盘
802,13:00:27,3.19,0.0,28,8932,买盘
803,13:00:33,3.19,0.0,2,638,买盘
804,13:01:00,3.19,0.0,23,7337,买盘
805,13:01:04,3.19,0.0,21,6699,买盘
806,13:01:06,3.19,0.0,1,319,买盘
807,13:01:09,3.19,0.0,1,319,买盘
808,13:01:12,3.19,0.0,10,3190,买盘
809,13:02:18,3.19,0.0,1,319,卖盘
810,13:04:06,3.19,0.0,39,12441,卖盘
811,13:04:09,3.19,0.0,18,5742,卖盘
812,13:04:33,3.19,0.0,1,319,买盘
813,13:04:36,3.19,0.0,33,10527,买盘
814,13:04:48,3.19,0.0,19,6061,卖盘
815,13:05:09,3.19,0.0,32,10208,卖盘
816,13:05:27,3.19,0.0,9,2871,买盘
817,13:05:30,3.19,0.0,5,1595,买盘
818,13:05:33,3.19,0.0,1,319,买盘
819,13:06:12,3.19,0.0,1,319,卖盘
820,13:06:30,3.2,0.01,1,320,买盘
821,13:06:33,3.2,0.0,1,320,买盘
822,13:06:42,3.21,0.01,1004,321778,买盘
823,13:07:03,3.21,0.0,1,321,买盘
824,13:07:30,3.21,0.0,1,321,买盘
825,13:07:33,3.2,-0.01,40,12800,卖盘
826,13:07:57,3.19,-0.01,4,1276,卖盘
827,13:08:18,3.21,0.02,1,321,买盘
828,13:08:30,3.21,0.0,1,321,买盘
829,13:08:36,3.21,0.0,1,321,买盘
830,13:09:04,3.21,0.0,1,321,买盘
831,13:09:18,3.21,0.0,2,642,买盘
832,13:09:30,3.21,0.0,1,321,买盘
833,13:10:04,3.21,0.0,1,321,买盘
834,13:10:30,3.21,0.0,1,321,买盘
835,13:11:04,3.21,0.0,1,321,买盘
836,13:11:30,3.21,0.0,1,321,买盘
837,13:11:57,3.2,-0.01,286,91793,卖盘
838,13:12:00,3.21,0.01,157,50397,买盘
839,13:12:03,3.21,0.0,82,26322,买盘
840,13:12:07,3.21,0.0,20,6420,买盘
841,13:12:10,3.21,0.0,12,3852,买盘
842,13:12:12,3.21,0.0,217,69657,买盘
843,13:12:15,3.21,0.0,60,19260,买盘
844,13:12:30,3.22,0.01,101,32422,买盘
845,13:12:39,3.22,0.0,5,1610,买盘
846,13:12:42,3.22,0.0,30,9660,买盘
847,13:13:01,3.22,0.0,1,322,买盘
848,13:13:06,3.22,0.0,27,8694,买盘
849,13:13:39,3.21,-0.01,3,963,卖盘
850,13:13:48,3.21,0.0,30,9630,卖盘
851,13:13:51,3.21,0.0,2,642,卖盘
852,13:14:00,3.22,0.01,5,1610,买盘
853,13:14:06,3.22,0.0,20,6440,买盘
854,13:14:15,3.22,0.0,52,16744,买盘
855,13:14:18,3.22,0.0,1,322,买盘
856,13:14:39,3.22,0.0,100,32200,买盘
857,13:14:54,3.21,-0.01,35,11235,卖盘
858,13:17:12,3.22,0.01,18,5796,买盘
859,13:17:18,3.22,0.0,1,322,买盘
860,13:17:21,3.22,0.0,201,64722,买盘
861,13:17:24,3.22,0.0,125,40250,买盘
862,13:17:28,3.22,0.0,55,17710,买盘
863,13:17:30,3.22,0.0,20,6440,买盘
864,13:17:33,3.22,0.0,5,1610,买盘
865,13:17:36,3.22,0.0,186,59892,买盘
866,13:17:39,3.22,0.0,76,24472,买盘
867,13:17:42,3.22,0.0,5,1610,买盘
868,13:17:45,3.22,0.0,6,1932,买盘
869,13:17:48,3.22,0.0,36,11592,买盘
870,13:17:51,3.22,0.0,34,10948,买盘
871,13:17:54,3.22,0.0,2,644,买盘
872,13:17:57,3.22,0.0,3,966,买盘
873,13:18:00,3.22,0.0,2,644,买盘
874,13:18:03,3.22,0.0,6,1932,买盘
875,13:18:06,3.22,0.0,4,1288,买盘
876,13:18:18,3.22,0.0,34,10948,买盘
877,13:18:21,3.22,0.0,17,5474,买盘
878,13:18:24,3.22,0.0,9,2898,买盘
879,13:18:27,3.21,-0.01,7,2253,卖盘
880,13:18:30,3.22,0.01,3,966,买盘
881,13:18:33,3.22,0.0,8,2576,买盘
882,13:19:06,3.22,0.0,14,4508,卖盘
883,13:19:45,3.22,0.0,100,32200,卖盘
884,13:19:48,3.22,0.0,119,38318,买盘
885,13:20:04,3.22,0.0,1,322,买盘
886,13:21:00,3.22,0.0,1,322,买盘
887,13:21:34,3.21,-0.01,190,60990,卖盘
888,13:21:36,3.22,0.01,20,6440,买盘
889,13:21:45,3.21,-0.01,16,5136,卖盘
890,13:22:12,3.21,0.0,25,8025,卖盘
891,13:22:18,3.21,0.0,5,1605,卖盘
892,13:22:39,3.22,0.01,10,3220,买盘
893,13:22:49,3.22,0.0,1,322,买盘
894,13:23:04,3.22,0.0,1,322,买盘
895,13:24:04,3.22,0.0,1,322,买盘
896,13:24:06,3.22,0.0,68,21896,买盘
897,13:24:09,3.22,0.0,25,8050,买盘
898,13:24:36,3.22,0.0,1,322,买盘
899,13:25:04,3.22,0.0,1,322,买盘
900,13:26:04,3.22,0.0,1,322,买盘
901,13:26:18,3.22,0.0,60,19320,买盘
902,13:27:03,3.22,0.0,1,322,买盘
903,13:27:45,3.21,-0.01,22,7062,卖盘
904,13:29:12,3.21,0.0,552,177192,卖盘
905,13:29:27,3.22,0.01,374,120428,买盘
906,13:30:04,3.22,0.0,1,322,买盘
907,13:30:12,3.21,-0.01,25,8025,卖盘
908,13:30:15,3.22,0.01,40,12880,买盘
909,13:30:54,3.21,-0.01,2,642,卖盘
910,13:31:04,3.21,0.0,20,6420,卖盘
911,13:31:27,3.22,0.01,4,1288,买盘
912,13:31:36,3.22,0.0,1,322,买盘
913,13:31:42,3.22,0.0,4,1288,买盘
914,13:31:58,3.22,0.0,1,322,买盘
915,13:32:01,3.21,-0.01,2,642,卖盘
916,13:32:04,3.22,0.01,1,322,买盘
917,13:32:27,3.22,0.0,1,322,买盘
918,13:32:33,3.22,0.0,1,322,买盘
919,13:32:57,3.22,0.0,1,322,买盘
920,13:33:03,3.22,0.0,1,322,买盘
921,13:33:30,3.22,0.0,28,9016,买盘
922,13:34:04,3.22,0.0,1,322,买盘
923,13:34:12,3.22,0.0,3,966,买盘
924,13:34:27,3.22,0.0,1,322,买盘
925,13:34:39,3.22,0.0,94,30268,买盘
926,13:34:42,3.22,0.0,1,322,买盘
927,13:34:49,3.22,0.0,186,59892,买盘
928,13:34:51,3.22,0.0,105,33810,买盘
929,13:34:55,3.22,0.0,1,322,买盘
930,13:35:04,3.22,0.0,1,322,买盘
931,13:35:09,3.22,0.0,2,644,买盘
932,13:35:12,3.22,0.0,5,1610,买盘
933,13:35:27,3.22,0.0,2,644,买盘
934,13:35:31,3.22,0.0,382,123004,买盘
935,13:35:33,3.22,0.0,7,2254,买盘
936,13:35:58,3.23,0.01,1,323,买盘
937,13:36:04,3.23,0.0,1,323,买盘
938,13:36:07,3.23,0.0,50,16150,买盘
939,13:36:12,3.23,0.0,1,323,买盘
940,13:36:43,3.23,0.0,1,323,买盘
941,13:36:57,3.23,0.0,2,646,买盘
942,13:37:00,3.23,0.0,3,969,买盘
943,13:37:10,3.23,0.0,2,646,买盘
944,13:37:27,3.22,-0.01,22,7084,卖盘
945,13:37:39,3.22,0.0,2,644,卖盘
946,13:37:42,3.23,0.01,1,323,买盘
947,13:37:57,3.23,0.0,2,646,买盘
948,13:38:00,3.23,0.0,1,323,买盘
949,13:38:28,3.23,0.0,1,323,买盘
950,13:38:40,3.23,0.0,15,4845,买盘
951,13:38:42,3.23,0.0,1,323,买盘
952,13:38:55,3.22,-0.01,20,6440,卖盘
953,13:39:09,3.23,0.01,2,646,买盘
954,13:39:18,3.23,0.0,1,323,买盘
955,13:39:21,3.22,-0.01,46,14812,卖盘
956,13:39:27,3.23,0.01,1,323,买盘
957,13:39:30,3.23,0.0,1,323,买盘
958,13:39:39,3.23,0.0,5,1615,买盘
959,13:39:57,3.23,0.0,1,323,买盘
960,13:40:03,3.23,0.0,1,323,买盘
961,13:40:10,3.23,0.0,1,323,买盘
962,13:40:15,3.22,-0.01,5,1610,卖盘
963,13:40:18,3.23,0.01,50,16150,买盘
964,13:40:27,3.23,0.0,50,16150,买盘
965,13:40:36,3.23,0.0,480,155040,买盘
966,13:40:39,3.23,0.0,1,323,买盘
967,13:40:54,3.23,0.0,59,19057,买盘
968,13:40:57,3.23,0.0,1,323,买盘
969,13:41:03,3.23,0.0,1,323,买盘
970,13:41:24,3.23,0.0,2,646,买盘
971,13:41:30,3.23,0.0,1,323,买盘
972,13:41:46,3.23,0.0,1,323,买盘
973,13:42:00,3.22,-0.01,3,966,卖盘
974,13:42:09,3.23,0.01,2,646,买盘
975,13:42:18,3.23,0.0,1,323,买盘
976,13:42:27,3.23,0.0,1,323,买盘
977,13:42:57,3.23,0.0,1,323,买盘
978,13:43:04,3.23,0.0,1,323,买盘
979,13:43:12,3.23,0.0,1,323,买盘
980,13:43:27,3.23,0.0,1,323,买盘
981,13:43:30,3.23,0.0,15,4845,买盘
982,13:43:52,3.23,0.0,94,30362,买盘
983,13:43:54,3.23,0.0,1,323,买盘
984,13:43:58,3.23,0.0,1,323,买盘
985,13:44:00,3.23,0.0,2,646,买盘
986,13:44:04,3.23,0.0,1,323,买盘
987,13:44:21,3.23,0.0,1,323,买盘
988,13:44:28,3.23,0.0,2,646,买盘
989,13:44:39,3.23,0.0,2,646,买盘
990,13:44:42,3.23,0.0,2,646,买盘
991,13:44:57,3.23,0.0,16,5168,买盘
992,13:45:00,3.23,0.0,1,323,买盘
993,13:45:09,3.23,0.0,1,323,买盘
994,13:45:12,3.23,0.0,2,646,买盘
995,13:45:24,3.23,0.0,1,323,买盘
996,13:45:58,3.23,0.0,1,323,买盘
997,13:46:00,3.23,0.0,1,323,买盘
998,13:46:12,3.23,0.0,13,4199,买盘
999,13:46:24,3.23,0.0,2,646,买盘
1000,13:46:39,3.22,-0.01,5,1610,卖盘
1001,13:46:54,3.23,0.01,1,323,买盘
1002,13:47:00,3.23,0.0,1,323,买盘
1003,13:47:04,3.23,0.0,1,323,买盘
1004,13:47:12,3.22,-0.01,196,63112,卖盘
1005,13:47:15,3.23,0.01,30,9690,买盘
1006,13:47:36,3.23,0.0,20,6460,买盘
1007,13:47:42,3.23,0.0,100,32300,买盘
1008,13:47:45,3.22,-0.01,13,4186,卖盘
1009,13:48:12,3.23,0.01,63,20349,买盘
1010,13:48:18,3.23,0.0,1,323,买盘
1011,13:48:33,3.23,0.0,10,3230,买盘
1012,13:48:45,3.23,0.0,3,969,买盘
1013,13:48:54,3.23,0.0,1,323,买盘
1014,13:49:03,3.23,0.0,1,323,买盘
1015,13:49:27,3.23,0.0,2,646,买盘
1016,13:49:39,3.23,0.0,2,646,买盘
1017,13:49:51,3.23,0.0,5,1615,买盘
1018,13:49:54,3.23,0.0,1,323,买盘
1019,13:50:04,3.23,0.0,1,323,买盘
1020,13:50:09,3.23,0.0,1,323,买盘
1021,13:50:12,3.23,0.0,5,1615,买盘
1022,13:50:39,3.23,0.0,1,323,买盘
1023,13:50:57,3.23,0.0,3,969,买盘
1024,13:51:00,3.23,0.0,1,323,买盘
1025,13:51:04,3.23,0.0,1,323,买盘
1026,13:51:12,3.22,-0.01,50,16100,卖盘
1027,13:51:57,3.23,0.01,1,323,买盘
1028,13:52:04,3.23,0.0,1,323,买盘
1029,13:52:18,3.22,-0.01,170,54740,卖盘
1030,13:52:21,3.22,0.0,970,312340,卖盘
1031,13:52:24,3.22,0.0,20,6440,卖盘
1032,13:52:27,3.22,0.0,9,2898,卖盘
1033,13:52:30,3.22,0.0,11,3542,卖盘
1034,13:52:33,3.22,0.0,3,966,卖盘
1035,13:52:36,3.22,0.0,400,128800,卖盘
1036,13:52:42,3.22,0.0,69,22218,卖盘
1037,13:52:57,3.22,0.0,1,322,卖盘
1038,13:53:09,3.22,0.0,30,9660,卖盘
1039,13:53:12,3.23,0.01,94,30362,买盘
1040,13:53:18,3.23,0.0,1,323,买盘
1041,13:53:24,3.22,-0.01,10,3220,卖盘
1042,13:53:27,3.22,0.0,60,19320,卖盘
1043,13:53:42,3.23,0.01,1,323,买盘
1044,13:53:54,3.23,0.0,1,323,买盘
1045,13:54:00,3.23,0.0,1,323,买盘
1046,13:54:06,3.23,0.0,50,16150,买盘
1047,13:54:13,3.22,-0.01,23,7406,卖盘
1048,13:55:15,3.22,0.0,8,2576,卖盘
1049,13:56:12,3.22,0.0,110,35420,卖盘
1050,13:56:21,3.22,0.0,20,6440,卖盘
1051,13:57:36,3.22,0.0,11,3542,卖盘
1052,13:57:57,3.23,0.01,3,969,买盘
1053,13:58:04,3.22,-0.01,13,4187,卖盘
1054,13:58:09,3.22,0.0,27,8694,卖盘
1055,13:58:24,3.22,0.0,50,16100,卖盘
1056,13:58:36,3.23,0.01,1,323,买盘
1057,13:58:48,3.23,0.0,3,969,买盘
1058,13:58:58,3.23,0.0,3,969,买盘
1059,13:59:01,3.22,-0.01,1,322,卖盘
1060,13:59:06,3.23,0.01,3,969,买盘
1061,13:59:18,3.23,0.0,1,323,买盘
1062,13:59:24,3.23,0.0,1,323,买盘
1063,13:59:28,3.23,0.0,2,646,买盘
1064,13:59:39,3.23,0.0,3,969,买盘
1065,13:59:42,3.23,0.0,19,6137,买盘
1066,13:59:57,3.23,0.0,2,646,买盘
1067,14:00:03,3.23,0.0,1,323,买盘
1068,14:00:12,3.23,0.0,81,26163,买盘
1069,14:00:28,3.23,0.0,4,1292,买盘
1070,14:00:57,3.23,0.01,4,1292,买盘
1071,14:01:00,3.23,0.0,1,323,买盘
1072,14:01:27,3.23,0.0,4,1292,买盘
1073,14:01:33,3.22,-0.01,33,10626,卖盘
1074,14:01:57,3.23,0.01,4,1292,买盘
1075,14:02:00,3.23,0.0,1,323,买盘
1076,14:02:12,3.22,-0.01,10,3220,卖盘
1077,14:02:21,3.23,0.01,73,23579,买盘
1078,14:02:27,3.23,0.0,10,3230,买盘
1079,14:02:33,3.23,0.0,51,16473,买盘
1080,14:02:57,3.23,0.0,4,1292,买盘
1081,14:03:04,3.23,0.0,2,646,买盘
1082,14:03:27,3.23,0.0,3,969,买盘
1083,14:03:51,3.23,0.0,139,44897,买盘
1084,14:03:57,3.23,0.0,5,1615,买盘
1085,14:04:04,3.23,0.0,3,969,买盘
1086,14:04:06,3.23,0.0,1,323,买盘
1087,14:04:12,3.23,0.0,47,15181,买盘
1088,14:04:24,3.23,0.0,1,323,买盘
1089,14:04:28,3.23,0.0,4,1292,买盘
1090,14:04:36,3.23,0.0,1,323,买盘
1091,14:04:45,3.23,0.0,18,5814,买盘
1092,14:04:57,3.23,0.0,181,58463,买盘
1093,14:05:04,3.23,0.0,1,323,买盘
1094,14:05:19,3.23,0.0,2,646,买盘
1095,14:05:28,3.23,0.0,2,646,买盘
1096,14:05:30,3.23,0.0,1,323,买盘
1097,14:05:33,3.23,0.0,2,646,买盘
1098,14:05:48,3.22,-0.01,8,2576,卖盘
1099,14:05:57,3.23,0.01,3,969,买盘
1100,14:06:04,3.23,0.0,1,323,买盘
1101,14:06:24,3.23,0.0,5,1615,买盘
1102,14:06:27,3.22,-0.01,13,4186,卖盘
1103,14:06:45,3.22,0.0,23,7406,卖盘
1104,14:06:48,3.22,0.0,98,31556,卖盘
1105,14:06:51,3.22,0.0,10,3220,卖盘
1106,14:06:57,3.23,0.01,10,3230,买盘
1107,14:07:03,3.23,0.0,1,323,买盘
1108,14:07:07,3.22,-0.01,2,644,卖盘
1109,14:07:12,3.22,0.0,2,644,卖盘
1110,14:07:27,3.22,0.0,213,68586,卖盘
1111,14:07:30,3.23,0.01,88,28386,买盘
1112,14:07:36,3.22,-0.01,8,2576,卖盘
1113,14:07:42,3.23,0.01,32,10336,买盘
1114,14:08:04,3.23,0.0,1,323,买盘
1115,14:08:15,3.22,-0.01,480,154560,卖盘
1116,14:08:27,3.21,-0.01,2166,697229,卖盘
1117,14:08:36,3.21,0.0,60,19260,买盘
1118,14:08:42,3.22,0.01,1,322,买盘
1119,14:08:51,3.22,0.0,1,322,买盘
1120,14:09:00,3.22,0.0,1,322,买盘
1121,14:09:06,3.22,0.0,1,322,买盘
1122,14:09:18,3.22,0.0,2,644,买盘
1123,14:09:21,3.22,0.0,1,322,买盘
1124,14:09:24,3.2,-0.02,194,62121,卖盘
1125,14:09:55,3.21,0.01,2,642,买盘
1126,14:10:00,3.21,0.0,1,321,买盘
1127,14:10:27,3.21,0.0,1,321,买盘
1128,14:10:42,3.21,0.0,2,642,买盘
1129,14:10:51,3.2,-0.01,21,6720,卖盘
1130,14:11:00,3.21,0.01,1,321,买盘
1131,14:11:06,3.21,0.0,25,8001,买盘
1132,14:11:09,3.2,-0.01,52,16640,卖盘
1133,14:11:18,3.21,0.01,1,321,买盘
1134,14:11:34,3.21,0.0,2,642,买盘
1135,14:11:42,3.21,0.0,1,321,买盘
1136,14:11:57,3.21,0.0,1,321,买盘
1137,14:12:03,3.21,0.0,2,642,买盘
1138,14:12:06,3.21,0.0,1,321,买盘
1139,14:12:12,3.2,-0.01,20,6400,卖盘
1140,14:12:24,3.21,0.01,1,321,买盘
1141,14:12:45,3.21,0.0,1,321,买盘
1142,14:13:04,3.21,0.0,2,642,买盘
1143,14:13:09,3.21,0.0,1,321,买盘
1144,14:13:30,3.21,0.0,1,321,买盘
1145,14:13:39,3.21,0.0,6,1926,买盘
1146,14:13:48,3.21,0.0,1,321,买盘
1147,14:14:03,3.21,0.0,2,642,买盘
1148,14:14:07,3.21,0.0,2,641,买盘
1149,14:14:09,3.2,-0.01,151,48320,卖盘
1150,14:14:21,3.2,0.0,30,9600,卖盘
1151,14:14:27,3.21,0.01,1,321,买盘
1152,14:14:33,3.21,0.0,2,642,买盘
1153,14:14:51,3.21,0.0,94,30174,买盘
1154,14:14:57,3.21,0.0,3,963,买盘
1155,14:15:00,3.21,0.0,10,3210,买盘
1156,14:15:04,3.21,0.0,2,642,买盘
1157,14:15:09,3.21,0.0,30,9630,买盘
1158,14:15:27,3.21,0.0,3,963,买盘
1159,14:15:30,3.2,-0.01,5,1600,卖盘
1160,14:15:36,3.21,0.01,1,321,买盘
1161,14:15:42,3.21,0.0,5,1605,买盘
1162,14:15:48,3.2,-0.01,224,71680,卖盘
1163,14:16:03,3.2,0.0,2,640,买盘
1164,14:16:09,3.2,0.0,7,2240,买盘
1165,14:16:48,3.2,0.0,1,320,买盘
1166,14:16:51,3.2,0.0,100,32000,买盘
1167,14:17:04,3.2,0.0,2,640,买盘
1168,14:17:24,3.2,0.0,1,320,买盘
1169,14:17:27,3.2,0.0,100,32000,买盘
1170,14:17:39,3.2,0.0,5,1600,买盘
1171,14:18:00,3.2,0.0,1,320,买盘
1172,14:18:04,3.2,0.0,1,320,买盘
1173,14:18:39,3.2,0.0,6,1920,买盘
1174,14:19:00,3.2,0.0,1,320,买盘
1175,14:19:03,3.2,0.0,2,640,买盘
1176,14:19:24,3.2,0.0,100,32000,买盘
1177,14:19:58,3.2,0.0,3,960,买盘
1178,14:20:04,3.2,0.0,1,320,买盘
1179,14:20:24,3.2,0.0,4,1280,买盘
1180,14:20:54,3.2,0.0,1,320,买盘
1181,14:20:57,3.2,0.0,4,1280,买盘
1182,14:21:03,3.2,0.0,1,320,买盘
1183,14:21:09,3.2,0.0,1,320,买盘
1184,14:21:18,3.2,0.0,1,320,买盘
1185,14:21:24,3.2,0.0,3,960,买盘
1186,14:21:45,3.2,0.0,1,320,买盘
1187,14:21:48,3.2,0.0,289,92480,买盘
1188,14:21:54,3.21,0.01,9,2889,买盘
1189,14:22:04,3.21,0.0,1,321,买盘
1190,14:22:09,3.21,0.0,8,2568,买盘
1191,14:22:24,3.21,0.0,5,1605,买盘
1192,14:22:27,3.2,-0.01,142,45440,卖盘
1193,14:22:30,3.2,0.0,10,3200,买盘
1194,14:22:36,3.19,-0.01,1,319,卖盘
1195,14:22:54,3.2,0.01,4,1280,买盘
1196,14:23:03,3.2,0.0,2,640,买盘
1197,14:23:09,3.2,0.0,3,960,买盘
1198,14:23:21,3.2,0.0,62,19840,买盘
1199,14:23:33,3.2,0.0,1,320,买盘
1200,14:23:39,3.2,0.0,10,3200,买盘
1201,14:23:54,3.2,0.0,1,320,买盘
1202,14:24:00,3.2,0.0,1,320,买盘
1203,14:24:04,3.2,0.0,86,27520,买盘
1204,14:24:09,3.2,0.0,28,8960,买盘
1205,14:24:33,3.2,0.0,44,14080,卖盘
1206,14:24:51,3.2,0.0,1,320,买盘
1207,14:24:54,3.2,0.0,66,21120,买盘
1208,14:25:04,3.2,0.0,1,320,买盘
1209,14:25:12,3.2,0.0,1,320,买盘
1210,14:25:21,3.2,0.0,23,7360,买盘
1211,14:25:24,3.2,0.0,1,320,卖盘
1212,14:25:39,3.2,0.0,11,3521,卖盘
1213,14:25:54,3.21,0.01,2,642,买盘
1214,14:26:01,3.21,0.0,1,321,买盘
1215,14:26:06,3.21,0.0,151,48471,买盘
1216,14:26:24,3.21,0.0,74,23755,卖盘
1217,14:26:27,3.22,0.01,2,644,买盘
1218,14:26:42,3.21,-0.01,296,95018,卖盘
1219,14:27:00,3.21,0.0,1,321,买盘
1220,14:27:09,3.21,0.0,2,642,买盘
1221,14:27:15,3.21,0.0,1,321,买盘
1222,14:27:21,3.21,0.0,1,321,买盘
1223,14:27:24,3.21,0.0,1,321,买盘
1224,14:27:27,3.21,0.0,8,2568,买盘
1225,14:27:55,3.2,-0.01,103,32963,卖盘
1226,14:28:24,3.21,0.01,2,642,买盘
1227,14:28:27,3.21,0.0,3,963,买盘
1228,14:28:33,3.21,0.0,1,321,买盘
1229,14:28:42,3.21,0.0,2,642,买盘
1230,14:28:51,3.21,0.0,4,1284,买盘
1231,14:29:03,3.21,0.0,1,321,买盘
1232,14:29:21,3.21,0.0,4,1284,买盘
1233,14:29:24,3.21,0.0,4,1284,买盘
1234,14:29:42,3.21,0.0,3,963,买盘
1235,14:29:48,3.21,0.0,27,8667,买盘
1236,14:29:54,3.21,0.0,7,2247,买盘
1237,14:30:00,3.2,-0.01,116,37120,卖盘
1238,14:30:03,3.2,0.0,93,29760,卖盘
1239,14:30:24,3.21,0.01,4,1284,买盘
1240,14:30:36,3.21,0.0,1,321,买盘
1241,14:30:45,3.21,0.0,256,82176,买盘
1242,14:31:04,3.21,0.0,1,321,买盘
1243,14:31:06,3.21,0.0,1,321,买盘
1244,14:31:09,3.21,0.0,4,1284,买盘
1245,14:31:15,3.2,-0.01,5,1600,卖盘
1246,14:31:24,3.2,0.0,30,9600,卖盘
1247,14:31:27,3.21,0.01,10,3210,买盘
1248,14:31:30,3.21,0.0,48,15408,买盘
1249,14:31:42,3.21,0.0,4,1284,买盘
1250,14:32:03,3.21,0.0,1,321,买盘
1251,14:32:24,3.2,-0.01,7,2244,卖盘
1252,14:32:39,3.2,0.0,3,960,卖盘
1253,14:32:45,3.2,0.0,28,8960,卖盘
1254,14:33:33,3.2,0.0,20,6400,卖盘
1255,14:34:03,3.2,0.0,33,10560,卖盘
1256,14:34:09,3.21,0.01,20,6420,买盘
1257,14:34:18,3.21,0.0,2,642,买盘
1258,14:34:21,3.19,-0.02,300,95708,卖盘
1259,14:35:00,3.2,0.01,23,7360,卖盘
1260,14:35:15,3.19,-0.01,30,9570,卖盘
1261,14:35:28,3.2,0.01,2,640,买盘
1262,14:35:30,3.2,0.0,2,640,买盘
1263,14:35:34,3.21,0.01,150,48129,买盘
1264,14:35:39,3.2,-0.01,215,69000,卖盘
1265,14:36:04,3.2,0.0,55,17600,卖盘
1266,14:36:06,3.21,0.01,6,1926,买盘
1267,14:36:18,3.21,0.0,1,321,买盘
1268,14:36:21,3.21,0.0,1,321,买盘
1269,14:36:42,3.21,0.0,43,13803,买盘
1270,14:36:48,3.21,0.0,3,963,买盘
1271,14:36:57,3.21,0.0,27,8667,买盘
1272,14:37:03,3.21,0.0,1,321,买盘
1273,14:37:12,3.21,0.0,2,642,买盘
1274,14:37:18,3.21,0.0,30,9630,买盘
1275,14:37:27,3.2,-0.01,20,6400,卖盘
1276,14:37:51,3.2,0.0,1,320,卖盘
1277,14:37:54,3.21,0.01,2,642,买盘
1278,14:37:57,3.21,0.0,2,642,买盘
1279,14:38:03,3.21,0.0,1,321,买盘
1280,14:38:09,3.21,0.0,2,642,买盘
1281,14:38:24,3.21,0.0,7,2247,买盘
1282,14:38:48,3.2,-0.01,63,20160,卖盘
1283,14:39:27,3.21,0.01,2,642,买盘
1284,14:39:36,3.21,0.0,1,321,买盘
1285,14:39:51,3.2,-0.01,80,25600,卖盘
1286,14:40:24,3.2,0.0,290,92804,卖盘
1287,14:40:28,3.2,0.0,1,320,卖盘
1288,14:40:39,3.2,0.0,20,6400,卖盘
1289,14:40:51,3.2,0.0,27,8640,卖盘
1290,14:41:12,3.2,0.0,20,6400,卖盘
1291,14:41:52,3.2,0.0,66,21120,卖盘
1292,14:41:55,3.2,0.0,8,2560,买盘
1293,14:41:58,3.2,0.0,31,9920,买盘
1294,14:42:04,3.2,0.0,1,320,买盘
1295,14:42:09,3.2,0.0,2,640,买盘
1296,14:42:36,3.2,0.0,52,16640,卖盘
1297,14:42:42,3.2,0.0,4,1280,买盘
1298,14:42:45,3.2,0.0,1,320,买盘
1299,14:42:48,3.19,-0.01,52,16588,卖盘
1300,14:43:18,3.2,0.01,5,1600,买盘
1301,14:43:21,3.19,-0.01,41,13079,卖盘
1302,14:43:25,3.2,0.01,10,3200,买盘
1303,14:43:27,3.2,0.0,8,2560,买盘
1304,14:43:33,3.2,0.0,1,320,买盘
1305,14:43:57,3.2,0.0,1,320,买盘
1306,14:44:01,3.2,0.0,9,2879,买盘
1307,14:44:04,3.2,0.0,1,320,买盘
1308,14:44:06,3.2,0.0,10,3200,买盘
1309,14:44:09,3.2,0.0,8,2560,买盘
1310,14:44:21,3.2,0.0,4,1280,买盘
1311,14:44:28,3.2,0.0,20,6400,买盘
1312,14:44:36,3.2,0.0,4,1280,买盘
1313,14:44:54,3.2,0.0,6,1920,买盘
1314,14:44:57,3.19,-0.01,150,47850,卖盘
1315,14:45:00,3.2,0.01,59,18880,买盘
1316,14:45:18,3.2,0.0,74,23680,买盘
1317,14:45:24,3.2,0.0,11,3520,买盘
1318,14:45:48,3.2,0.0,10,3200,买盘
1319,14:45:54,3.2,0.0,11,3520,买盘
1320,14:45:57,3.19,-0.01,102,32538,卖盘
1321,14:46:12,3.19,0.0,50,15950,卖盘
1322,14:46:24,3.19,0.0,707,225538,卖盘
1323,14:46:27,3.19,0.0,2,638,卖盘
1324,14:46:30,3.19,0.0,9,2871,卖盘
1325,14:46:33,3.19,0.0,405,129195,卖盘
1326,14:46:36,3.19,0.0,7,2233,卖盘
1327,14:46:39,3.19,0.0,39,12441,卖盘
1328,14:46:45,3.18,-0.01,262,83316,卖盘
1329,14:46:48,3.18,0.0,165,52470,卖盘
1330,14:46:51,3.18,0.0,13,4134,卖盘
1331,14:47:06,3.18,0.0,8,2544,卖盘
1332,14:47:45,3.18,0.0,20,6360,卖盘
1333,14:47:54,3.19,0.01,7,2233,买盘
1334,14:47:57,3.18,-0.01,35,11130,卖盘
1335,14:48:21,3.19,0.01,20,6380,买盘
1336,14:48:24,3.19,0.0,11,3509,买盘
1337,14:48:30,3.19,0.0,61,19459,买盘
1338,14:48:34,3.19,0.0,1,319,买盘
1339,14:48:36,3.19,0.0,1,319,买盘
1340,14:48:45,3.18,-0.01,70,22260,卖盘
1341,14:48:54,3.19,0.01,2,638,买盘
1342,14:49:04,3.19,0.0,1,319,买盘
1343,14:49:24,3.19,0.0,6,1914,买盘
1344,14:49:27,3.19,0.0,10,3190,买盘
1345,14:49:39,3.19,0.0,9,2871,买盘
1346,14:49:45,3.18,-0.01,150,47700,卖盘
1347,14:50:13,3.19,0.01,1,319,买盘
1348,14:50:18,3.19,0.0,1,319,买盘
1349,14:50:33,3.18,-0.01,43,13674,卖盘
1350,14:50:51,3.18,0.0,37,11766,卖盘
1351,14:50:54,3.18,0.0,26,8268,卖盘
1352,14:51:21,3.18,0.0,49,15589,卖盘
1353,14:51:24,3.19,0.01,10,3190,买盘
1354,14:51:27,3.18,-0.01,300,95400,卖盘
1355,14:51:37,3.18,0.0,6,1908,卖盘
1356,14:51:39,3.18,0.0,278,88404,卖盘
1357,14:51:45,3.18,0.0,160,50880,卖盘
1358,14:51:54,3.18,0.0,7,2226,卖盘
1359,14:51:57,3.18,0.0,200,63600,卖盘
1360,14:52:00,3.18,0.0,20,6360,卖盘
1361,14:52:06,3.18,0.0,4,1272,卖盘
1362,14:52:10,3.18,0.0,60,19080,卖盘
1363,14:52:21,3.18,0.0,120,38160,卖盘
1364,14:52:24,3.19,0.01,200,63800,买盘
1365,14:52:28,3.18,-0.01,93,29574,卖盘
1366,14:52:33,3.18,0.0,50,15900,卖盘
1367,14:52:36,3.18,0.0,38,12084,卖盘
1368,14:52:42,3.18,0.0,95,30210,卖盘
1369,14:52:51,3.18,0.0,220,69760,买盘
1370,14:53:04,3.18,0.0,4,1272,买盘
1371,14:53:18,3.18,0.0,108,34344,买盘
1372,14:53:24,3.18,0.0,15,4756,买盘
1373,14:53:27,3.18,0.0,27,8586,买盘
1374,14:53:31,3.18,0.0,135,42930,卖盘
1375,14:53:39,3.18,0.0,10,3180,买盘
1376,14:54:01,3.17,-0.01,60,19030,卖盘
1377,14:54:04,3.18,0.01,93,29574,买盘
1378,14:54:06,3.17,-0.01,23,7300,卖盘
1379,14:54:15,3.18,0.01,20,6360,卖盘
1380,14:54:39,3.18,0.0,26,8268,卖盘
1381,14:54:57,3.18,0.0,26,8268,卖盘
1382,14:55:15,3.18,0.0,1,318,卖盘
1383,14:55:18,3.18,0.0,20,6360,卖盘
1384,14:55:37,3.19,0.01,235,74965,买盘
1385,14:55:42,3.19,0.0,55,17545,买盘
1386,14:55:51,3.19,0.0,52,16586,买盘
1387,14:56:04,3.19,0.0,2,638,买盘
1388,14:56:21,3.19,0.0,66,21054,买盘
1389,14:56:27,3.19,0.0,1,319,买盘
1390,14:56:30,3.18,-0.01,11,3499,卖盘
1391,14:56:33,3.18,0.0,142,45156,卖盘
1392,14:56:45,3.18,0.0,10,3180,卖盘
1393,14:56:48,3.19,0.01,200,63800,买盘
1394,15:00:04,3.18,-0.01,780,248040,卖盘
