,time,price,change,volume,amount,type
0,09:25:05,8.82,-0.07,4,3528,卖盘
1,09:30:04,8.84,0.02,10,8840,中性盘
2,09:30:16,8.84,0.0,1,884,卖盘
3,09:30:31,8.88,0.04,1,888,买盘
4,09:30:40,8.85,-0.03,1,885,卖盘
5,09:30:46,8.85,0.0,1,885,卖盘
6,09:31:10,8.86,0.01,1,886,中性盘
7,09:31:13,8.88,0.02,10,8880,买盘
8,09:32:10,8.88,0.0,1,888,买盘
9,09:32:13,8.88,0.0,1,888,卖盘
10,09:32:28,8.89,0.01,8,7110,买盘
11,09:32:43,8.93,0.04,4,3567,买盘
12,09:32:49,8.89,-0.04,2,1778,卖盘
13,09:33:01,8.9,0.01,13,11570,买盘
14,09:33:13,8.93,0.03,36,32133,买盘
15,09:33:15,8.93,0.0,10,8930,卖盘
16,09:33:19,8.93,0.0,3,2679,卖盘
17,09:33:25,8.95,0.02,12,10735,买盘
18,09:33:28,8.95,0.0,12,10740,买盘
19,09:33:40,8.93,-0.02,41,36624,卖盘
20,09:33:42,8.9,-0.03,1,890,卖盘
21,09:33:46,8.9,0.0,1,890,卖盘
22,09:33:49,8.91,0.01,35,31185,买盘
23,09:33:58,8.91,0.0,1,891,买盘
24,09:34:01,8.91,0.0,1,891,买盘
25,09:34:04,8.91,0.0,1,891,买盘
26,09:34:06,8.91,0.0,1,891,买盘
27,09:34:10,8.91,0.0,20,17820,买盘
28,09:34:13,8.91,0.0,1,891,买盘
29,09:34:16,8.91,0.0,1,891,买盘
30,09:34:19,8.91,0.0,1,891,买盘
31,09:34:22,8.91,0.0,1,891,买盘
32,09:34:25,8.91,0.0,2,1781,买盘
33,09:34:46,8.9,-0.01,1,890,卖盘
34,09:34:49,8.9,0.0,19,16910,卖盘
35,09:34:52,8.9,0.0,1,890,卖盘
36,09:34:55,8.9,0.0,1,890,卖盘
37,09:34:58,8.9,0.0,11,9790,卖盘
38,09:35:13,8.9,0.0,135,120150,卖盘
39,09:35:15,8.89,-0.01,3,2667,卖盘
40,09:35:24,8.83,-0.06,1,883,卖盘
41,09:35:31,8.82,-0.01,13,11475,卖盘
42,09:35:52,8.8,-0.02,1,880,卖盘
43,09:35:58,8.8,0.0,2,1760,卖盘
44,09:36:22,8.81,0.01,1,881,卖盘
45,09:36:57,8.81,0.0,1,881,卖盘
46,09:37:01,8.81,0.0,1,881,卖盘
47,09:37:21,8.82,0.01,1,882,卖盘
48,09:37:28,8.82,0.0,1,882,卖盘
49,09:37:31,8.82,0.0,1,882,卖盘
50,09:37:42,8.83,0.01,2,1766,买盘
51,09:37:54,8.83,0.0,1,883,卖盘
52,09:37:58,8.83,0.0,1,883,卖盘
53,09:38:22,8.84,0.01,1,884,买盘
54,09:38:25,8.84,0.0,1,884,卖盘
55,09:38:30,8.83,-0.01,1,883,卖盘
56,09:39:01,8.83,0.0,3,2649,卖盘
57,09:39:04,8.83,0.0,2,1766,卖盘
58,09:39:10,8.83,0.0,1,883,卖盘
59,09:39:15,8.83,0.0,2,1766,卖盘
60,09:39:25,8.83,0.0,1,883,卖盘
61,09:39:31,8.82,-0.01,12,10595,卖盘
62,09:39:46,8.81,-0.01,7,6167,卖盘
63,09:39:52,8.81,0.0,1,881,卖盘
64,09:40:01,8.81,0.0,1,881,卖盘
65,09:40:13,8.81,0.0,14,12334,卖盘
66,09:40:22,8.81,0.0,1,881,卖盘
67,09:40:24,8.81,0.0,1,881,卖盘
68,09:40:33,8.81,0.0,10,8810,卖盘
69,09:40:42,8.82,0.01,3,2646,买盘
70,09:40:52,8.81,-0.01,1,881,卖盘
71,09:40:58,8.81,0.0,1,881,卖盘
72,09:41:04,8.82,0.01,17,14999,卖盘
73,09:41:07,8.83,0.01,6,5298,买盘
74,09:41:10,8.82,-0.01,18,15876,卖盘
75,09:41:19,8.82,0.0,28,24696,买盘
76,09:41:22,8.82,0.0,4,3528,卖盘
77,09:41:25,8.83,0.01,4,3531,买盘
78,09:41:28,8.83,0.0,1,883,卖盘
79,09:41:43,8.83,0.0,4,3532,卖盘
80,09:41:46,8.83,0.0,2,1766,卖盘
81,09:41:55,8.83,0.0,3,2651,卖盘
82,09:42:01,8.83,0.0,206,181898,卖盘
83,09:42:04,8.82,-0.01,7,6174,卖盘
84,09:42:07,8.82,0.0,2,1764,卖盘
85,09:42:10,8.81,-0.01,8,7054,卖盘
86,09:42:19,8.82,0.01,2,1764,买盘
87,09:42:22,8.82,0.0,1,882,卖盘
88,09:42:28,8.83,0.01,1,883,买盘
89,09:42:37,8.84,0.01,4,3536,买盘
90,09:42:39,8.81,-0.03,36,31717,卖盘
91,09:42:54,8.78,-0.03,1,878,卖盘
92,09:43:25,8.78,0.0,2,1756,卖盘
93,09:43:28,8.78,0.0,1,878,卖盘
94,09:43:49,8.8,0.02,4,3517,买盘
95,09:44:04,8.8,0.0,1,880,卖盘
96,09:44:19,8.81,0.01,1,881,买盘
97,09:44:28,8.81,0.0,6,5286,卖盘
98,09:44:31,8.81,0.0,1,881,卖盘
99,09:44:33,8.81,0.0,1,881,卖盘
100,09:44:58,8.81,0.0,1,881,卖盘
101,09:45:28,8.8,-0.01,1,880,卖盘
102,09:45:30,8.8,0.0,1,880,卖盘
103,09:45:55,8.8,0.0,1,880,卖盘
104,09:45:58,8.8,0.0,1,880,卖盘
105,09:46:04,8.81,0.01,1,881,买盘
106,09:46:16,8.82,0.01,2,1764,买盘
107,09:46:25,8.8,-0.02,2,1760,卖盘
108,09:46:54,8.8,0.0,1,880,卖盘
109,09:47:04,8.8,0.0,1,880,卖盘
110,09:47:25,8.8,0.0,1,880,卖盘
111,09:47:37,8.84,0.04,2,1768,买盘
112,09:47:55,8.83,-0.01,1,883,卖盘
113,09:47:58,8.83,0.0,1,883,卖盘
114,09:48:04,8.83,0.0,1,883,卖盘
115,09:48:25,8.83,0.0,1,883,卖盘
116,09:48:31,8.83,0.0,1,883,卖盘
117,09:49:01,8.83,0.0,1,883,卖盘
118,09:49:04,8.83,0.0,1,883,卖盘
119,09:49:07,8.83,0.0,5,4415,卖盘
120,09:49:31,8.81,-0.02,1,881,卖盘
121,09:49:34,8.82,0.01,1,882,中性盘
122,09:49:37,8.83,0.01,2,1766,买盘
123,09:49:39,8.8,-0.03,100,88087,卖盘
124,09:50:01,8.8,0.0,2,1760,卖盘
125,09:50:27,8.8,0.0,1,880,卖盘
126,09:50:34,8.8,0.0,1,880,卖盘
127,09:50:40,8.82,0.02,1,882,买盘
128,09:50:55,8.82,0.0,1,882,卖盘
129,09:51:25,8.82,0.0,1,882,卖盘
130,09:51:28,8.82,0.0,1,882,卖盘
131,09:52:04,8.82,0.0,2,1764,卖盘
132,09:52:28,8.82,0.0,1,882,卖盘
133,09:52:31,8.82,0.0,1,882,卖盘
134,09:52:34,8.83,0.01,2,1766,买盘
135,09:52:54,8.82,-0.01,1,882,卖盘
136,09:52:57,8.82,0.0,1,882,卖盘
137,09:53:28,8.82,0.0,1,882,卖盘
138,09:53:34,8.82,0.0,1,882,卖盘
139,09:53:39,8.83,0.01,10,8830,买盘
140,09:53:55,8.83,0.0,1,883,卖盘
141,09:53:58,8.84,0.01,2,1768,买盘
142,09:54:10,8.84,0.0,3,2652,买盘
143,09:54:13,8.84,0.0,2,1768,买盘
144,09:54:25,8.83,-0.01,3,2649,卖盘
145,09:54:28,8.83,0.0,1,883,卖盘
146,09:54:34,8.83,0.0,1,883,卖盘
147,09:54:58,8.83,0.0,2,1766,卖盘
148,09:55:04,8.84,0.01,3,2652,买盘
149,09:55:09,8.89,0.05,1,889,中性盘
150,09:55:31,8.84,-0.05,1,884,卖盘
151,09:55:34,8.84,0.0,1,884,卖盘
152,09:55:55,8.82,-0.02,1,882,卖盘
153,09:55:58,8.82,0.0,1,882,卖盘
154,09:56:13,8.85,0.03,1,885,买盘
155,09:56:27,8.85,0.0,2,1770,卖盘
156,09:56:43,8.85,0.0,9,7973,卖盘
157,09:56:57,8.85,0.0,1,885,卖盘
158,09:57:01,8.85,0.0,1,885,卖盘
159,09:57:13,8.86,0.01,1,886,买盘
160,09:57:28,8.85,-0.01,1,885,卖盘
161,09:57:58,8.85,0.0,2,1770,卖盘
162,09:58:04,8.85,0.0,1,885,卖盘
163,09:58:33,8.84,-0.01,2,1769,卖盘
164,09:59:34,8.84,0.0,1,884,卖盘
165,09:59:40,8.84,0.0,10,8840,卖盘
166,10:00:01,8.84,0.0,2,1768,卖盘
167,10:00:04,8.84,0.0,2,1769,卖盘
168,10:00:34,8.84,0.0,1,884,卖盘
169,10:01:04,8.85,0.01,1,885,买盘
170,10:01:07,8.84,-0.01,1,884,卖盘
171,10:01:10,8.84,0.0,1,884,卖盘
172,10:01:40,8.84,0.0,1,884,卖盘
173,10:02:04,8.86,0.02,1,886,买盘
174,10:02:10,8.84,-0.02,11,9736,卖盘
175,10:02:40,8.86,0.02,15,13290,买盘
176,10:02:52,8.9,0.04,7,6229,买盘
177,10:02:54,8.9,0.0,4,3560,卖盘
178,10:03:36,8.9,0.0,15,13350,卖盘
179,10:04:04,8.88,-0.02,1,888,买盘
180,10:05:04,8.88,0.0,2,1776,买盘
181,10:05:48,8.88,0.0,6,5328,买盘
182,10:06:04,8.9,0.02,1,890,买盘
183,10:06:13,8.9,0.0,4,3560,买盘
184,10:06:21,8.88,-0.02,1,888,卖盘
185,10:06:42,8.89,0.01,4,3556,卖盘
186,10:06:45,8.9,0.01,49,43610,买盘
187,10:06:48,8.9,0.0,8,7120,卖盘
188,10:07:04,8.91,0.01,1,891,买盘
189,10:07:09,8.91,0.0,2,1782,买盘
190,10:07:16,8.91,0.0,2,1782,卖盘
191,10:07:25,8.9,-0.01,1,890,卖盘
192,10:07:43,8.92,0.02,20,17830,买盘
193,10:08:06,8.93,0.01,14,12502,买盘
194,10:08:16,8.93,0.0,15,13395,买盘
195,10:08:39,8.94,0.01,10,8940,买盘
196,10:08:49,8.9,-0.04,16,14271,卖盘
197,10:08:54,8.94,0.04,66,58988,买盘
198,10:09:01,8.94,0.0,10,8940,卖盘
199,10:09:04,8.94,0.0,13,11622,卖盘
200,10:09:10,8.94,0.0,12,10728,卖盘
201,10:09:12,8.9,-0.04,2,1780,卖盘
202,10:09:40,8.91,0.01,1,891,卖盘
203,10:10:10,8.91,0.0,1,891,卖盘
204,10:10:43,8.91,0.0,1,891,卖盘
205,10:10:46,8.9,-0.01,3,2672,卖盘
206,10:11:04,8.91,0.01,1,891,买盘
207,10:11:09,8.91,0.0,2,1782,买盘
208,10:11:12,8.91,0.0,6,5346,买盘
209,10:11:16,8.91,0.0,4,3564,卖盘
210,10:11:19,8.91,0.0,3,2673,卖盘
211,10:11:25,8.91,0.0,3,2673,卖盘
212,10:11:30,8.91,0.0,4,3564,卖盘
213,10:11:33,8.9,-0.01,1,890,卖盘
214,10:11:46,8.9,0.0,3,2670,卖盘
215,10:12:04,8.9,0.0,77,68531,卖盘
216,10:12:10,8.9,0.0,2,1780,卖盘
217,10:12:13,8.9,0.0,3,2670,卖盘
218,10:12:22,8.9,0.0,52,46280,卖盘
219,10:12:25,8.87,-0.03,2,1774,卖盘
220,10:12:43,8.87,0.0,2,1774,卖盘
221,10:12:52,8.87,0.0,10,8870,卖盘
222,10:12:55,8.87,0.0,3,2661,卖盘
223,10:13:16,8.87,0.0,3,2661,卖盘
224,10:13:28,8.91,0.04,8,7128,买盘
225,10:13:46,8.87,-0.04,3,2661,卖盘
226,10:13:49,8.87,0.0,1,887,卖盘
227,10:14:04,8.87,0.0,1,887,卖盘
228,10:14:16,8.87,0.0,2,1774,卖盘
229,10:14:46,8.87,0.0,3,2662,卖盘
230,10:15:16,8.87,0.0,4,3549,卖盘
231,10:15:22,8.87,0.0,3,2661,中性盘
232,10:15:46,8.88,0.01,2,1776,卖盘
233,10:16:15,8.88,0.0,3,2664,卖盘
234,10:16:46,8.89,0.01,2,1778,卖盘
235,10:17:04,8.9,0.01,1,890,买盘
236,10:18:16,8.9,0.0,2,1780,卖盘
237,10:18:24,8.88,-0.02,3,2664,卖盘
238,10:18:52,8.88,0.0,1,888,卖盘
239,10:18:55,8.88,0.0,1,888,卖盘
240,10:19:22,8.88,0.0,2,1776,卖盘
241,10:19:25,8.9,0.02,6,5338,买盘
242,10:19:52,8.88,-0.02,2,1776,卖盘
243,10:19:55,8.88,0.0,2,1776,卖盘
244,10:20:22,8.88,0.0,1,888,卖盘
245,10:20:25,8.88,0.0,1,888,卖盘
246,10:21:13,8.88,0.0,1,888,卖盘
247,10:21:46,8.88,0.0,8,7104,卖盘
248,10:22:24,8.87,-0.01,3,2662,卖盘
249,10:22:52,8.87,0.0,2,1774,卖盘
250,10:22:55,8.87,0.0,1,887,卖盘
251,10:23:04,8.89,0.02,1,889,买盘
252,10:24:04,8.89,0.0,1,889,买盘
253,10:24:15,8.88,-0.01,1,888,中性盘
254,10:25:22,8.88,0.0,1,888,卖盘
255,10:26:13,8.87,-0.01,21,18628,卖盘
256,10:26:55,8.86,-0.01,114,101004,卖盘
257,10:27:43,8.86,0.0,5,4430,卖盘
258,10:29:28,8.87,0.01,1,887,卖盘
259,10:29:39,8.88,0.01,1,888,中性盘
260,10:30:10,8.89,0.01,47,41783,买盘
261,10:30:46,8.89,0.0,1,889,卖盘
262,10:30:54,8.89,0.0,1,889,卖盘
263,10:31:12,8.9,0.01,2,1780,买盘
264,10:32:04,8.91,0.01,2,1782,买盘
265,10:32:52,8.91,0.0,1,891,卖盘
266,10:32:58,8.91,0.0,1,891,卖盘
267,10:33:19,8.92,0.01,1,892,买盘
268,10:34:04,8.92,0.0,1,892,买盘
269,10:35:04,8.91,-0.01,9,8020,卖盘
270,10:35:36,8.91,0.0,10,8910,卖盘
271,10:36:15,8.92,0.01,5,4460,买盘
272,10:36:19,8.91,-0.01,1,891,卖盘
273,10:36:28,8.93,0.02,13,11605,买盘
274,10:36:33,8.93,0.0,2,1786,卖盘
275,10:36:46,8.93,0.0,1,893,卖盘
276,10:36:52,8.94,0.01,25,22339,买盘
277,10:37:04,8.93,-0.01,1,893,买盘
278,10:37:19,8.93,0.0,11,9823,买盘
279,10:37:24,8.92,-0.01,1,892,中性盘
280,10:37:27,8.92,0.0,1,892,卖盘
281,10:37:48,8.93,0.01,10,8930,买盘
282,10:38:04,8.93,0.0,2,1786,买盘
283,10:38:24,8.93,0.0,10,8930,买盘
284,10:38:51,8.93,0.0,5,4465,买盘
285,10:39:04,8.91,-0.02,12,10692,中性盘
286,10:39:15,8.91,0.0,4,3564,买盘
287,10:39:55,8.93,0.02,17,15181,买盘
288,10:40:01,8.91,-0.02,4,3564,卖盘
289,10:40:04,8.93,0.02,10,8930,买盘
290,10:40:31,8.91,-0.02,4,3564,卖盘
291,10:40:49,8.91,0.0,1,891,卖盘
292,10:40:52,8.91,0.0,7,6237,卖盘
293,10:41:04,8.91,0.0,3,2673,买盘
294,10:41:07,8.9,-0.01,1,890,卖盘
295,10:41:34,8.89,-0.01,4,3556,卖盘
296,10:41:40,8.9,0.01,32,28480,买盘
297,10:41:51,8.9,0.0,20,17800,买盘
298,10:42:04,8.9,0.0,10,8900,买盘
299,10:42:07,8.89,-0.01,18,16016,卖盘
300,10:42:36,8.89,0.0,4,3556,卖盘
301,10:43:07,8.89,0.0,4,3556,卖盘
302,10:43:37,8.89,0.0,4,3556,卖盘
303,10:44:04,8.89,0.0,14,12446,卖盘
304,10:44:37,8.89,0.0,4,3557,卖盘
305,10:45:04,8.89,0.0,3,2667,卖盘
306,10:45:37,8.9,0.01,4,3560,卖盘
307,10:45:43,8.91,0.01,6,5346,买盘
308,10:45:48,8.9,-0.01,10,8900,卖盘
309,10:46:06,8.91,0.01,10,8910,买盘
310,10:46:37,8.91,0.0,4,3564,卖盘
311,10:46:48,8.92,0.01,1,892,买盘
312,10:47:07,8.92,0.0,4,3568,卖盘
313,10:47:19,8.92,0.0,10,8920,卖盘
314,10:47:36,8.93,0.01,34,30358,买盘
315,10:47:52,8.93,0.0,1,893,买盘
316,10:47:55,8.93,0.0,2,1786,买盘
317,10:48:04,8.93,0.0,2,1786,买盘
318,10:48:07,8.93,0.0,2,1786,卖盘
319,10:48:28,8.94,0.01,3,2680,买盘
320,10:48:37,8.93,-0.01,1,893,买盘
321,10:48:43,8.93,0.0,1,893,卖盘
322,10:48:54,8.94,0.01,38,33972,买盘
323,10:49:18,8.94,0.0,27,24138,买盘
324,10:49:37,8.95,0.01,2,1790,买盘
325,10:49:52,8.94,-0.01,6,5364,卖盘
326,10:50:04,8.94,0.0,2,1788,卖盘
327,10:50:24,8.94,0.0,11,9835,卖盘
328,10:50:43,8.95,0.01,100,89500,买盘
329,10:50:46,8.95,0.0,1,895,买盘
330,10:51:43,8.95,0.0,105,93975,买盘
331,10:51:45,8.95,0.0,1,895,买盘
332,10:51:49,8.95,0.0,1,895,买盘
333,10:51:51,8.95,0.0,1,895,买盘
334,10:51:54,8.95,0.0,1,895,买盘
335,10:51:57,8.95,0.0,1,895,买盘
336,10:52:01,8.95,0.0,1,895,买盘
337,10:52:07,8.95,0.0,41,36695,买盘
338,10:52:24,8.98,0.03,16,14368,买盘
339,10:52:27,8.97,-0.01,3,2691,卖盘
340,10:52:36,8.98,0.01,5,4490,买盘
341,10:53:04,8.98,0.0,5,4490,买盘
342,10:53:19,8.98,0.0,14,12572,买盘
343,10:53:22,8.98,0.0,8,7184,买盘
344,10:53:46,8.98,0.0,8,7184,买盘
345,10:54:04,8.98,0.0,2,1796,买盘
346,10:54:49,8.97,-0.01,1,897,卖盘
347,10:55:04,8.97,0.0,7,6279,卖盘
348,10:56:04,8.97,0.0,1,897,买盘
349,10:57:04,8.97,0.0,1,897,买盘
350,10:57:39,8.95,-0.02,1,895,卖盘
351,10:58:07,8.97,0.02,6,5382,买盘
352,10:59:04,8.97,0.0,2,1794,买盘
353,10:59:15,8.97,0.0,18,16146,买盘
354,10:59:39,8.97,0.0,2,1794,卖盘
355,10:59:48,8.97,0.0,2,1794,买盘
356,10:59:57,8.98,0.01,4,3592,买盘
357,11:00:15,8.98,0.0,76,68248,买盘
358,11:01:00,8.98,0.0,1,898,买盘
359,11:01:18,8.96,-0.02,9,8064,买盘
360,11:01:21,8.95,-0.01,1,895,买盘
361,11:01:24,8.95,0.0,12,10740,中性盘
362,11:01:33,8.95,0.0,5,4475,买盘
363,11:02:24,8.99,0.04,71,63776,买盘
364,11:02:43,8.92,-0.07,1,892,卖盘
365,11:03:00,8.99,0.07,20,17970,买盘
366,11:03:30,8.92,-0.07,2,1785,卖盘
367,11:04:04,8.92,0.0,5,4460,卖盘
368,11:08:27,8.93,0.01,1,893,卖盘
369,11:09:55,8.93,0.0,1,893,卖盘
370,11:11:15,8.92,-0.01,20,17840,卖盘
371,11:12:24,8.93,0.01,1,893,卖盘
372,11:12:48,8.94,0.01,5,4470,买盘
373,11:13:36,8.92,-0.02,5,4460,卖盘
374,11:13:40,8.92,0.0,4,3568,卖盘
375,11:13:58,8.91,-0.01,2,1782,卖盘
376,11:14:13,8.9,-0.01,12,10684,卖盘
377,11:14:22,8.9,0.0,8,7120,买盘
378,11:14:58,8.89,-0.01,11,9779,卖盘
379,11:15:04,8.89,0.0,20,17780,卖盘
380,11:15:33,8.89,0.0,24,21336,卖盘
381,11:15:43,8.89,0.0,35,31115,卖盘
382,11:16:51,8.88,-0.01,11,9768,卖盘
383,11:17:24,8.88,0.0,17,15096,卖盘
384,11:17:42,8.86,-0.02,1,886,卖盘
385,11:18:10,8.88,0.02,1,888,买盘
386,11:18:13,8.86,-0.02,1,886,卖盘
387,11:20:21,8.88,0.02,1,888,买盘
388,11:20:34,8.86,-0.02,1,886,卖盘
389,11:21:27,8.88,0.02,1,888,买盘
390,11:22:24,8.88,0.0,1,888,卖盘
391,11:22:39,8.88,0.0,2,1776,买盘
392,11:23:18,8.88,0.0,3,2664,买盘
393,11:24:22,8.87,-0.01,17,15079,卖盘
394,11:27:51,8.89,0.02,1,889,买盘
395,13:00:04,8.89,0.0,2,1778,买盘
396,13:01:00,8.9,0.01,1,890,买盘
397,13:02:15,8.9,0.0,1,890,卖盘
398,13:04:12,8.9,0.0,1,890,卖盘
399,13:05:27,8.9,0.0,1,890,买盘
400,13:05:54,8.89,-0.01,1,889,卖盘
401,13:06:33,8.88,-0.01,51,45310,卖盘
402,13:06:45,8.9,0.02,3,2670,买盘
403,13:06:48,8.87,-0.03,30,26610,卖盘
404,13:06:57,8.89,0.02,3,2667,买盘
405,13:07:15,8.89,0.0,1,889,中性盘
406,13:07:22,8.89,0.0,3,2667,买盘
407,13:07:36,8.9,0.01,2,1780,买盘
408,13:10:22,8.9,0.0,1,890,卖盘
409,13:10:36,8.91,0.01,1,891,买盘
410,13:10:43,8.9,-0.01,1,890,卖盘
411,13:13:54,8.92,0.02,1,892,买盘
412,13:14:06,8.92,0.0,1,892,买盘
413,13:14:10,8.91,-0.01,2,1783,卖盘
414,13:16:28,8.92,0.01,2,1784,买盘
415,13:16:33,8.91,-0.01,2,1782,卖盘
416,13:16:37,8.93,0.02,2,1786,买盘
417,13:16:54,8.93,0.0,1,893,买盘
418,13:17:00,8.93,0.0,1,893,买盘
419,13:17:07,8.92,-0.01,4,3568,卖盘
420,13:17:10,8.92,0.0,1,892,卖盘
421,13:19:54,8.92,0.0,10,8920,卖盘
422,13:20:04,8.93,0.01,1,893,买盘
423,13:20:09,8.93,0.0,2,1786,买盘
424,13:20:48,8.92,-0.01,4,3568,卖盘
425,13:21:04,8.93,0.01,4,3572,买盘
426,13:21:07,8.93,0.0,1,893,卖盘
427,13:22:27,8.93,0.0,4,3572,卖盘
428,13:22:31,8.93,0.0,11,9823,买盘
429,13:22:33,8.93,0.0,25,22325,卖盘
430,13:23:00,8.93,0.0,1,893,买盘
431,13:24:00,8.93,0.0,1,893,买盘
432,13:24:24,8.92,-0.01,1,892,卖盘
433,13:25:00,8.92,0.0,1,892,买盘
434,13:26:09,8.91,-0.01,2,1782,卖盘
435,13:27:04,8.91,0.0,1,891,买盘
436,13:28:04,8.91,0.0,1,891,买盘
437,13:28:54,8.91,0.0,4,3564,买盘
438,13:29:45,8.9,-0.01,16,14240,卖盘
439,13:29:54,8.9,0.0,4,3560,买盘
440,13:30:04,8.9,0.0,1,890,卖盘
441,13:30:54,8.87,-0.03,120,106450,卖盘
442,13:32:19,8.87,0.0,1,887,卖盘
443,13:32:27,8.87,0.0,5,4435,买盘
444,13:32:52,8.87,0.0,1,887,卖盘
445,13:33:10,8.86,-0.01,21,18606,卖盘
446,13:33:27,8.86,0.0,4,3544,卖盘
447,13:33:34,8.86,0.0,24,21264,卖盘
448,13:34:01,8.86,0.0,1,886,买盘
449,13:34:07,8.85,-0.01,16,14160,卖盘
450,13:34:31,8.85,0.0,56,49560,卖盘
451,13:34:40,8.85,0.0,15,13275,卖盘
452,13:35:15,8.87,0.02,12,10636,买盘
453,13:35:18,8.87,0.0,1,887,买盘
454,13:35:40,8.85,-0.02,1,885,卖盘
455,13:37:01,8.86,0.01,1,886,卖盘
456,13:37:16,8.86,0.0,1,886,卖盘
457,13:38:01,8.86,0.0,1,886,买盘
458,13:38:25,8.86,0.0,2,1772,卖盘
459,13:39:07,8.86,0.0,8,7088,卖盘
460,13:39:40,8.86,0.0,3,2658,卖盘
461,13:40:01,8.85,-0.01,23,20365,卖盘
462,13:41:01,8.84,-0.01,1,884,买盘
463,13:41:10,8.83,-0.01,4,3532,卖盘
464,13:41:16,8.84,0.01,10,8840,买盘
465,13:41:51,8.83,-0.01,10,8830,卖盘
466,13:42:43,8.84,0.01,1,884,买盘
467,13:43:37,8.84,0.0,1,884,卖盘
468,13:45:13,8.85,0.01,1,885,卖盘
469,13:46:10,8.85,0.0,4,3540,卖盘
470,13:46:13,8.85,0.0,1,885,买盘
471,13:48:43,8.86,0.01,2,1772,买盘
472,13:48:54,8.86,0.0,1,886,买盘
473,13:49:00,8.86,0.0,1,886,买盘
474,13:49:22,8.86,0.0,3,2658,买盘
475,13:49:42,8.87,0.01,7,6209,买盘
476,13:51:18,8.88,0.01,1,888,买盘
477,13:51:27,8.87,-0.01,10,8870,卖盘
478,13:51:37,8.87,0.0,1,887,卖盘
479,13:51:43,8.84,-0.03,4,3536,卖盘
480,13:54:37,8.86,0.02,6,5316,买盘
481,13:54:40,8.85,-0.01,1,885,卖盘
482,13:56:36,8.87,0.02,1,887,买盘
483,13:56:45,8.87,0.0,4,3548,买盘
484,13:57:13,8.87,0.0,1,887,卖盘
485,13:58:04,8.86,-0.01,1,886,卖盘
486,13:58:46,8.86,0.0,1,886,卖盘
487,13:59:01,8.86,0.0,1,886,买盘
488,14:00:49,8.86,0.0,1,886,卖盘
489,14:00:57,8.85,-0.01,3,2655,卖盘
490,14:01:45,8.85,0.0,9,7966,卖盘
491,14:01:54,8.85,0.0,33,29205,买盘
492,14:01:57,8.84,-0.01,1,884,卖盘
493,14:02:46,8.84,0.0,15,13260,卖盘
494,14:02:51,8.84,0.0,4,3536,买盘
495,14:03:00,8.84,0.0,1,884,买盘
496,14:04:16,8.83,-0.01,20,17671,卖盘
497,14:04:19,8.83,0.0,1,883,买盘
498,14:05:42,8.82,-0.01,10,8820,卖盘
499,14:06:40,8.83,0.01,5,4415,买盘
500,14:06:42,8.83,0.0,2,1766,买盘
501,14:07:10,8.83,0.0,4,3532,卖盘
502,14:07:13,8.83,0.0,2,1766,买盘
503,14:07:25,8.83,0.0,148,130684,买盘
504,14:07:28,8.85,0.02,2,1770,买盘
505,14:07:34,8.85,0.0,1,885,卖盘
506,14:08:09,8.84,-0.01,52,45970,卖盘
507,14:08:28,8.84,0.0,62,54808,买盘
508,14:08:31,8.84,0.0,47,41548,买盘
509,14:08:34,8.84,0.0,8,7072,买盘
510,14:08:36,8.84,0.0,17,15028,买盘
511,14:09:13,8.83,-0.01,1,883,卖盘
512,14:09:16,8.84,0.01,73,64532,买盘
513,14:09:46,8.84,0.0,10,8840,买盘
514,14:10:07,8.84,0.0,20,17680,卖盘
515,14:10:22,8.84,0.0,2,1768,买盘
516,14:10:46,8.84,0.0,256,226304,买盘
517,14:10:55,8.83,-0.01,14,12362,卖盘
518,14:10:58,8.84,0.01,17,15028,买盘
519,14:11:01,8.84,0.0,19,16796,买盘
520,14:11:22,8.84,0.0,5,4420,买盘
521,14:12:40,8.86,0.02,1,886,买盘
522,14:13:04,8.86,0.0,1,886,卖盘
523,14:14:01,8.86,0.0,1,886,买盘
524,14:14:13,8.86,0.0,2,1772,买盘
525,14:14:51,8.86,0.0,2,1772,买盘
526,14:15:01,8.86,0.0,1,886,买盘
527,14:15:13,8.86,0.0,1,886,买盘
528,14:15:48,8.86,0.0,3,2658,买盘
529,14:17:04,8.86,0.0,1,886,买盘
530,14:18:01,8.86,0.0,2,1772,买盘
531,14:20:01,8.86,0.0,1,886,买盘
532,14:20:30,8.87,0.01,1,887,买盘
533,14:21:01,8.86,-0.01,1,886,中性盘
534,14:21:54,8.85,-0.01,2,1770,卖盘
535,14:22:00,8.85,0.0,1,885,买盘
536,14:23:27,8.85,0.0,10,8850,买盘
537,14:24:04,8.85,0.0,1,885,买盘
538,14:24:57,8.85,0.0,10,8850,买盘
539,14:25:04,8.85,0.0,1,885,买盘
540,14:25:40,8.85,0.0,2,1770,买盘
541,14:26:00,8.85,0.0,1,885,买盘
542,14:26:10,8.84,-0.01,1,884,卖盘
543,14:26:28,8.85,0.01,4,3540,买盘
544,14:27:12,8.86,0.01,6,5311,买盘
545,14:27:46,8.86,0.0,2,1772,买盘
546,14:28:22,8.87,0.01,6,5322,买盘
547,14:29:33,8.87,0.0,3,2662,卖盘
548,14:31:01,8.87,0.0,23,20389,买盘
549,14:32:04,8.87,0.0,1,887,买盘
550,14:33:04,8.87,0.0,1,887,买盘
551,14:33:19,8.86,-0.01,10,8860,卖盘
552,14:33:31,8.85,-0.01,47,41595,卖盘
553,14:33:36,8.84,-0.01,13,11492,卖盘
554,14:34:24,8.84,0.0,10,8840,买盘
555,14:35:00,8.84,0.0,7,6188,买盘
556,14:38:03,8.86,0.02,8,7088,买盘
557,14:38:07,8.86,0.0,2,1772,卖盘
558,14:39:51,8.87,0.01,5,4435,买盘
559,14:39:55,8.87,0.0,4,3548,买盘
560,14:40:03,8.87,0.0,1,887,买盘
561,14:42:04,8.87,0.0,1,887,买盘
562,14:43:01,8.87,0.0,1,887,买盘
563,14:44:27,8.86,-0.01,1,886,卖盘
564,14:46:10,8.87,0.01,9,7983,买盘
565,14:46:13,8.87,0.0,2,1774,买盘
566,14:47:00,8.87,0.0,1,887,买盘
567,14:48:01,8.86,-0.01,3,2660,卖盘
568,14:49:04,8.88,0.02,14,12411,买盘
569,14:50:04,8.86,-0.02,1,886,买盘
570,14:50:34,8.84,-0.02,22,19448,卖盘
571,14:51:00,8.84,0.0,9,7956,卖盘
572,14:51:04,8.84,0.0,1,884,买盘
573,14:52:36,8.83,-0.01,8,7064,卖盘
574,14:53:01,8.83,0.0,3,2649,卖盘
575,14:53:37,8.82,-0.01,39,34413,卖盘
576,14:53:40,8.83,0.01,1,883,买盘
577,14:54:04,8.82,-0.01,21,18524,卖盘
578,14:54:07,8.83,0.01,1,883,买盘
579,14:54:19,8.81,-0.02,65,57265,卖盘
580,14:54:22,8.82,0.01,54,47659,卖盘
581,14:54:28,8.82,0.0,2,1764,卖盘
582,14:56:30,8.84,0.02,10,8840,卖盘
583,14:56:34,8.83,-0.01,4,3535,卖盘
584,14:56:49,8.85,0.02,16,14160,买盘
585,14:56:58,8.86,0.01,3,2658,买盘
586,15:00:05,8.86,0.0,43,38098,卖盘
