,time,price,change,volume,amount,type
0,09:25:04,4.0,-0.03,292,116800,买盘
1,09:30:04,4.03,0.03,28,11272,买盘
2,09:30:06,4.01,-0.02,28,11228,卖盘
3,09:30:10,4.01,0.0,9,3609,卖盘
4,09:30:13,4.02,0.01,2,803,买盘
5,09:30:16,4.01,-0.01,23,9226,卖盘
6,09:30:18,4.02,0.01,8,3216,中性盘
7,09:30:22,4.02,0.0,1,402,卖盘
8,09:30:25,4.02,0.0,14,5628,卖盘
9,09:30:27,4.02,0.0,55,22194,卖盘
10,09:30:31,4.01,-0.01,5,2005,卖盘
11,09:30:34,4.02,0.01,3,1205,买盘
12,09:30:40,4.02,0.0,6,2412,买盘
13,09:30:46,4.02,0.0,8,3216,买盘
14,09:30:52,4.01,-0.01,4,1604,卖盘
15,09:30:54,4.01,0.0,70,28070,卖盘
16,09:31:01,4.01,0.0,29,11629,卖盘
17,09:31:04,4.01,0.0,2,802,卖盘
18,09:31:07,4.0,-0.01,1,400,卖盘
19,09:31:10,4.0,0.0,1,400,卖盘
20,09:31:13,4.0,0.0,2,800,卖盘
21,09:31:16,4.0,0.0,1,400,卖盘
22,09:31:19,4.0,0.0,74,29640,卖盘
23,09:31:22,4.02,0.02,14,5620,买盘
24,09:31:25,4.02,0.0,33,13266,卖盘
25,09:31:28,4.02,0.0,1,402,卖盘
26,09:31:31,4.03,0.01,10,4030,买盘
27,09:31:34,4.02,-0.01,7,2814,卖盘
28,09:31:43,4.01,-0.01,1,401,买盘
29,09:31:46,4.01,0.0,2,802,卖盘
30,09:31:52,4.01,0.0,1,401,卖盘
31,09:31:55,4.0,-0.01,1,400,卖盘
32,09:32:01,4.0,0.0,1,400,卖盘
33,09:32:04,4.0,0.0,33,13200,卖盘
34,09:32:10,4.0,0.0,97,38800,卖盘
35,09:32:13,4.0,0.0,2,800,卖盘
36,09:32:15,4.0,0.0,16,6400,卖盘
37,09:32:19,3.99,-0.01,1,399,卖盘
38,09:32:22,3.99,0.0,1,399,卖盘
39,09:32:28,3.99,0.0,8,3192,卖盘
40,09:32:33,3.99,0.0,2,797,买盘
41,09:32:37,3.98,-0.01,36,14328,卖盘
42,09:32:43,3.98,0.0,1,398,卖盘
43,09:32:46,3.98,0.0,23,9158,卖盘
44,09:32:49,3.98,0.0,40,15920,卖盘
45,09:32:52,3.98,0.0,3,1194,卖盘
46,09:32:55,3.97,-0.01,1,397,卖盘
47,09:32:58,3.98,0.01,10,3977,买盘
48,09:33:00,3.98,0.0,2,795,买盘
49,09:33:04,3.98,0.0,3,1193,买盘
50,09:33:07,3.98,0.0,3,1194,买盘
51,09:33:10,3.97,-0.01,53,21050,卖盘
52,09:33:13,3.98,0.01,60,23861,买盘
53,09:33:19,3.97,-0.01,13,5162,卖盘
54,09:33:22,3.97,0.0,4,1587,买盘
55,09:33:24,3.96,-0.01,10,3966,卖盘
56,09:33:28,3.97,0.01,4,1587,买盘
57,09:33:31,3.97,0.0,35,13894,买盘
58,09:33:34,3.97,0.0,47,18659,卖盘
59,09:33:37,3.97,0.0,38,15095,卖盘
60,09:33:40,3.97,0.0,19,7544,卖盘
61,09:33:43,3.98,0.01,5,1990,中性盘
62,09:33:45,3.98,0.0,6,2388,卖盘
63,09:33:49,3.98,0.0,8,3184,卖盘
64,09:33:52,3.98,0.0,5,1990,卖盘
65,09:33:55,3.98,0.0,6,2388,卖盘
66,09:33:58,3.98,0.0,3,1194,卖盘
67,09:34:01,3.98,0.0,5,1990,卖盘
68,09:34:04,3.98,0.0,6,2388,卖盘
69,09:34:07,3.98,0.0,2,796,卖盘
70,09:34:09,3.98,0.0,12,4776,卖盘
71,09:34:13,3.98,0.0,6,2388,卖盘
72,09:34:16,3.98,0.0,32,12736,卖盘
73,09:34:21,3.98,0.0,5,1990,买盘
74,09:34:31,3.97,-0.01,6,2382,卖盘
75,09:34:34,3.97,0.0,57,22629,卖盘
76,09:34:37,3.97,0.0,42,16674,卖盘
77,09:34:43,3.97,0.0,47,18646,买盘
78,09:34:46,3.97,0.0,30,11910,卖盘
79,09:34:49,3.97,0.0,28,11108,买盘
80,09:34:52,3.96,-0.01,1,396,卖盘
81,09:34:58,3.96,0.0,1,396,卖盘
82,09:35:01,3.97,0.01,5,1985,买盘
83,09:35:04,3.96,-0.01,65,25740,卖盘
84,09:35:07,3.96,0.0,1,396,卖盘
85,09:35:10,3.97,0.01,12,4764,买盘
86,09:35:13,3.96,-0.01,75,29750,卖盘
87,09:35:15,3.96,0.0,5,1984,卖盘
88,09:35:22,3.96,0.0,1,396,卖盘
89,09:35:25,3.97,0.01,94,37317,买盘
90,09:35:30,3.98,0.01,2,795,买盘
91,09:35:33,3.98,0.0,5,1987,买盘
92,09:35:37,3.98,0.0,15,5965,买盘
93,09:35:40,3.99,0.01,1,399,中性盘
94,09:35:42,3.99,0.0,1,399,卖盘
95,09:35:49,3.99,0.0,11,4389,卖盘
96,09:35:51,3.99,0.0,8,3192,卖盘
97,09:36:06,3.99,0.0,30,11970,买盘
98,09:36:19,3.99,0.0,53,21147,买盘
99,09:36:22,3.99,0.0,100,39900,买盘
100,09:36:24,3.99,0.0,7,2790,买盘
101,09:36:28,3.99,0.0,1,399,买盘
102,09:36:31,3.99,0.0,1,399,买盘
103,09:36:49,3.99,0.0,58,23142,买盘
104,09:36:55,3.99,0.0,1,399,买盘
105,09:36:58,3.99,0.0,1,399,买盘
106,09:37:01,3.99,0.0,1,399,买盘
107,09:37:04,3.99,0.0,1,399,买盘
108,09:37:07,3.99,0.0,4,1596,买盘
109,09:37:09,3.99,0.0,4,1596,卖盘
110,09:37:15,3.99,0.0,4,1596,卖盘
111,09:37:19,3.99,0.0,12,4788,中性盘
112,09:37:22,3.99,0.0,2,798,卖盘
113,09:37:25,3.99,0.0,6,2394,卖盘
114,09:37:31,3.99,0.0,48,19152,卖盘
115,09:37:33,3.99,0.0,6,2394,买盘
116,09:37:40,3.99,0.0,2,798,卖盘
117,09:37:43,3.99,0.0,13,5187,卖盘
118,09:37:46,4.0,0.01,6,2396,买盘
119,09:37:49,3.99,-0.01,3,1197,卖盘
120,09:37:52,3.99,0.0,13,5187,卖盘
121,09:38:01,3.99,0.0,5,1995,卖盘
122,09:38:04,3.99,0.0,5,1995,卖盘
123,09:38:09,3.99,0.0,8,3196,卖盘
124,09:38:16,4.02,0.03,8,3206,买盘
125,09:38:19,3.99,-0.03,14,5586,卖盘
126,09:38:28,4.0,0.01,7,2800,卖盘
127,09:38:33,4.0,0.0,3,1200,卖盘
128,09:38:40,4.0,0.0,4,1600,卖盘
129,09:38:55,4.0,0.0,5,2000,买盘
130,09:38:58,3.99,-0.01,1,638,卖盘
131,09:39:04,4.0,0.01,12,4800,买盘
132,09:39:06,4.0,0.0,5,2000,买盘
133,09:39:18,4.0,0.0,1,400,卖盘
134,09:39:37,4.0,0.0,30,12000,买盘
135,09:39:43,4.0,0.0,26,10400,买盘
136,09:39:45,4.0,0.0,15,6000,卖盘
137,09:39:52,4.0,0.0,3,1200,卖盘
138,09:39:55,4.0,0.0,2,800,卖盘
139,09:40:04,4.01,0.01,50,20050,买盘
140,09:40:10,4.0,-0.01,2,800,卖盘
141,09:40:25,4.01,0.01,5,2003,买盘
142,09:40:28,4.0,-0.01,2,800,卖盘
143,09:40:34,4.0,0.0,6,2400,卖盘
144,09:40:37,4.0,0.0,4,1600,卖盘
145,09:40:46,4.0,0.0,12,4800,卖盘
146,09:40:58,4.0,0.0,6,2400,卖盘
147,09:41:00,4.0,0.0,41,16400,卖盘
148,09:41:10,4.0,0.0,5,2000,卖盘
149,09:41:13,4.0,0.0,3,1200,卖盘
150,09:41:16,4.0,0.0,12,4800,卖盘
151,09:41:18,4.01,0.01,51,20427,买盘
152,09:41:21,4.0,-0.01,15,5999,买盘
153,09:41:28,3.99,-0.01,14,5598,卖盘
154,09:41:33,3.99,0.0,67,26733,卖盘
155,09:41:37,3.99,0.0,37,14763,卖盘
156,09:41:40,3.99,0.0,4,1596,卖盘
157,09:41:43,3.99,0.0,2,798,卖盘
158,09:41:46,3.99,0.0,23,9177,卖盘
159,09:41:49,3.99,0.0,9,3591,卖盘
160,09:41:51,3.99,0.0,4,1596,卖盘
161,09:42:01,3.99,0.0,39,15561,卖盘
162,09:42:04,3.99,0.0,29,11332,卖盘
163,09:42:28,3.99,0.0,5,1995,买盘
164,09:42:34,3.98,-0.01,37,14726,卖盘
165,09:42:46,3.98,0.0,17,6766,卖盘
166,09:42:52,3.98,0.0,2,796,卖盘
167,09:43:00,3.98,0.0,5,1990,卖盘
168,09:43:04,3.98,0.0,14,5814,卖盘
169,09:43:07,3.99,0.01,46,18354,买盘
170,09:43:10,3.99,0.0,2,798,卖盘
171,09:43:13,3.99,0.0,37,14763,卖盘
172,09:43:31,3.99,0.0,20,7980,买盘
173,09:43:45,3.99,0.0,27,10773,买盘
174,09:43:49,3.99,0.0,13,5187,卖盘
175,09:43:51,3.99,0.0,3,1197,卖盘
176,09:43:58,3.99,0.0,2,798,卖盘
177,09:44:01,3.99,0.0,2,798,卖盘
178,09:44:06,3.99,0.0,14,5586,卖盘
179,09:44:10,3.99,0.0,3,1197,卖盘
180,09:44:13,3.99,0.0,7,2793,卖盘
181,09:44:16,3.99,0.0,11,4389,卖盘
182,09:44:22,3.99,0.0,2,798,卖盘
183,09:44:24,3.99,0.0,3,1197,卖盘
184,09:44:27,3.99,0.0,12,4788,卖盘
185,09:44:31,3.99,0.0,6,2394,卖盘
186,09:44:34,3.99,0.0,26,10374,卖盘
187,09:44:39,3.99,0.0,3,1197,卖盘
188,09:44:46,3.97,-0.02,600,238808,卖盘
189,09:44:49,3.99,0.02,8,3191,买盘
190,09:44:52,3.97,-0.02,85,33909,卖盘
191,09:45:04,3.97,0.0,16,6352,卖盘
192,09:45:13,3.98,0.01,6,2386,买盘
193,09:45:16,3.98,0.0,6,2388,卖盘
194,09:45:28,3.98,0.0,12,4776,卖盘
195,09:45:42,3.98,0.0,2,796,卖盘
196,09:45:46,3.98,0.0,3,1194,卖盘
197,09:46:31,4.0,0.02,8,3200,买盘
198,09:47:10,4.0,0.0,1,400,买盘
199,09:47:49,3.99,-0.01,1,399,卖盘
200,09:48:07,4.0,0.01,10,4000,买盘
201,09:48:12,3.99,-0.01,4,1596,卖盘
202,09:48:19,3.97,-0.02,403,160276,卖盘
203,09:48:25,3.97,0.0,16,6352,卖盘
204,09:48:28,3.98,0.01,7,2791,卖盘
205,09:48:37,3.98,0.0,6,2388,卖盘
206,09:48:42,3.99,0.01,50,19933,买盘
207,09:48:49,3.98,-0.01,7,2786,卖盘
208,09:48:55,3.99,0.01,100,39900,买盘
209,09:49:15,3.98,-0.01,15,5970,卖盘
210,09:49:31,3.98,0.0,4,1592,买盘
211,09:49:45,3.98,0.0,9,3582,买盘
212,09:49:48,3.98,0.0,1,398,卖盘
213,09:49:52,3.99,0.01,1,399,买盘
214,09:49:58,3.99,0.0,13,5186,中性盘
215,09:50:04,3.99,0.0,12,4788,卖盘
216,09:50:28,3.98,-0.01,19,7562,卖盘
217,09:51:04,3.98,0.0,3,1194,卖盘
218,09:51:25,3.98,0.0,11,4378,卖盘
219,09:51:46,3.99,0.01,10,3990,买盘
220,09:51:49,3.98,-0.01,2,796,卖盘
221,09:52:40,3.98,0.0,3,1194,卖盘
222,09:52:46,3.98,0.0,1,398,卖盘
223,09:52:55,3.98,0.0,2,796,卖盘
224,09:52:57,3.98,0.0,6,2388,卖盘
225,09:53:01,3.98,0.0,1,398,卖盘
226,09:53:09,3.98,0.0,1,398,卖盘
227,09:53:13,3.98,0.0,1,398,卖盘
228,09:53:19,3.98,0.0,1,398,卖盘
229,09:53:24,3.98,0.0,4,1592,卖盘
230,09:53:30,3.98,0.0,1,398,卖盘
231,09:53:43,3.98,0.0,2,796,卖盘
232,09:54:01,3.98,0.0,1,398,卖盘
233,09:54:12,3.98,0.0,14,5572,卖盘
234,09:54:25,3.98,0.0,1,398,卖盘
235,09:54:43,3.98,0.0,1,398,卖盘
236,09:54:46,3.98,0.0,1,398,卖盘
237,09:55:04,3.99,0.01,1,399,买盘
238,09:55:07,3.98,-0.01,1,398,卖盘
239,09:55:18,3.98,0.0,2,796,卖盘
240,09:55:31,3.98,0.0,28,11144,卖盘
241,09:55:33,3.99,0.01,48,19151,买盘
242,09:55:43,3.98,-0.01,67,26666,卖盘
243,09:55:52,3.98,0.0,3,1194,卖盘
244,09:56:01,3.98,0.0,4,1592,卖盘
245,09:56:04,3.98,0.0,50,19900,卖盘
246,09:56:28,3.98,0.0,1,354,卖盘
247,09:56:37,3.99,0.01,30,11970,买盘
248,09:56:40,3.99,0.0,2,798,买盘
249,09:56:43,3.99,0.0,1,399,买盘
250,09:56:45,3.99,0.0,6,2394,买盘
251,09:56:51,3.98,-0.01,66,26284,卖盘
252,09:57:07,3.99,0.01,11,4389,卖盘
253,09:57:22,3.99,0.0,2,798,卖盘
254,09:57:37,4.0,0.01,38,15200,买盘
255,09:57:51,4.0,0.0,61,24400,买盘
256,09:57:58,4.0,0.0,35,14000,买盘
257,09:58:22,4.0,0.0,2,800,卖盘
258,09:58:25,4.0,0.0,2,800,卖盘
259,09:58:28,4.0,0.0,3,1200,卖盘
260,09:58:39,4.0,0.0,2,800,卖盘
261,09:58:46,4.0,0.0,2,800,买盘
262,09:58:58,4.0,0.0,12,4800,卖盘
263,09:59:30,3.99,-0.01,7,2793,卖盘
264,09:59:46,4.0,0.01,4,1599,买盘
265,10:00:10,3.99,-0.01,2,798,卖盘
266,10:00:19,3.99,0.0,1,399,卖盘
267,10:00:22,3.99,0.0,7,2793,卖盘
268,10:00:31,3.99,0.0,60,23990,卖盘
269,10:01:07,4.0,0.01,9,3600,买盘
270,10:01:10,4.0,0.0,46,18400,卖盘
271,10:01:16,4.0,0.0,1,400,卖盘
272,10:01:22,4.0,0.0,1,400,卖盘
273,10:02:31,4.0,0.0,10,4000,买盘
274,10:02:37,4.0,0.0,2,800,买盘
275,10:02:52,3.99,-0.01,3,1197,卖盘
276,10:02:55,4.0,0.01,77,30800,买盘
277,10:03:07,4.0,0.0,27,10800,卖盘
278,10:03:19,3.99,-0.01,65,25935,卖盘
279,10:03:55,3.99,0.0,49,19551,卖盘
280,10:03:58,3.99,0.0,1,399,买盘
281,10:05:01,3.99,0.0,10,3990,卖盘
282,10:05:06,3.99,0.0,2,798,卖盘
283,10:05:31,3.98,-0.01,1,398,卖盘
284,10:06:07,3.98,0.0,2,796,卖盘
285,10:06:31,3.98,0.0,7,2786,卖盘
286,10:06:37,3.98,0.0,82,32636,卖盘
287,10:06:45,4.0,0.02,40,15999,买盘
288,10:06:55,4.0,0.0,40,16000,买盘
289,10:07:01,4.0,0.0,40,16000,买盘
290,10:07:27,3.99,-0.01,1,399,买盘
291,10:07:31,3.99,0.0,8,3192,买盘
292,10:08:06,3.99,0.0,2,798,卖盘
293,10:08:25,3.99,0.0,1,399,卖盘
294,10:08:46,3.99,0.0,3,1197,卖盘
295,10:08:55,3.99,0.0,10,3990,卖盘
296,10:09:01,3.99,0.0,1,399,卖盘
297,10:09:07,3.99,0.0,2,798,卖盘
298,10:09:10,3.99,0.0,10,3990,卖盘
299,10:09:27,3.99,0.0,4,1596,卖盘
300,10:09:31,3.99,0.0,1,399,卖盘
301,10:09:34,3.99,0.0,1,399,卖盘
302,10:09:37,3.99,0.0,1,399,卖盘
303,10:09:39,4.01,0.02,62,24809,买盘
304,10:09:45,4.01,0.0,4,1604,买盘
305,10:09:55,3.99,-0.02,4,1596,卖盘
306,10:10:07,3.99,0.0,2,798,卖盘
307,10:10:40,3.99,0.0,1,399,卖盘
308,10:11:06,3.99,0.0,1,399,卖盘
309,10:11:16,3.99,0.0,5,1995,卖盘
310,10:11:19,3.99,0.0,2,798,卖盘
311,10:11:22,4.0,0.01,1,400,买盘
312,10:11:52,4.0,0.0,4,1600,卖盘
313,10:11:54,4.01,0.01,61,24461,买盘
314,10:12:57,4.0,-0.01,4,1600,卖盘
315,10:13:07,4.0,0.0,2,800,卖盘
316,10:13:19,4.01,0.01,6,2406,买盘
317,10:13:22,4.0,-0.01,3,1012,卖盘
318,10:13:34,3.99,-0.01,4,1596,卖盘
319,10:13:46,4.0,0.01,3,1388,买盘
320,10:13:52,4.0,0.0,4,1600,卖盘
321,10:13:55,4.01,0.01,1,401,买盘
322,10:14:36,3.99,-0.02,5,1999,卖盘
323,10:14:52,3.99,0.0,4,1596,卖盘
324,10:14:55,3.99,0.0,4,1596,卖盘
325,10:15:06,4.0,0.01,1,400,卖盘
326,10:15:22,4.0,0.0,4,1600,卖盘
327,10:15:51,4.0,0.0,5,2000,卖盘
328,10:16:01,4.0,0.0,5,2000,卖盘
329,10:16:07,4.0,0.0,2,800,卖盘
330,10:16:22,4.0,0.0,3,1200,卖盘
331,10:16:24,4.0,0.0,1,400,买盘
332,10:16:52,4.0,0.0,7,2800,卖盘
333,10:17:04,4.0,0.0,1,400,卖盘
334,10:17:07,4.0,0.0,38,15200,买盘
335,10:17:10,4.0,0.0,13,5200,买盘
336,10:17:13,4.0,0.0,1,400,买盘
337,10:17:58,4.0,0.0,1,400,卖盘
338,10:18:00,4.01,0.01,8,3208,买盘
339,10:18:58,4.0,-0.01,1,400,卖盘
340,10:19:06,4.0,0.0,2,800,卖盘
341,10:19:21,4.0,0.0,150,60000,卖盘
342,10:20:04,4.0,0.0,2,800,卖盘
343,10:20:07,4.0,0.0,1,400,卖盘
344,10:21:04,4.0,0.0,2,800,卖盘
345,10:21:21,4.0,0.0,3,1200,卖盘
346,10:21:37,4.0,0.0,14,5600,卖盘
347,10:22:04,4.0,0.0,1,400,卖盘
348,10:22:13,4.0,0.0,1,400,卖盘
349,10:22:21,4.0,0.0,1,400,卖盘
350,10:22:51,4.0,0.0,31,12400,卖盘
351,10:23:04,4.0,0.0,2,800,卖盘
352,10:23:07,4.0,0.0,2,800,卖盘
353,10:23:55,4.0,0.0,32,12800,卖盘
354,10:24:04,4.0,0.0,2,800,卖盘
355,10:24:28,4.0,0.0,1,400,卖盘
356,10:24:46,4.0,0.0,1,400,卖盘
357,10:24:58,4.0,0.0,7,2800,卖盘
358,10:25:04,4.0,0.0,2,800,卖盘
359,10:25:12,4.0,0.0,20,8000,卖盘
360,10:25:40,4.0,0.0,61,24400,卖盘
361,10:25:48,3.99,-0.01,1,399,卖盘
362,10:26:04,3.99,0.0,1,399,卖盘
363,10:26:09,3.99,0.0,3,1197,卖盘
364,10:26:21,3.99,0.0,2,798,卖盘
365,10:26:24,3.99,0.0,1,399,卖盘
366,10:26:55,3.99,0.0,34,13566,卖盘
367,10:27:19,3.99,0.0,1,399,卖盘
368,10:27:24,3.99,0.0,6,2394,卖盘
369,10:27:30,3.99,0.0,1,399,卖盘
370,10:28:33,3.99,0.0,1,399,卖盘
371,10:29:04,3.99,0.0,2,798,卖盘
372,10:29:36,3.99,0.0,3,1197,卖盘
373,10:30:04,3.99,0.0,1,399,卖盘
374,10:30:21,3.99,0.0,3,1197,卖盘
375,10:30:37,3.99,0.0,1,399,卖盘
376,10:31:04,3.99,0.0,2,798,卖盘
377,10:31:10,3.99,0.0,50,19950,卖盘
378,10:31:12,3.99,0.0,9,3591,卖盘
379,10:31:18,3.99,0.0,2,798,卖盘
380,10:31:24,4.0,0.01,10,4000,买盘
381,10:31:30,3.99,-0.01,6,2394,卖盘
382,10:32:04,3.99,0.0,2,798,卖盘
383,10:32:09,4.0,0.01,3,1200,买盘
384,10:34:25,4.0,0.0,1,400,买盘
385,10:34:42,3.99,-0.01,6,2394,卖盘
386,10:34:45,3.99,0.0,6,2394,卖盘
387,10:34:52,3.99,0.0,1,399,卖盘
388,10:34:57,3.99,0.0,34,13599,卖盘
389,10:35:04,3.99,0.0,2,798,卖盘
390,10:36:04,3.99,0.0,2,798,卖盘
391,10:36:55,3.99,0.0,1,399,卖盘
392,10:37:04,3.99,0.0,1,399,卖盘
393,10:38:04,3.99,0.0,2,798,卖盘
394,10:38:25,3.99,0.0,1,399,卖盘
395,10:38:46,3.99,0.0,6,2394,卖盘
396,10:38:51,3.99,0.0,1,399,卖盘
397,10:39:04,3.99,0.0,2,798,卖盘
398,10:39:06,3.99,0.0,98,39102,卖盘
399,10:39:10,3.98,-0.01,1,399,买盘
400,10:39:25,3.98,0.0,24,9552,卖盘
401,10:39:45,3.98,0.0,18,7164,卖盘
402,10:39:49,3.99,0.01,4,1596,买盘
403,10:39:57,3.98,-0.01,22,8756,卖盘
404,10:40:04,3.98,0.0,55,21890,卖盘
405,10:40:07,3.98,0.0,8,3184,卖盘
406,10:40:10,3.98,0.0,10,3793,卖盘
407,10:40:43,3.98,0.0,1,398,买盘
408,10:41:01,3.98,0.0,23,9154,买盘
409,10:41:04,3.98,0.0,107,42675,买盘
410,10:41:22,3.98,0.0,4,1592,卖盘
411,10:41:27,3.99,0.01,7,2793,买盘
412,10:45:10,3.98,-0.01,35,13930,卖盘
413,10:45:18,3.97,-0.01,1,397,卖盘
414,10:46:04,3.97,0.0,2,794,卖盘
415,10:46:33,3.98,0.01,1,398,买盘
416,10:46:36,3.98,0.0,4,1592,买盘
417,10:46:39,3.98,0.0,7,2786,买盘
418,10:46:42,3.98,0.0,4,1592,买盘
419,10:46:46,3.98,0.0,3,1194,买盘
420,10:46:52,3.99,0.01,100,39900,买盘
421,10:47:12,3.98,-0.01,71,28258,卖盘
422,10:47:18,3.98,0.0,1,398,买盘
423,10:47:27,3.98,0.0,13,5174,买盘
424,10:47:36,3.98,0.0,132,52536,买盘
425,10:48:04,3.98,0.0,1,398,卖盘
426,10:49:04,3.98,0.0,2,796,卖盘
427,10:49:33,3.98,0.0,13,5174,卖盘
428,10:50:00,3.99,0.01,13,5187,买盘
429,10:50:19,3.98,-0.01,28,11144,卖盘
430,10:51:04,3.98,0.0,2,796,卖盘
431,10:51:15,3.99,0.01,7,2793,买盘
432,10:51:42,3.98,-0.01,1,398,卖盘
433,10:52:04,3.98,0.0,1,398,卖盘
434,10:52:19,3.99,0.01,2,798,买盘
435,10:52:22,3.99,0.0,4,1596,买盘
436,10:52:25,3.99,0.0,198,79002,买盘
437,10:52:30,4.0,0.01,1,400,买盘
438,10:52:34,4.0,0.0,1,400,买盘
439,10:52:37,4.0,0.0,21,8400,买盘
440,10:52:40,4.0,0.0,28,11200,买盘
441,10:52:43,4.0,0.0,1,400,买盘
442,10:52:49,4.01,0.01,7,2807,买盘
443,10:52:52,4.01,0.0,15,6015,买盘
444,10:52:55,4.01,0.0,3,1203,买盘
445,10:52:58,4.01,0.0,4,1604,买盘
446,10:53:04,4.01,0.0,2,802,卖盘
447,10:54:04,4.01,0.0,7,2807,卖盘
448,10:54:31,4.0,-0.01,1,400,卖盘
449,10:54:58,4.0,0.0,7,2800,买盘
450,10:55:31,3.99,-0.01,1,399,卖盘
451,10:56:37,3.99,0.0,6,2394,卖盘
452,10:57:54,3.99,0.0,1,399,卖盘
453,10:57:58,3.99,0.0,2,798,卖盘
454,10:58:04,3.99,0.0,1,399,卖盘
455,10:58:25,4.0,0.01,20,8000,买盘
456,10:58:27,4.0,0.0,13,5200,买盘
457,10:58:30,4.0,0.0,3,1200,买盘
458,10:58:34,4.0,0.0,2,800,买盘
459,10:59:00,4.0,0.0,1,400,买盘
460,10:59:04,3.99,-0.01,2,798,卖盘
461,10:59:09,4.0,0.01,35,14000,买盘
462,11:03:12,4.0,0.0,30,12000,卖盘
463,11:03:18,4.0,0.0,1,400,卖盘
464,11:03:24,4.0,0.0,1,400,卖盘
465,11:04:12,4.0,0.0,1,400,卖盘
466,11:06:21,4.0,0.0,1,400,卖盘
467,11:08:30,4.0,0.0,1,400,卖盘
468,11:08:36,4.0,0.0,22,8800,卖盘
469,11:08:51,4.0,0.0,2,800,卖盘
470,11:09:09,4.0,0.0,3,1200,卖盘
471,11:09:51,4.0,0.0,16,6400,卖盘
472,11:10:18,4.01,0.01,118,47318,买盘
473,11:10:27,4.01,0.0,3,1203,卖盘
474,11:10:49,4.01,0.0,5,2005,卖盘
475,11:10:54,4.01,0.0,11,4411,卖盘
476,11:11:06,4.01,0.0,6,2406,卖盘
477,11:11:36,4.01,0.0,30,12030,卖盘
478,11:14:06,4.0,-0.01,159,63600,卖盘
479,11:14:18,4.0,0.0,10,4000,卖盘
480,11:14:45,4.0,0.0,1,400,卖盘
481,11:14:48,4.0,0.0,1,400,卖盘
482,11:15:24,4.0,0.0,27,10800,买盘
483,11:17:00,3.99,-0.01,1,399,卖盘
484,11:17:24,4.0,0.01,25,10000,买盘
485,11:17:28,4.0,0.0,1,400,买盘
486,11:18:33,4.0,0.0,1,400,买盘
487,11:21:09,3.99,-0.01,1,399,卖盘
488,11:21:48,4.0,0.01,34,13600,买盘
489,11:21:51,4.0,0.0,1,400,买盘
490,11:22:33,4.0,0.0,10,4000,卖盘
491,11:22:54,4.0,0.0,30,12000,卖盘
492,11:23:45,4.0,0.0,17,6800,卖盘
493,11:25:51,4.0,0.0,1,400,卖盘
494,11:26:22,4.01,0.01,44,17644,买盘
495,11:26:42,4.01,0.0,5,2005,买盘
496,11:26:51,4.0,-0.01,10,4000,卖盘
497,11:26:54,4.01,0.01,3,1203,买盘
498,11:27:30,4.0,-0.01,1,400,卖盘
499,11:27:54,4.01,0.01,5,2005,买盘
500,11:29:30,4.0,-0.01,1,400,卖盘
501,13:01:06,4.01,0.01,10,4010,买盘
502,13:01:30,4.0,-0.01,2,800,卖盘
503,13:01:36,4.0,0.0,1,400,卖盘
504,13:01:39,4.0,0.0,1,400,卖盘
505,13:01:42,4.0,0.0,2,800,卖盘
506,13:02:21,4.0,0.0,2,800,卖盘
507,13:03:45,4.0,0.0,1,400,卖盘
508,13:04:42,4.0,0.0,100,40000,卖盘
509,13:05:48,4.0,0.0,1,400,卖盘
510,13:06:42,4.01,0.01,1,401,买盘
511,13:06:57,4.01,0.0,1,401,买盘
512,13:07:19,4.0,-0.01,3,1200,卖盘
513,13:07:21,4.01,0.01,53,21208,买盘
514,13:07:37,3.99,-0.02,6,2394,卖盘
515,13:07:40,4.0,0.01,34,13600,买盘
516,13:07:46,3.99,-0.01,1,399,卖盘
517,13:07:54,3.99,0.0,1,399,卖盘
518,13:07:57,4.01,0.02,4,1604,买盘
519,13:08:09,3.99,-0.02,1,399,卖盘
520,13:08:15,4.0,0.01,1,400,买盘
521,13:09:33,3.99,-0.01,70,27930,卖盘
522,13:10:18,4.0,0.01,4,1600,买盘
523,13:10:27,4.0,0.0,1,400,买盘
524,13:11:33,3.99,-0.01,53,21147,卖盘
525,13:12:12,3.99,0.0,1,399,卖盘
526,13:12:34,3.98,-0.01,6,2390,卖盘
527,13:13:30,4.0,0.02,1,400,买盘
528,13:13:48,3.99,-0.01,5,1995,卖盘
529,13:14:06,3.99,0.0,45,17955,卖盘
530,13:14:15,3.99,0.0,1,399,卖盘
531,13:14:58,4.0,0.01,1,400,买盘
532,13:15:27,4.0,0.0,18,7200,买盘
533,13:15:55,3.99,-0.01,1,399,卖盘
534,13:17:07,3.99,0.0,58,23142,卖盘
535,13:17:18,3.99,0.0,10,3990,卖盘
536,13:17:24,4.0,0.01,1,400,买盘
537,13:18:00,3.99,-0.01,30,11970,卖盘
538,13:18:27,3.99,0.0,1,399,卖盘
539,13:19:13,3.99,0.0,2,798,卖盘
540,13:19:21,4.0,0.01,2,800,买盘
541,13:19:25,3.99,-0.01,1,399,卖盘
542,13:19:27,4.0,0.01,1,400,买盘
543,13:19:54,3.99,-0.01,1,399,卖盘
544,13:20:04,3.99,0.0,2,798,卖盘
545,13:20:06,3.99,0.0,1,399,买盘
546,13:20:12,4.0,0.01,62,24744,买盘
547,13:20:31,3.99,-0.01,2,798,卖盘
548,13:20:36,3.99,0.0,1,399,卖盘
549,13:21:10,4.0,0.01,2,800,买盘
550,13:21:51,3.99,-0.01,59,23541,卖盘
551,13:21:55,3.99,0.0,5,1995,买盘
552,13:21:58,3.99,0.0,1,399,买盘
553,13:22:00,3.99,0.0,16,6384,买盘
554,13:22:03,4.0,0.01,1,400,买盘
555,13:22:36,3.99,-0.01,1,399,卖盘
556,13:22:45,3.99,0.0,2,799,卖盘
557,13:23:51,3.99,0.0,19,7581,卖盘
558,13:23:57,4.0,0.01,1,400,买盘
559,13:25:12,3.99,-0.01,40,15960,卖盘
560,13:25:16,3.99,0.0,1,399,卖盘
561,13:25:19,3.99,0.0,7,2793,卖盘
562,13:25:33,3.99,0.0,20,7980,卖盘
563,13:25:40,3.99,0.0,3,1197,卖盘
564,13:26:43,3.98,-0.01,4,1592,卖盘
565,13:26:51,3.98,0.0,1,398,卖盘
566,13:27:36,3.99,0.01,13,5187,买盘
567,13:27:52,3.98,-0.01,30,11940,卖盘
568,13:28:10,3.99,0.01,18,7182,买盘
569,13:28:19,3.99,0.0,35,13965,买盘
570,13:28:21,4.0,0.01,1,400,买盘
571,13:28:34,4.0,0.0,1,400,买盘
572,13:28:57,3.99,-0.01,1,399,卖盘
573,13:29:12,3.99,0.0,2,798,卖盘
574,13:29:18,3.99,0.0,2,798,卖盘
575,13:29:39,4.0,0.01,1,400,买盘
576,13:30:04,4.0,0.0,1,400,买盘
577,13:30:48,4.0,0.0,89,35600,买盘
578,13:31:04,4.0,0.0,5,2000,买盘
579,13:31:24,4.0,0.0,33,13200,买盘
580,13:31:33,3.99,-0.01,57,22743,卖盘
581,13:32:04,3.99,0.0,13,5187,买盘
582,13:33:00,3.99,0.0,1,399,买盘
583,13:34:09,3.98,-0.01,12,4776,卖盘
584,13:34:12,3.99,0.01,7,2793,买盘
585,13:34:16,3.99,0.0,2,798,卖盘
586,13:34:51,3.99,0.0,5,1676,卖盘
587,13:35:06,3.99,0.0,99,39820,卖盘
588,13:35:15,3.99,0.0,1,399,买盘
589,13:35:33,3.99,0.0,3,1197,买盘
590,13:35:54,3.99,0.0,10,3990,买盘
591,13:35:58,3.99,0.0,67,26733,买盘
592,13:36:45,3.98,-0.01,1,398,卖盘
593,13:37:18,3.98,0.0,1,398,卖盘
594,13:37:34,3.98,0.0,5,1990,卖盘
595,13:37:36,3.99,0.01,1,399,买盘
596,13:38:07,3.98,-0.01,27,10746,卖盘
597,13:39:33,3.98,0.0,1,398,卖盘
598,13:39:57,3.99,0.01,1,399,买盘
599,13:40:01,3.99,0.0,1,399,买盘
600,13:40:21,3.98,-0.01,40,15920,卖盘
601,13:40:28,3.98,0.0,312,124176,卖盘
602,13:40:45,3.98,0.0,1,398,买盘
603,13:40:51,3.98,0.0,3,1194,卖盘
604,13:40:54,3.99,0.01,1,399,买盘
605,13:41:04,3.98,-0.01,2,796,卖盘
606,13:41:24,3.99,0.01,67,26733,买盘
607,13:41:33,3.98,-0.01,1,398,卖盘
608,13:41:36,3.98,0.0,1,398,卖盘
609,13:41:51,3.99,0.01,1,399,买盘
610,13:42:22,3.98,-0.01,3,1194,卖盘
611,13:43:45,3.98,0.0,1,398,卖盘
612,13:43:54,3.98,0.0,18,7164,卖盘
613,13:44:04,3.97,-0.01,1,397,卖盘
614,13:44:09,3.98,0.01,25,9950,中性盘
615,13:44:27,3.99,0.01,1,399,买盘
616,13:45:31,3.97,-0.02,1,397,卖盘
617,13:45:48,3.97,0.0,1,397,卖盘
618,13:45:58,3.98,0.01,1,398,买盘
619,13:46:48,3.97,-0.01,3,1191,卖盘
620,13:47:18,3.97,0.0,12,4764,卖盘
621,13:48:06,3.97,0.0,28,11116,卖盘
622,13:48:57,3.98,0.01,1,398,买盘
623,13:49:09,3.97,-0.01,12,4764,卖盘
624,13:49:34,3.97,0.0,1,397,卖盘
625,13:49:36,3.97,0.0,6,2382,卖盘
626,13:49:48,3.97,0.0,20,7940,卖盘
627,13:50:06,3.98,0.01,2,796,买盘
628,13:51:13,3.97,-0.01,1,397,卖盘
629,13:52:09,3.97,0.0,1,397,卖盘
630,13:52:18,3.98,0.01,33,13134,买盘
631,13:52:27,3.96,-0.02,237,94088,卖盘
632,13:52:34,3.96,0.0,702,278007,卖盘
633,13:53:04,3.97,0.01,16,6352,卖盘
634,13:53:22,3.98,0.01,21,8358,买盘
635,13:53:27,3.98,0.0,1,398,买盘
636,13:54:15,3.97,-0.01,1,397,卖盘
637,13:54:57,3.97,0.0,3,1191,卖盘
638,13:55:01,3.97,0.0,1,397,买盘
639,13:55:04,3.97,0.0,1,397,买盘
640,13:55:07,3.97,0.0,1,397,买盘
641,13:56:04,3.96,-0.01,49,19452,卖盘
642,13:56:33,3.97,0.01,1,397,卖盘
643,13:56:42,3.97,0.0,1,397,买盘
644,13:57:52,3.97,0.0,100,39700,卖盘
645,13:58:04,3.98,0.01,6,2388,买盘
646,13:58:10,3.97,-0.01,29,11513,买盘
647,13:58:12,3.97,0.0,1,397,买盘
648,13:58:16,3.97,0.0,7,2779,买盘
649,13:58:25,3.98,0.01,1,398,买盘
650,13:59:04,3.97,-0.01,20,7940,卖盘
651,13:59:06,3.97,0.0,1,397,买盘
652,13:59:33,3.96,-0.01,1,396,卖盘
653,14:00:00,3.96,0.0,2,792,卖盘
654,14:00:28,3.98,0.02,9,3582,买盘
655,14:01:22,3.98,0.0,33,13134,买盘
656,14:03:01,3.97,-0.01,1,397,卖盘
657,14:03:18,3.97,0.0,2,794,卖盘
658,14:04:09,3.97,0.0,12,4764,卖盘
659,14:04:31,3.98,0.01,164,65272,买盘
660,14:04:33,3.98,0.0,1,398,买盘
661,14:04:36,3.98,0.0,2,796,买盘
662,14:04:39,3.98,0.0,4,1592,买盘
663,14:04:46,3.98,0.0,2,796,买盘
664,14:04:49,3.98,0.0,3,1194,买盘
665,14:04:52,3.98,0.0,3,1194,买盘
666,14:04:55,3.98,0.0,3,1194,买盘
667,14:04:58,3.98,0.0,3,1194,买盘
668,14:05:01,3.98,0.0,3,1194,买盘
669,14:05:04,3.98,0.0,3,1194,买盘
670,14:05:10,3.98,0.0,32,12736,买盘
671,14:05:19,3.98,0.0,54,21492,卖盘
672,14:05:55,3.99,0.01,67,26733,买盘
673,14:06:09,3.99,0.0,2,798,买盘
674,14:06:55,3.99,0.0,4,1596,买盘
675,14:06:58,3.99,0.0,10,3990,买盘
676,14:07:04,3.99,0.0,36,14364,买盘
677,14:07:07,3.99,0.0,120,47880,买盘
678,14:07:10,3.99,0.0,1,399,买盘
679,14:07:13,3.99,0.0,1,399,买盘
680,14:07:16,3.99,0.0,1,399,买盘
681,14:07:18,3.99,0.0,1,399,买盘
682,14:07:22,3.99,0.0,1,399,买盘
683,14:07:25,3.99,0.0,1,399,买盘
684,14:07:27,3.99,0.0,1,399,买盘
685,14:07:31,3.99,0.0,1,399,买盘
686,14:07:34,3.99,0.0,1,399,买盘
687,14:07:37,3.99,0.0,32,12449,买盘
688,14:08:13,3.99,0.0,10,3990,卖盘
689,14:08:16,4.0,0.01,41,16400,买盘
690,14:09:10,4.0,0.0,59,23600,买盘
691,14:09:54,4.0,0.0,5,2000,买盘
692,14:09:58,4.0,0.0,1,400,买盘
693,14:10:45,4.0,0.0,67,26800,买盘
694,14:11:13,3.99,-0.01,7,2793,卖盘
695,14:11:16,4.0,0.01,25,10000,买盘
696,14:11:28,4.0,0.0,19,7600,买盘
697,14:11:33,4.0,0.0,1,400,卖盘
698,14:11:45,4.0,0.0,1,400,卖盘
699,14:12:07,4.0,0.0,28,11200,卖盘
700,14:12:45,4.0,0.0,5,2000,卖盘
701,14:13:43,4.0,0.0,5,2000,卖盘
702,14:15:04,4.0,0.0,1,400,卖盘
703,14:15:31,4.01,0.01,67,26867,买盘
704,14:16:42,4.0,-0.01,9,3600,卖盘
705,14:16:45,4.0,0.0,3,1200,卖盘
706,14:17:00,4.0,0.0,8,3200,卖盘
707,14:17:19,4.0,0.0,30,12000,卖盘
708,14:17:24,4.0,0.0,1,400,卖盘
709,14:19:09,4.0,0.0,10,4000,卖盘
710,14:19:12,4.0,0.0,111,44400,卖盘
711,14:20:04,3.99,-0.01,3,1197,卖盘
712,14:20:31,3.99,0.0,1,399,卖盘
713,14:20:37,3.99,0.0,2,798,卖盘
714,14:21:48,3.99,0.0,1,399,卖盘
715,14:22:06,3.99,0.0,27,10773,卖盘
716,14:23:04,3.99,0.0,2,798,卖盘
717,14:23:30,4.0,0.01,1,400,买盘
718,14:24:13,4.0,0.0,16,6400,买盘
719,14:24:57,4.0,0.0,15,6000,买盘
720,14:25:36,3.99,-0.01,2,798,卖盘
721,14:25:39,4.0,0.01,1,400,买盘
722,14:26:04,4.0,0.0,50,20000,买盘
723,14:26:15,4.0,0.0,1,400,买盘
724,14:26:33,3.99,-0.01,3,1199,卖盘
725,14:27:15,4.0,0.01,2,800,买盘
726,14:27:57,4.0,0.0,6,2400,买盘
727,14:28:15,4.0,0.0,2,800,买盘
728,14:28:18,4.0,0.0,1,400,买盘
729,14:28:21,4.0,0.0,1,400,买盘
730,14:28:30,4.0,0.0,1,400,买盘
731,14:28:54,3.99,-0.01,40,15960,卖盘
732,14:29:12,3.99,0.0,20,7980,卖盘
733,14:29:27,4.0,0.01,1,400,买盘
734,14:29:30,3.99,-0.01,1,399,卖盘
735,14:29:34,3.99,0.0,1,399,卖盘
736,14:31:15,4.0,0.01,67,26800,买盘
737,14:31:22,3.99,-0.01,40,15960,卖盘
738,14:31:34,3.99,0.0,128,51072,卖盘
739,14:31:46,3.98,-0.01,127,50605,卖盘
740,14:32:45,3.98,0.0,17,6766,卖盘
741,14:34:10,3.98,0.0,7,2786,卖盘
742,14:34:39,3.98,0.0,6,2388,卖盘
743,14:34:46,3.98,0.0,10,3980,卖盘
744,14:35:13,3.98,0.0,21,8358,卖盘
745,14:35:27,3.98,0.0,2,796,卖盘
746,14:35:39,3.98,0.0,35,13930,卖盘
747,14:35:48,3.99,0.01,67,26733,买盘
748,14:38:07,3.99,0.0,109,43491,买盘
749,14:40:06,3.98,-0.01,39,15522,卖盘
750,14:40:10,3.99,0.01,1,399,买盘
751,14:40:28,3.99,0.0,33,13167,买盘
752,14:41:05,3.99,0.0,11,4389,买盘
753,14:41:07,3.98,-0.01,8,3184,卖盘
754,14:41:10,3.99,0.01,10,3990,买盘
755,14:41:28,3.99,0.0,50,19950,买盘
756,14:41:37,3.99,0.0,4,1596,买盘
757,14:41:40,3.99,0.0,1,399,买盘
758,14:42:05,3.99,0.0,15,5985,买盘
759,14:43:28,3.99,0.0,20,7980,买盘
760,14:44:05,3.99,0.0,3,1197,买盘
761,14:44:07,3.98,-0.01,22,8756,卖盘
762,14:44:10,3.98,0.0,1,398,卖盘
763,14:45:10,3.99,0.01,6,2394,买盘
764,14:45:40,3.99,0.0,12,4788,买盘
765,14:46:10,3.99,0.0,10,3990,买盘
766,14:48:07,3.96,-0.03,1000,397476,卖盘
767,14:48:10,3.99,0.03,1,399,买盘
768,14:48:58,3.97,-0.02,20,7940,卖盘
769,14:49:46,3.97,0.0,10,3970,卖盘
770,14:49:58,3.97,0.0,38,15086,卖盘
771,14:50:06,3.97,0.0,28,11116,卖盘
772,14:50:16,3.97,0.0,14,5558,卖盘
773,14:51:36,3.98,0.01,4,1592,买盘
774,14:51:46,3.98,0.0,18,7164,买盘
775,14:51:55,3.98,0.0,74,29452,买盘
776,14:52:01,3.97,-0.01,87,34576,卖盘
777,14:52:34,3.98,0.01,8,3184,买盘
778,14:52:40,3.98,0.0,9,3582,买盘
779,14:52:49,3.97,-0.01,259,102823,卖盘
780,14:52:55,3.97,0.0,31,12307,卖盘
781,14:53:13,3.97,0.0,14,5558,卖盘
782,14:53:54,3.97,0.0,176,69872,卖盘
783,14:54:10,3.97,0.0,7,2779,卖盘
784,14:54:16,3.97,0.0,3,1191,买盘
785,14:54:25,3.97,0.0,9,3573,买盘
786,14:55:05,3.96,-0.01,310,122760,卖盘
787,14:55:40,3.96,0.0,40,15840,卖盘
788,14:56:13,3.97,0.01,3,1191,买盘
789,14:56:25,3.96,-0.01,28,11088,卖盘
790,14:56:30,3.97,0.01,25,9925,买盘
791,14:56:33,3.96,-0.01,2,792,卖盘
792,14:56:37,3.96,0.0,4,1584,卖盘
793,14:56:40,3.96,0.0,7,2772,卖盘
794,14:56:46,3.96,0.0,1,396,卖盘
795,14:56:49,3.96,0.0,3,1188,卖盘
796,14:56:52,3.97,0.01,43,17071,买盘
797,14:56:55,3.96,-0.01,50,19847,卖盘
798,15:00:05,3.97,0.01,242,96074,卖盘
