,time,price,change,volume,amount,type
0,09:25:05,20.13,-0.05,30,60390,卖盘
1,09:30:04,19.9,-0.23,30,59933,卖盘
2,09:30:07,19.98,0.08,36,71796,买盘
3,09:30:10,19.98,0.0,5,9990,买盘
4,09:30:13,19.98,0.0,2,3996,买盘
5,09:30:40,19.81,-0.17,49,97184,卖盘
6,09:30:43,19.95,0.14,1,1995,买盘
7,09:30:52,19.95,0.0,5,9965,买盘
8,09:30:55,19.96,0.01,16,31859,买盘
9,09:31:04,19.88,-0.08,6,11928,卖盘
10,09:31:13,19.84,-0.04,10,19852,中性盘
11,09:31:16,19.88,0.04,27,53668,卖盘
12,09:31:22,19.84,-0.04,2,3968,卖盘
13,09:31:28,19.85,0.01,1,1985,卖盘
14,09:31:34,19.88,0.03,1,1988,买盘
15,09:31:37,19.88,0.0,10,19870,买盘
16,09:31:40,19.88,0.0,1,1988,买盘
17,09:31:43,19.88,0.0,2,4672,买盘
18,09:31:58,19.89,0.01,5,9945,卖盘
19,09:32:07,19.86,-0.03,94,186012,卖盘
20,09:32:13,19.86,0.0,1,1986,买盘
21,09:32:16,19.86,0.0,5,10625,买盘
22,09:32:31,19.87,0.01,26,51662,买盘
23,09:32:34,19.83,-0.04,138,273995,卖盘
24,09:32:43,19.83,0.0,57,112377,卖盘
25,09:32:46,19.83,0.0,2,3966,买盘
26,09:32:52,19.83,0.0,3,5949,买盘
27,09:32:55,19.83,0.0,61,120869,买盘
28,09:33:01,19.83,0.0,10,19833,卖盘
29,09:33:07,19.84,0.01,9,17850,中性盘
30,09:33:10,19.84,0.0,7,13894,卖盘
31,09:33:13,19.84,0.0,1,1984,买盘
32,09:33:16,19.84,0.0,38,75372,买盘
33,09:33:22,19.86,0.02,9,17874,买盘
34,09:33:30,19.89,0.03,20,39746,买盘
35,09:33:34,19.89,0.0,11,21879,买盘
36,09:33:37,19.89,0.0,1,1989,买盘
37,09:33:40,19.86,-0.03,1,1986,买盘
38,09:33:43,19.89,0.03,18,35799,买盘
39,09:33:46,19.89,0.0,3,5967,买盘
40,09:33:49,19.89,0.0,7,13923,买盘
41,09:33:55,19.89,0.0,30,59670,买盘
42,09:33:58,19.89,0.0,16,31824,买盘
43,09:34:01,19.89,0.0,15,29810,买盘
44,09:34:16,19.9,0.01,2,3980,买盘
45,09:34:19,19.9,0.0,21,41770,买盘
46,09:34:28,19.91,0.01,1,1991,买盘
47,09:34:34,19.91,0.0,1,1991,买盘
48,09:34:49,19.91,0.0,5,9955,卖盘
49,09:34:52,19.91,0.0,1,1991,买盘
50,09:34:55,19.93,0.02,9,17935,买盘
51,09:35:04,19.93,0.0,1,1993,买盘
52,09:35:15,19.91,-0.02,7,13946,卖盘
53,09:35:24,19.9,-0.01,16,31840,卖盘
54,09:35:37,19.9,0.0,9,17910,卖盘
55,09:35:45,19.9,0.0,5,9950,卖盘
56,09:35:49,19.9,0.0,5,9950,卖盘
57,09:35:55,19.9,0.0,10,19900,买盘
58,09:35:58,19.9,0.0,2,3980,买盘
59,09:36:01,19.86,-0.04,42,83456,卖盘
60,09:36:06,19.86,0.0,20,39720,卖盘
61,09:36:13,19.85,-0.01,10,19850,卖盘
62,09:36:16,19.85,0.0,13,25808,卖盘
63,09:36:19,19.86,0.01,20,39720,买盘
64,09:36:24,19.86,0.0,14,27792,买盘
65,09:36:28,19.85,-0.01,31,61535,卖盘
66,09:36:31,19.86,0.01,2,3972,买盘
67,09:36:34,19.86,0.0,5,9930,买盘
68,09:36:37,19.86,0.0,18,35733,买盘
69,09:36:46,19.9,0.04,9,17881,买盘
70,09:36:52,19.83,-0.07,17,33716,卖盘
71,09:36:55,19.9,0.07,30,59661,买盘
72,09:36:57,19.81,-0.09,82,162467,卖盘
73,09:37:16,19.89,0.08,2,3978,买盘
74,09:37:19,19.84,-0.05,10,19850,卖盘
75,09:37:28,19.85,0.01,10,19850,买盘
76,09:37:43,19.86,0.01,1,1986,卖盘
77,09:37:49,19.9,0.04,11,21890,买盘
78,09:37:52,19.86,-0.04,4,7944,卖盘
79,09:37:54,19.9,0.04,6,11940,买盘
80,09:37:58,19.9,0.0,1,1990,买盘
81,09:38:01,19.9,0.0,13,25870,买盘
82,09:38:04,19.9,0.0,22,43780,买盘
83,09:38:25,19.92,0.02,1,1992,卖盘
84,09:38:27,19.92,0.0,1,1992,卖盘
85,09:38:30,19.89,-0.03,415,825495,卖盘
86,09:38:40,19.86,-0.03,7,13902,卖盘
87,09:38:43,19.87,0.01,1,1987,中性盘
88,09:38:46,19.89,0.02,5,9943,买盘
89,09:38:49,19.89,0.0,11,21877,买盘
90,09:38:52,19.89,0.0,5,9945,卖盘
91,09:38:54,19.89,0.0,11,21879,卖盘
92,09:38:58,19.87,-0.02,5,9935,买盘
93,09:39:01,19.86,-0.01,6,11916,卖盘
94,09:39:13,19.87,0.01,15,29796,买盘
95,09:39:19,19.87,0.0,4,7948,买盘
96,09:39:25,19.84,-0.03,21,41673,卖盘
97,09:39:34,19.83,-0.01,3,5949,卖盘
98,09:39:37,19.83,0.0,1,1983,卖盘
99,09:39:40,19.84,0.01,17,33728,买盘
100,09:39:43,19.84,0.0,9,17856,买盘
101,09:39:46,19.83,-0.01,8,15879,卖盘
102,09:39:55,19.84,0.01,5,9920,卖盘
103,09:40:07,19.84,0.0,15,29760,买盘
104,09:40:10,19.84,0.0,2,3968,中性盘
105,09:40:13,19.84,0.0,50,99200,卖盘
106,09:40:28,19.84,0.0,5,9920,卖盘
107,09:40:37,19.84,0.0,5,9920,买盘
108,09:40:52,19.84,0.0,5,9920,买盘
109,09:40:55,19.84,0.0,12,23808,买盘
110,09:41:01,19.83,-0.01,5,9918,卖盘
111,09:41:13,19.83,0.0,32,63456,卖盘
112,09:41:15,19.84,0.01,5,9920,买盘
113,09:41:19,19.83,-0.01,13,25779,卖盘
114,09:41:22,19.84,0.01,1,1984,买盘
115,09:41:31,19.84,0.0,1,1984,卖盘
116,09:41:40,19.88,0.04,2,3976,买盘
117,09:41:46,19.85,-0.03,5,9925,卖盘
118,09:42:10,19.85,0.0,6,11910,卖盘
119,09:42:19,19.86,0.01,1,1986,卖盘
120,09:42:28,19.85,-0.01,20,39708,卖盘
121,09:42:34,19.88,0.02,1,1988,买盘
122,09:42:46,19.88,0.0,1,1988,买盘
123,09:42:49,19.88,0.0,2,3976,买盘
124,09:42:52,19.88,0.0,3,5964,买盘
125,09:43:01,19.89,0.01,55,109364,买盘
126,09:43:15,19.89,0.0,11,21879,买盘
127,09:43:25,19.89,0.0,8,15912,卖盘
128,09:43:31,19.89,0.0,15,29835,买盘
129,09:43:34,19.89,0.0,3,5967,买盘
130,09:43:37,19.89,0.0,8,15912,买盘
131,09:43:58,19.89,0.0,4,7959,卖盘
132,09:44:12,19.9,0.01,10,19900,卖盘
133,09:44:16,19.94,0.04,5,9970,买盘
134,09:44:22,19.91,-0.03,3,5973,卖盘
135,09:44:28,19.93,0.02,1,1993,卖盘
136,09:44:31,19.93,0.0,1,1993,卖盘
137,09:44:46,19.93,0.0,1,1993,卖盘
138,09:44:49,19.93,0.0,1,1993,卖盘
139,09:44:52,19.94,0.01,1,1994,买盘
140,09:44:55,19.94,0.0,17,33899,买盘
141,09:44:58,19.94,0.0,1,1994,卖盘
142,09:45:01,19.94,0.0,3,5982,卖盘
143,09:45:10,19.94,0.0,30,59820,卖盘
144,09:45:13,19.95,0.01,2,3989,买盘
145,09:45:19,19.94,-0.01,5,9970,买盘
146,09:45:25,19.95,0.01,7,13965,买盘
147,09:45:40,19.96,0.01,1,1996,买盘
148,09:45:46,19.96,0.0,5,9979,买盘
149,09:45:49,19.95,-0.01,2,3990,卖盘
150,09:45:55,19.95,0.0,11,21945,买盘
151,09:46:01,19.93,-0.02,2,3986,卖盘
152,09:46:13,19.93,0.0,3,5979,卖盘
153,09:46:16,19.93,0.0,2,3986,买盘
154,09:46:28,19.92,-0.01,11,21922,卖盘
155,09:46:34,19.9,-0.02,100,199018,卖盘
156,09:47:01,19.92,0.02,5,9960,卖盘
157,09:47:04,19.9,-0.02,7,13942,卖盘
158,09:47:06,19.9,0.0,1,1990,买盘
159,09:47:16,19.9,0.0,9,17910,买盘
160,09:47:19,19.9,0.0,3,5974,卖盘
161,09:47:25,19.92,0.02,5,9960,买盘
162,09:47:34,19.92,0.0,1,1992,买盘
163,09:47:37,19.91,-0.01,1,1991,卖盘
164,09:47:46,19.91,0.0,18,35840,卖盘
165,09:47:52,19.92,0.01,3,5976,中性盘
166,09:47:58,19.93,0.01,11,21916,买盘
167,09:48:13,19.93,0.0,1,1993,买盘
168,09:48:25,19.93,0.0,2,3986,卖盘
169,09:48:28,19.95,0.02,11,21941,买盘
170,09:48:34,19.93,-0.02,4,7972,卖盘
171,09:48:37,19.93,0.0,10,19948,卖盘
172,09:48:40,19.94,0.01,1,1994,中性盘
173,09:48:43,19.94,0.0,4,7976,买盘
174,09:48:58,19.94,0.0,11,21934,买盘
175,09:49:22,19.94,0.0,29,57826,买盘
176,09:49:28,19.95,0.01,11,21944,买盘
177,09:49:34,19.94,-0.01,5,9970,卖盘
178,09:49:45,19.94,0.0,6,11964,买盘
179,09:49:52,19.99,0.05,28,55957,买盘
180,09:49:55,19.99,0.0,1,1999,卖盘
181,09:49:58,20.0,0.01,5,9999,买盘
182,09:50:01,19.99,-0.01,7,13999,卖盘
183,09:50:04,19.95,-0.04,2,3990,卖盘
184,09:50:22,19.94,-0.01,20,39881,卖盘
185,09:50:25,20.0,0.06,100,199961,买盘
186,09:50:31,19.95,-0.05,6,11970,买盘
187,09:50:43,19.99,0.04,2,3998,买盘
188,09:50:49,20.0,0.01,32,63982,买盘
189,09:50:55,19.96,-0.04,17,33932,卖盘
190,09:51:01,19.99,0.03,5,9992,买盘
191,09:51:04,19.99,0.0,12,23955,买盘
192,09:51:25,20.0,0.01,1,2000,买盘
193,09:51:31,19.99,-0.01,40,79970,卖盘
194,09:51:36,20.0,0.01,7,13997,买盘
195,09:51:40,20.0,0.0,97,194000,买盘
196,09:51:42,20.0,0.0,1,2000,卖盘
197,09:51:58,20.0,0.0,1,2000,卖盘
198,09:52:01,20.0,0.0,1,2000,卖盘
199,09:52:04,20.02,0.02,1,2002,卖盘
200,09:52:07,20.02,0.0,2,4004,卖盘
201,09:52:09,20.02,0.0,3,6006,卖盘
202,09:52:13,20.02,0.0,4,8008,卖盘
203,09:52:16,20.02,0.0,1,2002,卖盘
204,09:52:19,20.0,-0.02,2,4000,卖盘
205,09:52:31,20.0,0.0,32,64000,卖盘
206,09:52:34,20.0,0.0,10,20000,买盘
207,09:52:37,20.02,0.02,75,150121,买盘
208,09:52:40,20.02,0.0,1,2002,卖盘
209,09:53:19,20.05,0.03,10,20050,买盘
210,09:53:28,20.06,0.01,1,2006,买盘
211,09:53:34,20.07,0.01,10,20070,买盘
212,09:53:37,20.05,-0.02,13,26069,卖盘
213,09:53:39,20.06,0.01,15,30079,买盘
214,09:53:42,20.07,0.01,1,2007,买盘
215,09:53:46,20.04,-0.03,27,54140,卖盘
216,09:54:15,20.03,-0.01,1,2003,买盘
217,09:54:25,19.96,-0.07,10,19960,卖盘
218,09:54:31,20.03,0.07,13,26039,买盘
219,09:54:43,20.04,0.01,6,12024,买盘
220,09:54:46,19.98,-0.06,5,9990,卖盘
221,09:55:28,20.04,0.06,1,2004,买盘
222,09:55:34,20.03,-0.01,5,10015,中性盘
223,09:55:37,20.03,0.0,5,10015,买盘
224,09:55:46,20.03,0.0,1,2003,买盘
225,09:55:55,20.01,-0.02,42,84173,卖盘
226,09:56:10,20.01,0.0,31,62126,卖盘
227,09:56:22,20.02,0.01,3,6006,卖盘
228,09:56:43,20.04,0.02,10,20040,卖盘
229,09:56:51,20.04,0.0,4,8017,卖盘
230,09:56:54,20.04,0.0,5,10020,买盘
231,09:57:07,20.05,0.01,10,20050,买盘
232,09:57:13,20.06,0.01,32,64188,买盘
233,09:57:28,20.07,0.01,10,20070,买盘
234,09:57:34,20.04,-0.03,1,2004,卖盘
235,09:57:40,20.08,0.04,3,6024,买盘
236,09:57:43,20.06,-0.02,1,2006,卖盘
237,09:57:46,20.08,0.02,5,10040,买盘
238,09:57:58,20.07,-0.01,45,90275,买盘
239,09:58:01,20.07,0.0,5,10035,买盘
240,09:58:09,20.06,-0.01,1,2006,卖盘
241,09:58:13,20.02,-0.04,39,78100,卖盘
242,09:58:37,20.02,0.0,6,12016,卖盘
243,09:58:39,20.03,0.01,14,28062,卖盘
244,09:58:55,20.03,0.0,5,10015,卖盘
245,09:58:58,20.03,0.0,8,16024,卖盘
246,09:59:00,20.03,0.0,5,10015,买盘
247,09:59:04,20.03,0.0,3,6009,买盘
248,09:59:07,20.03,0.0,52,104156,卖盘
249,09:59:10,20.05,0.02,10,20050,买盘
250,09:59:13,20.03,-0.02,20,40060,卖盘
251,09:59:25,20.05,0.02,116,232169,买盘
252,09:59:28,20.05,0.0,15,30075,卖盘
253,09:59:42,20.03,-0.02,5,10015,卖盘
254,09:59:46,20.04,0.01,3,6012,买盘
255,09:59:49,20.03,-0.01,5,10015,卖盘
256,10:00:01,20.01,-0.02,15,30015,买盘
257,10:00:10,20.03,0.02,5,10015,买盘
258,10:00:13,20.03,0.0,5,10015,卖盘
259,10:00:19,20.01,-0.02,5,10007,卖盘
260,10:00:28,20.01,0.0,12,24012,卖盘
261,10:00:36,20.01,0.0,16,32016,卖盘
262,10:00:39,20.01,0.0,10,20010,买盘
263,10:00:43,20.0,-0.01,17,34000,卖盘
264,10:00:58,20.0,0.0,8,16001,卖盘
265,10:01:04,20.0,0.0,2,4000,卖盘
266,10:01:10,20.01,0.01,20,40011,买盘
267,10:01:13,20.0,-0.01,21,42000,卖盘
268,10:01:19,20.0,0.0,28,56000,卖盘
269,10:01:43,20.0,0.0,10,20000,买盘
270,10:01:49,19.99,-0.01,4,7996,卖盘
271,10:02:13,20.0,0.01,11,22000,买盘
272,10:02:37,20.0,0.0,5,10000,买盘
273,10:02:46,19.99,-0.01,46,91974,卖盘
274,10:03:00,19.98,-0.01,30,59940,卖盘
275,10:03:06,19.98,0.0,4,7992,卖盘
276,10:03:13,19.99,0.01,10,19990,买盘
277,10:03:31,19.99,0.0,14,27986,买盘
278,10:04:10,20.01,0.02,1,2001,卖盘
279,10:04:13,20.03,0.02,20,40040,买盘
280,10:04:16,20.03,0.0,4,8012,买盘
281,10:04:25,20.01,-0.02,15,30015,卖盘
282,10:04:46,20.03,0.02,8,16024,买盘
283,10:05:16,20.05,0.02,11,22050,买盘
284,10:05:46,20.05,0.0,9,18045,买盘
285,10:06:15,20.08,0.03,16,32113,买盘
286,10:06:25,20.07,-0.01,43,86301,卖盘
287,10:06:45,20.03,-0.04,30,60090,卖盘
288,10:06:52,20.05,0.02,10,20050,卖盘
289,10:06:55,20.05,0.0,3,6015,买盘
290,10:07:01,20.05,0.0,5,10025,买盘
291,10:07:07,20.03,-0.02,5,10015,卖盘
292,10:07:16,20.03,0.0,5,10015,买盘
293,10:07:22,20.03,0.0,1,2003,卖盘
294,10:07:49,20.05,0.02,11,22055,买盘
295,10:07:55,20.03,-0.02,2,4006,卖盘
296,10:08:01,20.03,0.0,5,10015,卖盘
297,10:08:06,20.03,0.0,29,58087,卖盘
298,10:08:43,20.02,-0.01,5,10010,卖盘
299,10:08:49,20.03,0.01,10,20030,买盘
300,10:09:04,20.02,-0.01,1,2002,卖盘
301,10:09:19,20.03,0.01,10,20030,买盘
302,10:09:22,20.02,-0.01,4,8008,卖盘
303,10:09:25,20.03,0.01,21,42047,买盘
304,10:09:34,20.02,-0.01,10,20020,卖盘
305,10:09:37,20.02,0.0,5,10010,卖盘
306,10:09:49,20.02,0.0,11,22022,买盘
307,10:09:52,20.0,-0.02,4,8000,卖盘
308,10:09:58,19.98,-0.02,11,21981,卖盘
309,10:10:16,19.95,-0.03,2,3990,卖盘
310,10:10:40,19.97,0.02,2,3994,卖盘
311,10:10:43,19.97,0.0,20,39940,卖盘
312,10:10:54,19.99,0.02,5,9995,卖盘
313,10:11:01,19.99,0.0,1,1999,卖盘
314,10:11:04,19.99,0.0,1,1999,卖盘
315,10:11:07,19.99,0.0,7,13993,卖盘
316,10:11:09,19.99,0.0,7,13993,卖盘
317,10:11:12,19.99,0.0,10,19990,卖盘
318,10:11:16,19.99,0.0,10,19990,卖盘
319,10:11:19,19.97,-0.02,14,27958,卖盘
320,10:11:22,19.99,0.02,11,21989,买盘
321,10:11:28,19.97,-0.02,50,99850,卖盘
322,10:11:30,19.97,0.0,1,1997,卖盘
323,10:11:33,19.97,0.0,13,25961,卖盘
324,10:11:37,19.97,0.0,12,23964,卖盘
325,10:11:40,19.95,-0.02,1,1995,卖盘
326,10:11:46,19.95,0.0,24,47880,卖盘
327,10:11:48,19.95,0.0,13,25935,卖盘
328,10:11:52,19.96,0.01,23,45891,买盘
329,10:12:01,19.94,-0.02,22,43868,卖盘
330,10:12:07,19.94,0.0,3,5982,卖盘
331,10:12:10,19.94,0.0,39,77766,卖盘
332,10:12:13,19.94,0.0,5,9970,买盘
333,10:12:19,19.94,0.0,40,79738,买盘
334,10:12:22,19.93,-0.01,11,21923,买盘
335,10:12:34,19.92,-0.01,13,25896,卖盘
336,10:12:36,19.92,0.0,16,31872,卖盘
337,10:12:40,19.92,0.0,8,15936,买盘
338,10:12:49,19.93,0.01,2,3985,买盘
339,10:12:52,19.92,-0.01,31,61752,卖盘
340,10:12:55,19.91,-0.01,21,41821,卖盘
341,10:13:01,19.9,-0.01,45,89550,卖盘
342,10:13:07,19.9,0.0,3,5970,卖盘
343,10:13:09,19.9,0.0,5,9950,卖盘
344,10:13:12,19.9,0.0,21,41796,卖盘
345,10:13:16,19.9,0.0,8,15920,卖盘
346,10:13:22,19.9,0.0,16,31840,买盘
347,10:13:25,19.89,-0.01,20,39780,卖盘
348,10:13:28,19.9,0.01,10,19900,买盘
349,10:13:34,19.9,0.0,9,17904,买盘
350,10:13:37,19.89,-0.01,15,29835,卖盘
351,10:13:43,19.89,0.0,16,31824,卖盘
352,10:13:49,19.89,0.0,1,1989,买盘
353,10:13:55,19.88,-0.01,110,218697,卖盘
354,10:13:58,19.9,0.02,4,7960,买盘
355,10:14:19,19.91,0.01,1,1991,买盘
356,10:14:25,19.9,-0.01,15,29861,卖盘
357,10:14:28,19.91,0.01,64,127424,买盘
358,10:14:34,19.9,-0.01,2,3980,卖盘
359,10:14:39,19.91,0.01,1,1991,买盘
360,10:14:43,19.91,0.0,50,99550,买盘
361,10:14:49,19.91,0.0,25,49775,买盘
362,10:14:52,19.9,-0.01,8,15926,卖盘
363,10:14:55,19.92,0.02,10,19920,买盘
364,10:14:58,19.91,-0.01,1,1991,卖盘
365,10:15:01,19.91,0.0,1,1991,卖盘
366,10:15:07,19.91,0.0,1,1991,卖盘
367,10:15:10,19.91,0.0,4,7966,卖盘
368,10:15:19,19.92,0.01,2,3984,买盘
369,10:15:25,19.92,0.0,11,21912,买盘
370,10:15:27,19.91,-0.01,1,1991,卖盘
371,10:15:34,19.91,0.0,20,39820,卖盘
372,10:15:37,19.93,0.02,10,19926,买盘
373,10:15:46,19.91,-0.02,47,93619,卖盘
374,10:15:55,19.91,0.0,10,19910,买盘
375,10:16:04,19.9,-0.01,13,25875,卖盘
376,10:16:15,19.88,-0.02,5,9940,卖盘
377,10:16:25,19.9,0.02,20,39800,买盘
378,10:16:33,19.88,-0.02,9,17894,卖盘
379,10:16:36,19.88,0.0,1,1988,卖盘
380,10:16:46,19.9,0.02,20,39800,卖盘
381,10:16:51,19.91,0.01,2,3982,买盘
382,10:16:58,19.91,0.0,10,19910,买盘
383,10:17:00,19.9,-0.01,6,11940,卖盘
384,10:17:12,19.9,0.0,5,9950,卖盘
385,10:17:16,19.89,-0.01,1,1989,卖盘
386,10:17:22,19.89,0.0,3,5967,卖盘
387,10:17:28,19.89,0.0,13,25855,买盘
388,10:17:31,19.89,0.0,6,11934,买盘
389,10:17:34,19.87,-0.02,50,99401,卖盘
390,10:17:46,19.87,0.0,1,1987,卖盘
391,10:17:58,19.89,0.02,1,1989,中性盘
392,10:18:10,19.89,0.0,5,9945,卖盘
393,10:18:16,19.89,0.0,3,5967,卖盘
394,10:18:19,19.89,0.0,1,1989,卖盘
395,10:18:27,19.89,0.0,11,21879,买盘
396,10:18:40,19.88,-0.01,12,23851,买盘
397,10:18:55,19.88,0.0,2,3976,卖盘
398,10:18:58,19.88,0.0,1,1988,卖盘
399,10:19:01,19.9,0.02,9,17910,买盘
400,10:19:04,19.9,0.0,1,1990,卖盘
401,10:19:18,19.88,-0.02,1,1988,卖盘
402,10:19:31,19.89,0.01,15,29834,买盘
403,10:19:40,19.89,0.0,3,5967,卖盘
404,10:19:52,19.9,0.01,10,19900,卖盘
405,10:20:00,19.9,0.0,12,23880,买盘
406,10:20:09,19.89,-0.01,34,67630,卖盘
407,10:20:16,19.89,0.0,9,17901,卖盘
408,10:20:22,19.9,0.01,2,3980,买盘
409,10:20:31,19.89,-0.01,12,23879,卖盘
410,10:20:49,19.9,0.01,6,11940,买盘
411,10:20:52,19.91,0.01,15,29859,买盘
412,10:21:01,19.93,0.02,4,7972,买盘
413,10:21:07,19.93,0.0,1,1993,卖盘
414,10:21:10,19.94,0.01,1,1994,买盘
415,10:21:22,19.93,-0.01,2,3986,卖盘
416,10:21:30,19.94,0.01,11,21934,买盘
417,10:21:54,19.95,0.01,9,17955,买盘
418,10:22:01,19.95,0.0,24,47872,买盘
419,10:22:10,19.96,0.01,11,21960,卖盘
420,10:22:31,19.95,-0.01,36,71820,卖盘
421,10:22:55,19.95,0.0,39,77879,卖盘
422,10:22:58,19.99,0.04,10,19990,买盘
423,10:23:13,19.99,0.0,2,3998,买盘
424,10:23:28,19.97,-0.02,5,9985,卖盘
425,10:23:34,19.99,0.02,4,7996,买盘
426,10:23:52,20.0,0.01,5,10000,买盘
427,10:23:54,19.99,-0.01,10,19990,卖盘
428,10:24:01,20.0,0.01,6,12000,买盘
429,10:24:04,20.02,0.02,3,6006,买盘
430,10:24:31,20.02,0.0,1,2002,卖盘
431,10:24:49,20.07,0.05,3,6021,买盘
432,10:25:10,20.06,-0.01,1,2006,卖盘
433,10:25:13,20.06,0.0,5,10030,卖盘
434,10:25:25,20.06,0.0,18,36125,卖盘
435,10:25:27,20.06,0.0,3,6018,卖盘
436,10:25:33,20.09,0.03,13,26117,买盘
437,10:25:40,20.08,-0.01,1,2008,卖盘
438,10:25:48,20.08,0.0,9,18072,卖盘
439,10:26:07,20.08,0.0,2,4016,买盘
440,10:26:19,20.08,0.0,7,14056,卖盘
441,10:26:22,20.08,0.0,5,10040,买盘
442,10:26:34,20.06,-0.02,5,10030,卖盘
443,10:26:37,20.08,0.02,11,22088,买盘
444,10:26:49,20.06,-0.02,5,10030,卖盘
445,10:26:52,20.08,0.02,19,38152,卖盘
446,10:26:55,20.09,0.01,32,64268,买盘
447,10:27:06,20.06,-0.03,10,20060,中性盘
448,10:27:25,20.04,-0.02,5,10020,卖盘
449,10:27:34,20.04,0.0,5,10020,卖盘
450,10:27:37,20.04,0.0,11,22044,买盘
451,10:27:40,20.02,-0.02,6,12012,卖盘
452,10:28:04,19.97,-0.05,1,1997,卖盘
453,10:28:37,20.0,0.03,4,8000,卖盘
454,10:28:40,20.0,0.0,16,32000,买盘
455,10:28:43,20.0,0.0,8,16000,卖盘
456,10:29:31,20.02,0.02,5,10010,卖盘
457,10:29:39,20.04,0.02,11,22043,买盘
458,10:30:07,20.02,-0.02,1,2002,卖盘
459,10:30:13,20.04,0.02,10,20040,买盘
460,10:30:16,20.02,-0.02,1,2002,卖盘
461,10:30:31,20.02,0.0,1,2002,卖盘
462,10:30:37,20.02,0.0,12,24024,卖盘
463,10:30:43,20.02,0.0,10,20038,卖盘
464,10:30:54,20.02,0.0,1,2002,卖盘
465,10:30:57,20.02,0.0,10,20020,卖盘
466,10:31:12,20.03,0.01,25,50061,买盘
467,10:31:31,20.02,-0.01,3,6006,卖盘
468,10:31:43,20.05,0.03,4,8020,买盘
469,10:31:46,20.03,-0.02,7,14033,卖盘
470,10:32:10,20.06,0.03,9,18054,买盘
471,10:32:40,20.08,0.02,2,4016,买盘
472,10:33:07,20.07,-0.01,5,10035,卖盘
473,10:33:09,20.07,0.0,1,2007,卖盘
474,10:33:13,20.09,0.02,10,20083,买盘
475,10:33:22,20.07,-0.02,8,16056,卖盘
476,10:33:33,20.07,0.0,5,10035,卖盘
477,10:33:43,20.09,0.02,11,22096,买盘
478,10:33:58,20.09,0.0,8,14322,买盘
479,10:34:07,20.09,0.0,6,12054,卖盘
480,10:34:10,20.09,0.0,4,8036,卖盘
481,10:34:16,20.1,0.01,10,20100,买盘
482,10:34:19,20.09,-0.01,3,6027,卖盘
483,10:34:22,20.09,0.0,2,5766,卖盘
484,10:34:25,20.09,0.0,8,14324,卖盘
485,10:34:30,20.09,0.0,5,10045,卖盘
486,10:34:36,20.09,0.0,29,60009,卖盘
487,10:34:55,20.09,0.0,9,18081,买盘
488,10:35:16,20.09,0.0,10,20090,买盘
489,10:35:27,20.07,-0.02,7,14049,卖盘
490,10:35:30,20.07,0.0,3,6021,卖盘
491,10:35:33,20.06,-0.01,5,10030,中性盘
492,10:35:40,20.05,-0.01,9,18045,卖盘
493,10:35:46,20.06,0.01,13,26068,买盘
494,10:35:58,20.03,-0.03,2,4006,卖盘
495,10:36:19,20.03,0.0,36,72130,卖盘
496,10:36:49,20.04,0.01,10,20040,买盘
497,10:36:57,20.03,-0.01,9,18027,卖盘
498,10:37:01,20.04,0.01,46,92183,买盘
499,10:37:43,20.06,0.02,8,16048,卖盘
500,10:37:49,20.08,0.02,4,8026,买盘
501,10:38:01,20.08,0.0,3,6024,卖盘
502,10:38:18,20.09,0.01,10,20090,买盘
503,10:38:48,20.05,-0.04,20,40158,卖盘
504,10:39:01,20.09,0.04,17,32402,买盘
505,10:39:10,20.09,0.0,10,20090,卖盘
506,10:39:19,20.1,0.01,5,10050,买盘
507,10:39:22,20.1,0.0,5,10050,买盘
508,10:39:24,20.1,0.0,6,12060,买盘
509,10:39:34,20.11,0.01,9,18099,买盘
510,10:39:37,20.11,0.0,14,28154,买盘
511,10:39:39,20.12,0.01,4,8048,买盘
512,10:39:45,20.12,0.0,105,211260,买盘
513,10:39:48,20.11,-0.01,38,76456,卖盘
514,10:39:52,20.13,0.02,11,22143,卖盘
515,10:39:58,20.15,0.02,12,24180,买盘
516,10:40:13,20.16,0.01,7,14112,买盘
517,10:40:22,20.17,0.01,8,16133,买盘
518,10:40:36,20.18,0.01,10,20180,买盘
519,10:40:39,20.17,-0.01,9,18153,卖盘
520,10:40:43,20.17,0.0,5,10085,卖盘
521,10:40:46,20.17,0.0,1,2017,卖盘
522,10:40:52,20.18,0.01,15,30277,买盘
523,10:40:55,20.18,0.0,1,2018,卖盘
524,10:41:10,20.19,0.01,27,54511,买盘
525,10:41:22,20.19,0.0,10,20190,买盘
526,10:41:40,20.18,-0.01,15,30280,卖盘
527,10:41:43,20.18,0.0,32,64576,卖盘
528,10:41:46,20.18,0.0,9,18162,卖盘
529,10:41:49,20.18,0.0,11,22188,买盘
530,10:41:52,20.19,0.01,9,18171,买盘
531,10:42:01,20.2,0.01,20,40400,买盘
532,10:42:04,20.2,0.0,2,4040,买盘
533,10:42:07,20.2,0.0,10,20200,买盘
534,10:42:10,20.2,0.0,13,26260,买盘
535,10:42:15,20.2,0.0,13,26260,买盘
536,10:42:19,20.2,0.0,1,2020,卖盘
537,10:42:25,20.22,0.02,5,10110,买盘
538,10:42:28,20.22,0.0,1,2022,卖盘
539,10:42:31,20.22,0.0,4,8088,卖盘
540,10:42:33,20.22,0.0,2,4044,买盘
541,10:42:36,20.23,0.01,25,50574,买盘
542,10:42:40,20.25,0.02,8,16197,买盘
543,10:42:46,20.23,-0.02,54,109338,卖盘
544,10:42:52,20.23,0.0,6,12138,买盘
545,10:42:54,20.22,-0.01,13,26286,买盘
546,10:42:57,20.22,0.0,3,6066,买盘
547,10:43:04,20.23,0.01,5,10112,买盘
548,10:43:07,20.22,-0.01,7,14154,卖盘
549,10:43:09,20.23,0.01,3,6068,买盘
550,10:43:19,20.22,-0.01,1,2022,中性盘
551,10:43:25,20.22,0.0,2,4044,买盘
552,10:43:34,20.22,0.0,3,6066,卖盘
553,10:43:37,20.22,0.0,7,14154,卖盘
554,10:43:45,20.23,0.01,8,16177,买盘
555,10:43:55,20.22,-0.01,5,10110,买盘
556,10:44:01,20.22,0.0,5,10110,卖盘
557,10:44:25,20.22,0.0,9,18198,买盘
558,10:44:31,20.2,-0.02,10,20200,卖盘
559,10:44:34,20.2,0.0,26,52520,卖盘
560,10:44:55,20.2,0.0,21,42420,买盘
561,10:45:19,20.15,-0.05,29,58466,卖盘
562,10:45:22,20.15,0.0,5,10075,买盘
563,10:45:28,20.13,-0.02,14,28202,卖盘
564,10:45:40,20.13,0.0,1,2013,卖盘
565,10:45:58,20.15,0.02,6,12090,买盘
566,10:46:22,20.2,0.05,2,4040,买盘
567,10:46:48,20.2,0.0,3,6060,买盘
568,10:46:58,20.19,-0.01,10,20190,买盘
569,10:47:00,20.19,0.0,10,20190,买盘
570,10:47:04,20.19,0.0,9,18171,买盘
571,10:47:15,20.19,0.0,18,36342,卖盘
572,10:47:22,20.19,0.0,5,10095,卖盘
573,10:47:28,20.2,0.01,9,18179,买盘
574,10:47:31,20.19,-0.01,12,24232,卖盘
575,10:47:36,20.21,0.02,4,8084,卖盘
576,10:47:42,20.23,0.02,163,329727,买盘
577,10:47:58,20.25,0.02,19,38475,买盘
578,10:48:09,20.3,0.05,75,152167,买盘
579,10:48:12,20.25,-0.05,11,22279,卖盘
580,10:48:21,20.26,0.01,4,8104,卖盘
581,10:48:31,20.28,0.02,6,12168,买盘
582,10:48:43,20.3,0.02,6,12180,买盘
583,10:48:46,20.32,0.02,2,4064,买盘
584,10:49:00,20.35,0.03,10,20345,买盘
585,10:49:07,20.33,-0.02,2,4066,卖盘
586,10:49:10,20.32,-0.01,7,14229,卖盘
587,10:49:13,20.32,0.0,19,38613,中性盘
588,10:49:16,20.32,0.0,6,12192,卖盘
589,10:49:19,20.3,-0.02,16,32502,卖盘
590,10:49:24,20.3,0.0,1,2030,卖盘
591,10:49:34,20.32,0.02,15,30458,买盘
592,10:49:40,20.28,-0.04,4,8112,卖盘
593,10:49:48,20.28,0.0,5,10140,买盘
594,10:49:55,20.28,0.0,27,54756,买盘
595,10:50:01,20.28,0.0,9,18252,买盘
596,10:50:04,20.28,0.0,83,168132,买盘
597,10:50:10,20.28,0.0,2,4056,买盘
598,10:50:22,20.28,0.0,2,4056,卖盘
599,10:50:34,20.28,0.0,14,28392,买盘
600,10:50:52,20.28,0.0,23,46639,买盘
601,10:50:55,20.28,0.0,6,12168,买盘
602,10:51:01,20.3,0.02,11,22320,买盘
603,10:51:34,20.3,0.0,10,20299,买盘
604,10:51:39,20.29,-0.01,10,20290,买盘
605,10:51:45,20.3,0.01,26,52780,买盘
606,10:51:52,20.31,0.01,2,4062,买盘
607,10:51:54,20.3,-0.01,6,12180,卖盘
608,10:51:57,20.31,0.01,6,12186,买盘
609,10:52:01,20.31,0.0,5,10155,买盘
610,10:52:04,20.32,0.01,10,20319,买盘
611,10:52:19,20.32,0.0,4,8128,买盘
612,10:52:22,20.32,0.0,6,12192,买盘
613,10:52:24,20.31,-0.01,16,32496,卖盘
614,10:52:31,20.32,0.01,9,18288,买盘
615,10:52:34,20.33,0.01,10,20330,买盘
616,10:52:49,20.33,0.0,15,30495,买盘
617,10:52:58,20.32,-0.01,4,8128,卖盘
618,10:53:01,20.32,0.0,30,60960,卖盘
619,10:53:04,20.33,0.01,13,26426,买盘
620,10:53:06,20.32,-0.01,2,4064,卖盘
621,10:53:19,20.32,0.0,2,4064,买盘
622,10:53:25,20.31,-0.01,14,28447,卖盘
623,10:53:28,20.29,-0.02,1,2029,卖盘
624,10:53:31,20.31,0.02,3,6093,买盘
625,10:53:33,20.31,0.0,10,20310,买盘
626,10:53:49,20.29,-0.02,6,12184,卖盘
627,10:54:04,20.27,-0.02,22,44594,卖盘
628,10:54:15,20.27,0.0,6,12162,买盘
629,10:54:37,20.28,0.01,10,20280,买盘
630,10:54:39,20.29,0.01,29,58827,买盘
631,10:55:07,20.31,0.02,9,18278,买盘
632,10:55:19,20.3,-0.01,5,10150,买盘
633,10:55:25,20.3,0.0,5,10150,买盘
634,10:55:37,20.31,0.01,12,24365,买盘
635,10:56:00,20.31,0.0,1,2031,买盘
636,10:56:07,20.31,0.0,10,20310,买盘
637,10:56:09,20.3,-0.01,15,30450,卖盘
638,10:56:13,20.31,0.01,43,87333,买盘
639,10:56:15,20.3,-0.01,2,4060,卖盘
640,10:56:37,20.3,0.0,5,10150,卖盘
641,10:56:40,20.3,0.0,12,24370,卖盘
642,10:56:46,20.31,0.01,1,2031,买盘
643,10:56:58,20.31,0.0,2,4062,卖盘
644,10:57:04,20.31,0.0,36,73116,卖盘
645,10:57:10,20.31,0.0,10,20319,卖盘
646,10:57:16,20.31,0.0,4,8124,卖盘
647,10:57:19,20.31,0.0,16,32496,卖盘
648,10:57:22,20.31,0.0,10,20310,卖盘
649,10:57:24,20.31,0.0,12,24372,买盘
650,10:57:37,20.31,0.0,16,32496,卖盘
651,10:57:39,20.32,0.01,11,22352,买盘
652,10:57:46,20.31,-0.01,1,2031,卖盘
653,10:57:51,20.31,0.0,2,4062,卖盘
654,10:58:01,20.29,-0.02,6,12174,卖盘
655,10:58:10,20.31,0.02,9,18279,买盘
656,10:58:34,20.31,0.0,1,2031,卖盘
657,10:58:39,20.31,0.0,10,20310,买盘
658,10:59:10,20.31,0.0,14,28429,买盘
659,10:59:19,20.3,-0.01,35,71070,卖盘
660,10:59:22,20.3,0.0,10,20300,卖盘
661,10:59:28,20.31,0.01,7,14217,买盘
662,10:59:39,20.32,0.01,23,46703,买盘
663,11:00:00,20.29,-0.03,10,20290,卖盘
664,11:00:04,20.29,0.0,4,8116,卖盘
665,11:00:09,20.32,0.03,30,60918,买盘
666,11:00:21,20.23,-0.09,29,58723,卖盘
667,11:00:31,20.23,0.0,10,20230,买盘
668,11:00:39,20.22,-0.01,11,22242,卖盘
669,11:00:43,20.22,0.0,10,20220,买盘
670,11:01:13,20.22,0.0,11,22242,买盘
671,11:01:16,20.22,0.0,10,20220,买盘
672,11:01:21,20.22,0.0,3,6066,买盘
673,11:01:43,20.23,0.01,2,4046,买盘
674,11:02:39,20.26,0.03,7,14182,卖盘
675,11:02:55,20.28,0.02,1,2028,卖盘
676,11:03:00,20.28,0.0,6,12168,卖盘
677,11:03:04,20.26,-0.02,38,77058,卖盘
678,11:03:16,20.26,0.0,4,8104,买盘
679,11:03:22,20.26,0.0,1,2026,卖盘
680,11:03:45,20.26,0.0,16,32436,卖盘
681,11:03:55,20.29,0.03,12,24348,买盘
682,11:04:16,20.31,0.02,11,22336,买盘
683,11:04:28,20.31,0.0,10,20310,买盘
684,11:04:46,20.31,0.0,9,18279,买盘
685,11:05:15,20.3,-0.01,61,123779,买盘
686,11:05:42,20.29,-0.01,1,2029,买盘
687,11:05:46,20.24,-0.05,1,2024,卖盘
688,11:06:00,20.26,0.02,3,6078,卖盘
689,11:06:04,20.26,0.0,8,16208,卖盘
690,11:06:09,20.25,-0.01,1,2025,买盘
691,11:06:18,20.25,0.0,10,20250,买盘
692,11:06:30,20.24,-0.01,1,2024,卖盘
693,11:06:46,20.24,0.0,17,34408,卖盘
694,11:06:49,20.25,0.01,3,6075,买盘
695,11:07:13,20.26,0.01,17,34463,卖盘
696,11:07:22,20.26,0.0,17,34464,卖盘
697,11:07:48,20.29,0.03,9,18261,买盘
698,11:08:01,20.28,-0.01,10,20280,卖盘
699,11:08:31,20.24,-0.04,41,82984,卖盘
700,11:08:52,20.24,0.0,11,22264,买盘
701,11:09:22,20.24,0.0,15,30358,买盘
702,11:09:34,20.23,-0.01,1,2023,买盘
703,11:09:49,20.22,-0.01,6,12132,卖盘
704,11:09:52,20.23,0.01,10,20228,买盘
705,11:09:55,20.21,-0.02,1,2021,卖盘
706,11:10:01,20.22,0.01,1,2022,中性盘
707,11:10:04,20.21,-0.01,2,4042,卖盘
708,11:10:21,20.21,0.0,3,6063,买盘
709,11:10:25,20.22,0.01,12,24264,卖盘
710,11:10:51,20.23,0.01,9,18199,买盘
711,11:11:21,20.23,0.0,5,10115,买盘
712,11:11:24,20.21,-0.02,13,26283,卖盘
713,11:11:42,20.21,0.0,5,10105,卖盘
714,11:12:16,20.23,0.02,7,14161,卖盘
715,11:12:22,20.23,0.0,13,26299,卖盘
716,11:12:24,20.24,0.01,10,20240,买盘
717,11:12:54,20.24,0.0,10,20240,买盘
718,11:13:01,20.23,-0.01,14,28322,卖盘
719,11:13:07,20.2,-0.03,4,8080,卖盘
720,11:13:10,20.19,-0.01,4,8079,卖盘
721,11:13:16,20.2,0.01,1,2020,卖盘
722,11:13:22,20.2,0.0,1,2020,卖盘
723,11:13:28,20.2,0.0,40,80822,卖盘
724,11:13:34,20.19,-0.01,1,2019,卖盘
725,11:13:40,20.18,-0.01,3,6054,卖盘
726,11:13:55,20.2,0.02,9,18179,买盘
727,11:13:58,20.18,-0.02,2,4036,卖盘
728,11:14:16,20.17,-0.01,21,42357,卖盘
729,11:14:25,20.18,0.01,10,20180,中性盘
730,11:14:27,20.16,-0.02,1,2016,卖盘
731,11:14:33,20.16,0.0,8,16128,卖盘
732,11:14:36,20.12,-0.04,5,10060,卖盘
733,11:14:55,20.12,0.0,5,10060,买盘
734,11:14:58,20.12,0.0,11,22132,买盘
735,11:15:04,20.1,-0.02,20,40210,卖盘
736,11:15:06,20.1,0.0,14,28140,卖盘
737,11:15:10,20.12,0.02,9,18108,买盘
738,11:15:31,20.1,-0.02,1,2010,卖盘
739,11:15:33,20.11,0.01,5,10055,买盘
740,11:15:58,20.12,0.01,10,20120,买盘
741,11:16:16,20.1,-0.02,19,38204,卖盘
742,11:16:22,20.12,0.02,15,30180,买盘
743,11:16:25,20.1,-0.02,52,104530,卖盘
744,11:16:28,20.1,0.0,12,24120,买盘
745,11:16:57,20.1,0.0,10,20100,买盘
746,11:17:16,20.08,-0.02,2,4016,卖盘
747,11:17:19,20.1,0.02,10,20100,买盘
748,11:17:27,20.1,0.0,11,22110,买盘
749,11:18:01,20.1,0.0,10,20100,买盘
750,11:18:10,20.1,0.0,5,10050,买盘
751,11:18:15,20.1,0.0,53,106530,买盘
752,11:18:19,20.1,0.0,10,20100,买盘
753,11:18:22,20.09,-0.01,3,6028,卖盘
754,11:18:24,20.1,0.01,1,2010,买盘
755,11:18:27,20.1,0.0,11,22110,买盘
756,11:18:30,20.1,0.0,4,8040,买盘
757,11:18:37,20.11,0.01,1,2011,卖盘
758,11:18:58,20.11,0.0,13,26143,卖盘
759,11:19:00,20.12,0.01,11,22125,买盘
760,11:19:04,20.12,0.0,1,2012,买盘
761,11:19:30,20.12,0.0,10,20120,买盘
762,11:19:40,20.1,-0.02,50,100544,卖盘
763,11:19:46,20.1,0.0,1,2010,卖盘
764,11:20:00,20.12,0.02,10,20120,买盘
765,11:20:07,20.1,-0.02,1,2010,卖盘
766,11:20:30,20.12,0.02,11,22132,买盘
767,11:20:49,20.12,0.0,14,28168,卖盘
768,11:21:37,20.17,0.05,1,2017,卖盘
769,11:21:39,20.17,0.0,1,2017,卖盘
770,11:21:48,20.17,0.0,8,16136,卖盘
771,11:22:04,20.17,0.0,10,20170,买盘
772,11:22:07,20.14,-0.03,23,46335,卖盘
773,11:22:12,20.13,-0.01,1,2013,卖盘
774,11:22:33,20.14,0.01,5,10070,买盘
775,11:22:36,20.14,0.0,5,10070,买盘
776,11:23:04,20.14,0.0,14,28196,买盘
777,11:23:06,20.14,0.0,8,16112,买盘
778,11:23:13,20.17,0.03,25,50425,买盘
779,11:23:19,20.15,-0.02,32,64480,卖盘
780,11:23:22,20.14,-0.01,21,42295,卖盘
781,11:23:27,20.14,0.0,20,40280,买盘
782,11:23:30,20.14,0.0,48,96672,买盘
783,11:23:33,20.08,-0.06,57,114578,卖盘
784,11:23:37,20.08,0.0,11,22088,买盘
785,11:23:40,20.08,0.0,1,2008,买盘
786,11:23:43,20.08,0.0,32,64256,买盘
787,11:24:10,20.1,0.02,5,10050,卖盘
788,11:24:46,20.12,0.02,10,20120,卖盘
789,11:24:57,20.14,0.02,25,50318,买盘
790,11:25:21,20.13,-0.01,11,22143,卖盘
791,11:25:36,20.14,0.01,10,20140,买盘
792,11:26:06,20.14,0.0,9,18126,买盘
793,11:26:24,20.12,-0.02,25,50300,卖盘
794,11:26:37,20.12,0.0,11,22132,买盘
795,11:27:10,20.12,0.0,10,20120,买盘
796,11:27:13,20.11,-0.01,5,10055,卖盘
797,11:27:27,20.1,-0.01,16,32160,卖盘
798,11:27:40,20.08,-0.02,23,46192,卖盘
799,11:28:10,20.08,0.0,10,20080,买盘
800,11:28:28,20.08,0.0,38,76304,买盘
801,11:28:30,20.08,0.0,3,6024,买盘
802,11:28:40,20.08,0.01,10,20080,买盘
803,11:29:09,20.08,0.0,5,10040,买盘
804,13:00:04,20.1,0.02,16,32150,买盘
805,13:00:07,20.1,0.0,8,16080,卖盘
806,13:00:12,20.12,0.02,10,20113,买盘
807,13:00:42,20.12,0.0,10,20120,买盘
808,13:00:54,20.12,0.0,1,2012,买盘
809,13:01:00,20.12,0.0,32,64384,买盘
810,13:01:06,20.11,-0.01,32,64352,卖盘
811,13:01:12,20.12,0.01,10,20120,买盘
812,13:01:42,20.11,-0.01,5,10055,买盘
813,13:01:46,20.12,0.01,6,12072,买盘
814,13:01:51,20.1,-0.02,36,72360,卖盘
815,13:02:00,20.1,0.0,13,26130,买盘
816,13:02:07,20.1,0.0,20,40200,买盘
817,13:02:12,20.1,0.0,5,10050,买盘
818,13:02:16,20.08,-0.02,6,12058,卖盘
819,13:02:39,20.09,0.01,5,10045,中性盘
820,13:02:45,20.09,0.0,40,80360,买盘
821,13:03:15,20.09,0.0,11,22099,买盘
822,13:03:21,20.09,0.0,16,32138,买盘
823,13:03:33,20.08,-0.01,47,94376,卖盘
824,13:03:45,20.08,0.0,10,20080,买盘
825,13:04:04,20.08,0.0,5,10040,买盘
826,13:04:06,20.07,-0.01,10,20070,卖盘
827,13:04:15,20.08,0.01,10,20080,买盘
828,13:04:45,20.08,0.0,10,20080,买盘
829,13:04:51,20.05,-0.03,34,66509,卖盘
830,13:05:19,20.05,0.0,10,20050,买盘
831,13:05:27,20.05,0.0,7,14035,买盘
832,13:05:36,20.04,-0.01,17,34068,卖盘
833,13:06:01,20.04,0.0,8,16032,卖盘
834,13:06:04,20.05,0.01,7,14035,买盘
835,13:06:18,20.05,0.0,10,20050,买盘
836,13:06:30,20.05,0.0,3,6015,买盘
837,13:06:40,20.04,-0.01,20,40080,卖盘
838,13:06:48,20.05,0.01,10,20050,买盘
839,13:06:51,20.04,-0.01,14,28056,卖盘
840,13:07:19,20.04,0.0,11,22044,买盘
841,13:07:49,20.04,0.0,10,20040,买盘
842,13:08:15,20.04,0.0,2,4008,买盘
843,13:08:21,20.04,0.0,10,20040,买盘
844,13:08:42,20.04,0.0,5,10020,买盘
845,13:08:51,20.04,0.0,11,22044,买盘
846,13:09:12,20.04,0.0,93,186372,买盘
847,13:09:21,20.05,0.01,10,20050,买盘
848,13:09:51,20.05,0.0,11,22055,买盘
849,13:10:25,20.06,0.01,9,18048,买盘
850,13:10:54,20.06,0.0,10,20060,买盘
851,13:11:25,20.06,0.0,10,21745,买盘
852,13:11:55,20.08,0.02,10,20080,买盘
853,13:12:24,20.06,-0.02,42,82587,卖盘
854,13:12:55,20.06,0.0,4,9709,买盘
855,13:12:58,20.06,0.0,2,4012,卖盘
856,13:13:24,20.08,0.02,10,20080,买盘
857,13:13:30,20.06,-0.02,1,2006,卖盘
858,13:13:54,20.08,0.02,11,22088,买盘
859,13:14:07,20.08,0.0,1,2008,买盘
860,13:14:10,20.08,0.0,2,4016,买盘
861,13:14:15,20.06,-0.02,1,1384,卖盘
862,13:14:27,20.08,0.02,10,20080,买盘
863,13:14:33,20.06,-0.02,39,77171,卖盘
864,13:14:57,20.06,0.0,10,20060,买盘
865,13:15:28,20.06,0.0,11,22066,买盘
866,13:15:37,20.04,-0.02,44,88176,卖盘
867,13:15:58,20.04,0.0,9,18036,买盘
868,13:16:04,20.02,-0.02,9,18025,卖盘
869,13:16:31,20.04,0.02,10,20040,买盘
870,13:16:49,20.02,-0.02,41,82082,卖盘
871,13:17:00,20.02,0.0,16,32054,卖盘
872,13:17:10,20.02,0.0,4,8008,卖盘
873,13:17:16,20.02,0.0,6,12012,卖盘
874,13:17:31,20.02,0.0,1,2002,卖盘
875,13:18:10,20.04,0.02,17,34060,买盘
876,13:19:16,20.05,0.01,7,14035,卖盘
877,13:19:24,20.05,0.0,5,10025,卖盘
878,13:19:30,20.05,0.0,15,30075,卖盘
879,13:19:33,20.06,0.01,29,58174,买盘
880,13:19:37,20.06,0.0,2,4012,买盘
881,13:19:40,20.06,0.0,12,24067,买盘
882,13:19:46,20.05,-0.01,10,20050,卖盘
883,13:20:09,20.05,0.0,9,18045,买盘
884,13:20:40,20.04,-0.01,1,2004,卖盘
885,13:20:43,20.05,0.01,8,16040,买盘
886,13:20:52,20.05,0.0,108,216540,买盘
887,13:21:42,20.05,0.0,4,8020,买盘
888,13:22:13,20.06,0.01,9,18054,买盘
889,13:22:33,20.05,-0.01,1,2005,卖盘
890,13:22:42,20.06,0.01,2,5075,买盘
891,13:23:12,20.07,0.01,8,16056,买盘
892,13:23:28,20.07,0.0,12,24084,买盘
893,13:23:45,20.07,0.0,8,16056,买盘
894,13:23:49,20.09,0.02,31,62259,买盘
895,13:24:15,20.09,0.0,1,2009,买盘
896,13:24:36,20.08,-0.01,44,88356,卖盘
897,13:25:15,20.08,0.0,8,16064,买盘
898,13:25:34,20.08,0.0,3,6024,卖盘
899,13:25:45,20.09,0.01,7,14063,买盘
900,13:25:48,20.09,0.0,12,24108,买盘
901,13:26:15,20.12,0.03,10,20120,买盘
902,13:26:49,20.11,-0.01,8,16088,中性盘
903,13:26:52,20.11,0.0,1,2011,卖盘
904,13:27:31,20.11,0.0,1,2011,卖盘
905,13:27:34,20.15,0.04,23,46306,买盘
906,13:27:37,20.15,0.0,2,4030,卖盘
907,13:27:39,20.15,0.0,1,2015,卖盘
908,13:27:42,20.15,0.0,1,2015,卖盘
909,13:27:46,20.15,0.0,1,2015,卖盘
910,13:27:49,20.15,0.0,1,2015,卖盘
911,13:27:52,20.16,0.01,1,2016,卖盘
912,13:27:54,20.16,0.0,1,2016,卖盘
913,13:27:57,20.16,0.0,2,4032,卖盘
914,13:28:00,20.16,0.0,1,2016,卖盘
915,13:28:04,20.16,0.0,1,2016,卖盘
916,13:28:06,20.16,0.0,1,2016,卖盘
917,13:28:09,20.16,0.0,1,2016,卖盘
918,13:28:19,20.17,0.01,6,12102,买盘
919,13:28:36,20.17,0.0,6,12102,买盘
920,13:29:21,20.19,0.02,1,2019,买盘
921,13:29:39,20.2,0.01,13,26260,买盘
922,13:30:00,20.24,0.04,7,14168,买盘
923,13:30:07,20.27,0.03,32,64832,买盘
924,13:30:19,20.26,-0.01,3,6078,买盘
925,13:30:22,20.26,0.0,4,8104,买盘
926,13:30:28,20.22,-0.04,5,10114,卖盘
927,13:30:33,20.27,0.05,1,2027,买盘
928,13:30:43,20.27,0.0,5,10135,买盘
929,13:30:52,20.27,0.0,8,16216,买盘
930,13:31:07,20.26,-0.01,7,14185,卖盘
931,13:31:09,20.26,0.0,2,4052,买盘
932,13:31:16,20.23,-0.03,3,6069,卖盘
933,13:31:28,20.22,-0.01,91,184084,卖盘
934,13:31:42,20.21,-0.01,5,10105,卖盘
935,13:31:52,20.22,0.01,19,38408,买盘
936,13:32:16,20.21,-0.01,25,50525,卖盘
937,13:32:22,20.2,-0.01,40,80800,卖盘
938,13:32:31,20.19,-0.01,6,12114,卖盘
939,13:32:34,20.18,-0.01,1,2018,卖盘
940,13:32:40,20.18,0.0,1,2018,卖盘
941,13:32:43,20.18,0.0,1,2018,卖盘
942,13:32:46,20.18,0.0,6,12108,卖盘
943,13:32:54,20.18,0.0,8,16144,买盘
944,13:33:07,20.18,0.0,1,2018,卖盘
945,13:33:15,20.16,-0.02,25,50447,卖盘
946,13:34:10,20.13,-0.03,5,10065,卖盘
947,13:34:31,20.14,0.01,1,2014,卖盘
948,13:34:34,20.13,-0.01,23,46305,卖盘
949,13:34:40,20.14,0.01,10,20140,卖盘
950,13:35:16,20.16,0.02,7,14108,买盘
951,13:35:25,20.17,0.01,7,14119,买盘
952,13:35:58,20.17,0.0,7,14119,买盘
953,13:36:24,20.17,0.0,9,18153,卖盘
954,13:36:27,20.18,0.01,7,14126,买盘
955,13:36:46,20.17,-0.01,1,2017,卖盘
956,13:36:58,20.17,0.0,4,8065,买盘
957,13:37:19,20.17,0.0,4,8068,卖盘
958,13:37:27,20.18,0.01,3,6054,买盘
959,13:37:30,20.18,0.0,3,6054,买盘
960,13:37:48,20.18,0.0,8,16144,买盘
961,13:38:01,20.18,0.0,9,18162,买盘
962,13:38:28,20.18,0.0,1,2018,买盘
963,13:38:31,20.18,0.0,7,14126,买盘
964,13:39:15,20.18,0.0,9,18162,卖盘
965,13:39:18,20.18,0.0,6,12108,买盘
966,13:39:28,20.18,0.0,23,46414,卖盘
967,13:39:31,20.19,0.01,6,12114,买盘
968,13:39:51,20.18,-0.01,11,22208,卖盘
969,13:40:01,20.18,0.0,9,18162,买盘
970,13:40:19,20.17,-0.01,15,30255,卖盘
971,13:40:25,20.17,0.0,2,4034,卖盘
972,13:40:34,20.17,0.0,25,50432,卖盘
973,13:41:10,20.16,-0.01,9,18144,卖盘
974,13:41:30,20.15,-0.01,40,80600,卖盘
975,13:41:51,20.12,-0.03,1,2012,卖盘
976,13:41:58,20.12,0.0,6,12072,卖盘
977,13:43:06,20.15,0.03,3,6045,买盘
978,13:43:33,20.15,0.0,16,32240,卖盘
979,13:43:37,20.15,0.0,30,60450,买盘
980,13:43:46,20.15,0.0,1,2015,买盘
981,13:43:48,20.15,0.0,5,10075,买盘
982,13:44:05,20.14,-0.01,1,2014,卖盘
983,13:44:07,20.16,0.02,3,6048,买盘
984,13:44:22,20.16,0.0,10,20160,买盘
985,13:44:31,20.16,0.0,3,6048,买盘
986,13:44:36,20.16,0.0,7,14112,买盘
987,13:45:06,20.16,0.0,39,78592,买盘
988,13:45:19,20.16,0.0,16,32256,买盘
989,13:45:43,20.14,-0.02,1,2014,卖盘
990,13:46:00,20.14,0.0,34,68476,卖盘
991,13:46:13,20.15,0.01,2,4030,卖盘
992,13:46:25,20.15,0.0,11,22165,卖盘
993,13:46:37,20.16,0.01,6,12096,买盘
994,13:46:58,20.15,-0.01,3,6045,卖盘
995,13:47:01,20.15,0.0,1,2015,卖盘
996,13:47:04,20.15,0.0,1,2015,卖盘
997,13:47:09,20.16,0.01,42,84672,买盘
998,13:47:30,20.16,0.0,23,46368,卖盘
999,13:48:28,20.18,0.02,1,2018,卖盘
1000,13:48:39,20.19,0.01,6,12114,买盘
1001,13:48:55,20.19,0.0,9,18170,买盘
1002,13:48:57,20.19,0.0,21,42399,买盘
1003,13:49:10,20.19,0.0,9,18171,买盘
1004,13:49:31,20.19,0.0,1,2019,买盘
1005,13:49:40,20.19,0.0,18,36320,买盘
1006,13:49:42,20.19,0.0,1,2019,买盘
1007,13:49:46,20.19,0.0,1,2019,卖盘
1008,13:50:13,20.2,0.01,4,8080,买盘
1009,13:50:25,20.2,0.0,1,2020,卖盘
1010,13:50:34,20.2,0.0,8,16160,卖盘
1011,13:50:37,20.2,0.0,1,2020,卖盘
1012,13:50:49,20.21,0.01,3,6063,卖盘
1013,13:50:52,20.21,0.0,2,4042,卖盘
1014,13:50:58,20.2,-0.01,4,8081,卖盘
1015,13:51:07,20.22,0.02,2,4044,中性盘
1016,13:51:13,20.23,0.01,1,2023,中性盘
1017,13:51:16,20.23,0.0,1,2023,卖盘
1018,13:51:30,20.23,0.0,1,2023,卖盘
1019,13:51:43,20.24,0.01,4,8096,买盘
1020,13:52:04,20.24,0.0,1,2024,卖盘
1021,13:52:07,20.24,0.0,8,16192,卖盘
1022,13:52:10,20.24,0.0,4,8096,卖盘
1023,13:52:12,20.25,0.01,9,18225,买盘
1024,13:52:21,20.24,-0.01,1,2024,卖盘
1025,13:52:24,20.24,0.0,1,2024,卖盘
1026,13:52:31,20.25,0.01,1,2025,买盘
1027,13:52:36,20.24,-0.01,1,2024,卖盘
1028,13:52:43,20.25,0.01,6,12150,买盘
1029,13:52:45,20.22,-0.03,50,101158,卖盘
1030,13:52:49,20.24,0.02,15,30360,买盘
1031,13:52:52,20.24,0.0,1,2024,卖盘
1032,13:53:01,20.24,0.0,2,4048,卖盘
1033,13:53:04,20.24,0.0,30,60720,卖盘
1034,13:53:18,20.23,-0.01,7,14163,卖盘
1035,13:53:45,20.24,0.01,7,14168,买盘
1036,13:53:55,20.23,-0.01,1,2023,卖盘
1037,13:54:04,20.23,0.0,1,2023,卖盘
1038,13:54:10,20.23,0.0,4,8095,卖盘
1039,13:54:15,20.24,0.01,9,18216,买盘
1040,13:54:19,20.23,-0.01,10,20230,卖盘
1041,13:54:28,20.23,0.0,10,20230,卖盘
1042,13:54:34,20.23,0.0,11,22253,卖盘
1043,13:54:40,20.22,-0.01,1,2022,卖盘
1044,13:54:45,20.23,0.01,6,12138,买盘
1045,13:55:19,20.22,-0.01,17,34383,卖盘
1046,13:55:28,20.25,0.03,20,40492,买盘
1047,13:55:45,20.23,-0.02,4,8092,买盘
1048,13:55:48,20.23,0.0,12,24276,买盘
1049,13:56:07,20.23,0.0,1,2023,中性盘
1050,13:56:13,20.22,-0.01,3,6066,卖盘
1051,13:56:49,20.24,0.02,6,12144,买盘
1052,13:57:09,20.23,-0.01,9,18207,卖盘
1053,13:57:13,20.2,-0.03,1,2020,卖盘
1054,13:57:19,20.19,-0.01,22,44440,卖盘
1055,13:57:28,20.19,0.0,3,6057,卖盘
1056,13:57:34,20.19,0.0,1,2019,卖盘
1057,13:57:36,20.19,0.0,3,6057,卖盘
1058,13:57:39,20.19,0.0,1,2019,卖盘
1059,13:57:45,20.19,0.0,4,8076,卖盘
1060,13:57:49,20.2,0.01,32,64640,买盘
1061,13:57:57,20.2,0.0,19,38380,卖盘
1062,13:58:00,20.2,0.0,16,32320,买盘
1063,13:58:04,20.21,0.01,9,18189,买盘
1064,13:58:07,20.2,-0.01,51,103020,卖盘
1065,13:58:13,20.2,0.0,16,32320,卖盘
1066,13:58:19,20.2,0.0,9,18180,买盘
1067,13:58:31,20.16,-0.04,10,20175,卖盘
1068,13:59:01,20.19,0.03,1,2019,买盘
1069,13:59:06,20.17,-0.02,1,2017,卖盘
1070,13:59:52,20.17,0.0,38,76683,卖盘
1071,14:00:16,20.2,0.03,1,2020,买盘
1072,14:00:28,20.2,0.0,25,50500,买盘
1073,14:00:37,20.19,-0.01,3,6057,买盘
1074,14:00:52,20.19,0.0,2,4038,买盘
1075,14:00:58,20.19,0.0,1,2019,卖盘
1076,14:01:04,20.19,0.0,9,18171,卖盘
1077,14:01:07,20.18,-0.01,23,46414,卖盘
1078,14:01:25,20.19,0.01,9,18171,买盘
1079,14:01:31,20.18,-0.01,1,2018,卖盘
1080,14:01:55,20.19,0.01,7,14133,买盘
1081,14:02:10,20.2,0.01,15,30290,买盘
1082,14:02:43,20.2,0.0,3,6060,买盘
1083,14:02:54,20.2,0.0,6,12120,买盘
1084,14:03:01,20.2,0.0,14,28280,买盘
1085,14:03:24,20.2,0.0,9,18180,买盘
1086,14:03:27,20.19,-0.01,10,20190,卖盘
1087,14:03:55,20.2,0.01,7,14140,买盘
1088,14:04:01,20.2,0.0,14,28280,买盘
1089,14:04:06,20.19,-0.01,10,20190,卖盘
1090,14:04:09,20.18,-0.01,23,46417,卖盘
1091,14:04:25,20.19,0.01,37,74650,买盘
1092,14:04:28,20.19,0.0,4,8076,买盘
1093,14:05:22,20.19,0.0,3,6057,买盘
1094,14:05:49,20.19,0.0,27,54513,买盘
1095,14:05:55,20.2,0.01,14,28276,买盘
1096,14:06:25,20.2,0.0,10,20200,买盘
1097,14:06:28,20.2,0.0,9,18180,买盘
1098,14:06:42,20.2,0.0,12,24240,买盘
1099,14:06:49,20.2,0.0,14,28280,买盘
1100,14:06:58,20.2,0.0,6,12120,买盘
1101,14:07:04,20.2,0.0,2,4040,买盘
1102,14:07:10,20.2,0.0,12,24240,买盘
1103,14:07:13,20.2,0.0,3,6060,买盘
1104,14:07:25,20.2,0.0,1,2020,卖盘
1105,14:07:28,20.21,0.01,6,12126,买盘
1106,14:07:31,20.21,0.0,11,22231,买盘
1107,14:07:34,20.21,0.0,1,2021,买盘
1108,14:07:46,20.2,-0.01,1,2020,卖盘
1109,14:07:51,20.21,0.01,1,2021,买盘
1110,14:07:58,20.21,0.0,14,28294,买盘
1111,14:08:01,20.21,0.0,107,216247,买盘
1112,14:08:04,20.22,0.01,33,66726,买盘
1113,14:08:06,20.23,0.01,12,24273,买盘
1114,14:08:09,20.23,0.0,12,24276,买盘
1115,14:08:12,20.24,0.01,22,44516,买盘
1116,14:08:15,20.24,0.0,6,12144,买盘
1117,14:08:19,20.24,0.0,9,18216,买盘
1118,14:08:22,20.25,0.01,10,20245,买盘
1119,14:08:25,20.24,-0.01,9,18216,买盘
1120,14:08:28,20.25,0.01,16,32389,买盘
1121,14:08:31,20.29,0.04,105,212671,买盘
1122,14:08:34,20.3,0.01,16,32480,买盘
1123,14:08:37,20.3,0.0,3,6090,买盘
1124,14:08:39,20.3,0.0,6,12180,买盘
1125,14:08:43,20.3,0.0,7,14210,买盘
1126,14:08:46,20.3,0.0,33,66990,买盘
1127,14:08:49,20.3,0.0,8,16240,买盘
1128,14:08:52,20.3,0.0,1,2030,卖盘
1129,14:08:58,20.31,0.01,130,263961,买盘
1130,14:09:01,20.31,0.0,6,12186,买盘
1131,14:09:13,20.3,-0.01,7,14210,卖盘
1132,14:09:16,20.3,0.0,3,6092,卖盘
1133,14:09:19,20.3,0.0,17,34510,卖盘
1134,14:09:21,20.32,0.02,2,4062,买盘
1135,14:09:24,20.3,-0.02,1,2030,卖盘
1136,14:09:30,20.32,0.02,4,8128,买盘
1137,14:09:40,20.32,0.0,10,20320,买盘
1138,14:09:43,20.31,-0.01,1,2031,卖盘
1139,14:09:52,20.32,0.01,10,20320,买盘
1140,14:09:55,20.31,-0.01,5,10155,卖盘
1141,14:09:58,20.31,0.0,10,20310,卖盘
1142,14:10:01,20.32,0.01,7,14224,买盘
1143,14:10:04,20.32,0.0,5,10160,买盘
1144,14:10:31,20.32,0.0,79,160521,买盘
1145,14:10:34,20.32,0.0,22,44704,买盘
1146,14:10:40,20.31,-0.01,2,4063,卖盘
1147,14:10:49,20.33,0.02,55,111784,买盘
1148,14:10:52,20.3,-0.03,11,22350,卖盘
1149,14:11:10,20.31,0.01,4,8124,卖盘
1150,14:11:15,20.31,0.0,1,2031,卖盘
1151,14:11:22,20.31,0.0,2,4062,卖盘
1152,14:11:25,20.31,0.0,5,10155,卖盘
1153,14:11:34,20.32,0.01,5,10160,买盘
1154,14:11:37,20.32,0.0,4,8128,买盘
1155,14:11:46,20.33,0.01,50,101603,买盘
1156,14:11:49,20.33,0.0,32,65056,买盘
1157,14:11:57,20.33,0.0,3,6099,卖盘
1158,14:12:04,20.33,0.0,13,26436,卖盘
1159,14:12:09,20.33,0.0,1,2033,卖盘
1160,14:12:16,20.33,0.0,5,10165,卖盘
1161,14:12:25,20.33,0.0,10,20330,买盘
1162,14:12:31,20.31,-0.02,1,2031,卖盘
1163,14:12:46,20.32,0.01,5,10160,卖盘
1164,14:12:49,20.32,0.0,1,2032,卖盘
1165,14:12:52,20.32,0.0,1,2032,卖盘
1166,14:12:55,20.32,0.0,2,4064,卖盘
1167,14:12:57,20.32,0.0,4,8128,卖盘
1168,14:13:00,20.32,0.0,9,18288,卖盘
1169,14:13:04,20.33,0.01,4,8131,买盘
1170,14:13:06,20.33,0.0,3,6099,买盘
1171,14:13:19,20.31,-0.02,1,1401,卖盘
1172,14:13:27,20.31,0.0,5,10785,卖盘
1173,14:13:34,20.29,-0.02,16,32477,卖盘
1174,14:13:36,20.3,0.01,11,22339,卖盘
1175,14:13:39,20.31,0.01,10,20310,买盘
1176,14:13:46,20.3,-0.01,1,2030,卖盘
1177,14:13:49,20.3,0.0,10,20300,卖盘
1178,14:13:55,20.3,0.0,1,2030,卖盘
1179,14:14:15,20.27,-0.03,1,2027,卖盘
1180,14:14:22,20.28,0.01,2,4056,卖盘
1181,14:14:28,20.28,0.0,5,10140,卖盘
1182,14:14:51,20.29,0.01,1,2029,卖盘
1183,14:14:58,20.3,0.01,2,4060,买盘
1184,14:15:10,20.3,0.0,3,6090,卖盘
1185,14:15:13,20.3,0.0,1,2030,卖盘
1186,14:15:21,20.31,0.01,8,16248,买盘
1187,14:15:37,20.31,0.0,3,5463,买盘
1188,14:15:40,20.31,0.0,5,10155,卖盘
1189,14:15:48,20.31,0.0,1,2661,卖盘
1190,14:16:01,20.3,-0.01,3,6090,卖盘
1191,14:16:04,20.31,0.01,10,20310,买盘
1192,14:16:07,20.31,0.0,3,6093,买盘
1193,14:16:09,20.31,0.0,4,8124,买盘
1194,14:16:13,20.3,-0.01,5,10150,卖盘
1195,14:16:22,20.3,0.0,8,16240,卖盘
1196,14:16:34,20.29,-0.01,1,2029,卖盘
1197,14:16:40,20.3,0.01,2,4060,买盘
1198,14:16:57,20.3,0.0,5,10150,卖盘
1199,14:17:01,20.3,0.0,1,2030,卖盘
1200,14:17:10,20.31,0.01,6,12186,买盘
1201,14:17:19,20.3,-0.01,10,20300,卖盘
1202,14:17:24,20.3,0.0,2,4060,卖盘
1203,14:17:31,20.32,0.02,15,30469,买盘
1204,14:17:36,20.3,-0.02,12,24360,卖盘
1205,14:17:55,20.31,0.01,11,22341,卖盘
1206,14:18:15,20.3,-0.01,1,2030,卖盘
1207,14:18:21,20.3,0.0,5,10150,卖盘
1208,14:18:27,20.3,0.0,1,2030,卖盘
1209,14:18:31,20.3,0.0,2,4060,卖盘
1210,14:18:34,20.3,0.0,33,67020,卖盘
1211,14:18:40,20.31,0.01,5,10155,中性盘
1212,14:18:43,20.28,-0.03,32,64932,卖盘
1213,14:18:46,20.28,0.0,1,2028,卖盘
1214,14:18:57,20.28,0.0,1,2028,卖盘
1215,14:19:28,20.29,0.01,1,2029,卖盘
1216,14:19:37,20.29,0.0,3,6087,卖盘
1217,14:19:43,20.3,0.01,9,18270,买盘
1218,14:20:04,20.29,-0.01,17,34493,卖盘
1219,14:20:13,20.29,0.0,7,14203,买盘
1220,14:20:19,20.28,-0.01,1,2028,卖盘
1221,14:20:28,20.28,0.0,1,2028,卖盘
1222,14:20:37,20.28,0.0,22,44616,卖盘
1223,14:20:43,20.28,0.0,9,18252,买盘
1224,14:20:54,20.27,-0.01,7,14189,卖盘
1225,14:21:01,20.26,-0.01,20,40532,卖盘
1226,14:21:21,20.27,0.01,1,2027,卖盘
1227,14:21:43,20.28,0.01,9,18252,买盘
1228,14:21:46,20.27,-0.01,8,16216,卖盘
1229,14:22:04,20.26,-0.01,20,40531,卖盘
1230,14:22:16,20.26,0.0,8,16215,卖盘
1231,14:22:37,20.26,0.0,3,6078,卖盘
1232,14:22:43,20.26,0.0,1,2026,卖盘
1233,14:22:45,20.27,0.01,9,18243,买盘
1234,14:22:55,20.26,-0.01,10,20260,卖盘
1235,14:23:04,20.26,0.0,5,10130,卖盘
1236,14:23:16,20.27,0.01,6,12162,买盘
1237,14:23:18,20.26,-0.01,1,2026,卖盘
1238,14:23:22,20.25,-0.01,4,8101,卖盘
1239,14:23:43,20.24,-0.01,36,72864,卖盘
1240,14:23:46,20.25,0.01,9,18225,买盘
1241,14:23:55,20.25,0.0,32,64798,买盘
1242,14:24:15,20.25,0.0,7,14175,买盘
1243,14:24:31,20.25,0.0,3,6075,买盘
1244,14:24:33,20.25,0.0,2,4050,买盘
1245,14:24:36,20.27,0.02,7,14181,买盘
1246,14:24:49,20.27,0.0,20,40529,买盘
1247,14:24:57,20.27,0.0,20,40540,买盘
1248,14:25:01,20.28,0.01,35,70974,买盘
1249,14:25:16,20.28,0.0,46,93288,买盘
1250,14:25:22,20.28,0.0,16,32448,买盘
1251,14:25:31,20.28,0.0,3,6084,买盘
1252,14:25:36,20.28,0.0,2,4056,买盘
1253,14:25:46,20.27,-0.01,3,6081,卖盘
1254,14:25:49,20.28,0.01,9,18252,买盘
1255,14:26:00,20.28,0.0,1,2028,买盘
1256,14:26:04,20.27,-0.01,1,2027,卖盘
1257,14:26:15,20.28,0.01,3,6084,买盘
1258,14:26:19,20.28,0.0,7,14196,买盘
1259,14:26:21,20.28,0.0,15,30420,买盘
1260,14:26:24,20.27,-0.01,2,4054,卖盘
1261,14:26:28,20.27,0.0,1,2027,卖盘
1262,14:26:33,20.28,0.01,11,22308,买盘
1263,14:26:43,20.25,-0.03,9,18241,卖盘
1264,14:27:01,20.25,0.0,4,8100,卖盘
1265,14:27:12,20.25,0.0,19,38475,卖盘
1266,14:27:52,20.26,0.01,2,4052,买盘
1267,14:27:57,20.27,0.01,9,18243,买盘
1268,14:28:19,20.27,0.0,43,87125,买盘
1269,14:28:31,20.26,-0.01,1,2026,卖盘
1270,14:28:52,20.26,0.0,10,20268,卖盘
1271,14:29:10,20.26,0.0,49,99274,卖盘
1272,14:29:22,20.27,0.01,7,14189,买盘
1273,14:29:52,20.27,0.0,9,18243,买盘
1274,14:29:55,20.27,0.0,7,14189,买盘
1275,14:30:22,20.28,0.01,7,14196,买盘
1276,14:30:30,20.28,0.0,273,553641,买盘
1277,14:30:36,20.28,0.0,102,206856,买盘
1278,14:30:39,20.28,0.0,19,38532,买盘
1279,14:30:42,20.28,0.0,33,66924,买盘
1280,14:30:46,20.28,0.0,33,66924,买盘
1281,14:30:49,20.28,0.0,13,26364,买盘
1282,14:30:51,20.28,0.0,51,103389,买盘
1283,14:30:55,20.26,-0.02,186,377048,卖盘
1284,14:30:58,20.28,0.02,2,4056,买盘
1285,14:31:01,20.28,0.0,1,2028,买盘
1286,14:31:07,20.31,0.03,108,219149,买盘
1287,14:31:10,20.31,0.0,56,113736,卖盘
1288,14:31:19,20.32,0.01,2,4064,买盘
1289,14:31:22,20.32,0.0,5,10160,买盘
1290,14:31:31,20.32,0.0,10,20320,买盘
1291,14:31:34,20.31,-0.01,1,2031,卖盘
1292,14:31:43,20.32,0.01,14,28448,买盘
1293,14:31:49,20.32,0.0,8,16256,买盘
1294,14:31:52,20.32,0.0,2,4064,买盘
1295,14:31:55,20.34,0.02,15,30496,买盘
1296,14:32:16,20.34,0.0,14,28476,买盘
1297,14:32:19,20.34,0.0,8,16272,买盘
1298,14:32:36,20.32,-0.02,2,4064,卖盘
1299,14:32:43,20.33,0.01,12,24396,买盘
1300,14:32:51,20.32,-0.01,2,4064,卖盘
1301,14:33:00,20.32,0.0,9,18288,卖盘
1302,14:33:16,20.32,0.0,3,6096,卖盘
1303,14:33:19,20.32,0.0,1,2032,卖盘
1304,14:33:22,20.32,0.0,3,6096,卖盘
1305,14:33:28,20.31,-0.01,5,10155,卖盘
1306,14:33:31,20.31,0.0,20,40620,卖盘
1307,14:33:40,20.31,0.0,1,2031,卖盘
1308,14:33:46,20.31,0.0,51,103581,卖盘
1309,14:33:49,20.31,0.0,30,60930,卖盘
1310,14:33:52,20.31,0.0,17,34527,卖盘
1311,14:33:55,20.31,0.0,53,107643,卖盘
1312,14:33:58,20.31,0.0,27,54837,卖盘
1313,14:34:00,20.31,0.0,15,30465,卖盘
1314,14:34:04,20.31,0.0,19,38589,卖盘
1315,14:34:10,20.31,0.0,4,8124,卖盘
1316,14:34:13,20.31,0.0,52,105612,卖盘
1317,14:34:16,20.31,0.0,24,48744,卖盘
1318,14:34:34,20.26,-0.05,10,20260,卖盘
1319,14:34:43,20.29,0.03,13,26377,买盘
1320,14:34:55,20.29,0.0,2,4058,卖盘
1321,14:34:58,20.29,0.0,1,2029,卖盘
1322,14:35:04,20.29,0.0,13,26377,卖盘
1323,14:35:31,20.24,-0.05,6,12144,卖盘
1324,14:35:40,20.24,0.0,5,10120,卖盘
1325,14:35:51,20.27,0.03,5,10126,买盘
1326,14:36:18,20.24,-0.03,5,10120,卖盘
1327,14:36:24,20.24,0.0,10,20240,卖盘
1328,14:36:43,20.24,0.0,2,4048,卖盘
1329,14:37:00,20.24,0.0,1,2024,卖盘
1330,14:37:07,20.24,0.0,5,10120,卖盘
1331,14:37:13,20.27,0.03,17,34459,买盘
1332,14:37:15,20.27,0.0,22,44594,买盘
1333,14:37:49,20.29,0.02,1,2029,买盘
1334,14:37:57,20.29,0.0,20,40580,买盘
1335,14:38:01,20.27,-0.02,1,2027,卖盘
1336,14:38:03,20.29,0.02,20,40580,买盘
1337,14:38:07,20.3,0.01,120,243468,买盘
1338,14:38:16,20.3,0.0,13,26390,买盘
1339,14:38:31,20.27,-0.03,36,73062,卖盘
1340,14:38:40,20.3,0.03,3,6090,卖盘
1341,14:38:46,20.3,0.0,2,4060,卖盘
1342,14:38:49,20.3,0.0,5,10150,卖盘
1343,14:38:57,20.27,-0.03,5,10135,卖盘
1344,14:39:06,20.27,0.0,4,8108,卖盘
1345,14:39:52,20.27,0.0,2,4054,卖盘
1346,14:40:06,20.28,0.01,10,20280,卖盘
1347,14:40:22,20.29,0.01,6,12174,卖盘
1348,14:40:28,20.3,0.01,16,32480,买盘
1349,14:40:30,20.3,0.0,29,58870,买盘
1350,14:40:46,20.29,-0.01,2,4058,卖盘
1351,14:40:49,20.3,0.01,1,2030,买盘
1352,14:40:58,20.3,0.0,2,4060,买盘
1353,14:41:07,20.3,0.0,20,40600,卖盘
1354,14:41:13,20.31,0.01,8,16248,买盘
1355,14:41:19,20.31,0.0,10,20310,买盘
1356,14:41:22,20.3,-0.01,1,2030,卖盘
1357,14:41:31,20.3,0.0,5,10150,卖盘
1358,14:41:34,20.31,0.01,5,10151,买盘
1359,14:41:40,20.29,-0.02,1,2029,卖盘
1360,14:41:43,20.31,0.02,8,16248,买盘
1361,14:41:55,20.31,0.0,17,34527,卖盘
1362,14:42:04,20.31,0.0,5,10155,卖盘
1363,14:42:10,20.3,-0.01,1,2030,卖盘
1364,14:42:22,20.3,0.0,1,2030,卖盘
1365,14:42:25,20.3,0.0,5,10150,卖盘
1366,14:42:55,20.31,0.01,15,30465,买盘
1367,14:43:01,20.32,0.01,14,28446,买盘
1368,14:43:10,20.31,-0.01,1,2031,买盘
1369,14:43:15,20.3,-0.01,5,10150,卖盘
1370,14:43:22,20.3,0.0,28,56840,卖盘
1371,14:43:31,20.3,0.0,25,50750,卖盘
1372,14:43:34,20.3,0.0,11,22330,卖盘
1373,14:43:52,20.3,0.0,1,2030,卖盘
1374,14:43:55,20.3,0.0,5,10150,卖盘
1375,14:43:58,20.3,0.0,1,2030,卖盘
1376,14:44:01,20.3,0.0,12,24360,卖盘
1377,14:44:04,20.3,0.0,1,2030,卖盘
1378,14:44:07,20.3,0.0,51,103530,卖盘
1379,14:44:10,20.3,0.0,2,4060,买盘
1380,14:44:13,20.3,0.0,2,4060,卖盘
1381,14:44:19,20.31,0.01,2,4062,买盘
1382,14:44:21,20.3,-0.01,2,4060,卖盘
1383,14:44:27,20.31,0.01,1,2031,买盘
1384,14:44:34,20.3,-0.01,7,14210,卖盘
1385,14:44:40,20.3,0.0,8,16240,买盘
1386,14:44:52,20.3,0.0,2,4060,买盘
1387,14:45:13,20.3,0.0,24,48720,买盘
1388,14:45:16,20.3,0.0,1,2030,卖盘
1389,14:45:19,20.3,0.0,20,40600,卖盘
1390,14:45:22,20.3,0.0,5,10150,卖盘
1391,14:45:27,20.31,0.01,7,14217,买盘
1392,14:45:30,20.31,0.0,18,36558,买盘
1393,14:45:39,20.31,0.0,2,4062,卖盘
1394,14:45:43,20.32,0.01,8,16251,买盘
1395,14:45:46,20.32,0.0,3,6096,买盘
1396,14:45:49,20.32,0.0,2,4064,买盘
1397,14:45:52,20.32,0.0,37,75184,买盘
1398,14:45:58,20.33,0.01,19,38627,买盘
1399,14:46:01,20.33,0.0,20,40660,买盘
1400,14:46:04,20.33,0.0,13,26429,买盘
1401,14:46:10,20.32,-0.01,23,46754,卖盘
1402,14:46:13,20.33,0.01,13,26429,买盘
1403,14:46:16,20.33,0.0,4,8132,买盘
1404,14:46:19,20.34,0.01,13,26442,买盘
1405,14:46:22,20.33,-0.01,35,71188,卖盘
1406,14:46:27,20.34,0.01,9,18305,买盘
1407,14:46:33,20.34,0.0,55,111870,买盘
1408,14:46:37,20.33,-0.01,5,10165,卖盘
1409,14:46:40,20.35,0.02,11,22383,买盘
1410,14:46:43,20.35,0.0,100,203500,买盘
1411,14:46:46,20.35,0.0,36,73260,买盘
1412,14:46:49,20.35,0.0,11,22384,买盘
1413,14:46:52,20.35,0.0,74,150590,买盘
1414,14:46:55,20.35,0.0,22,44770,买盘
1415,14:46:57,20.35,0.0,6,11884,买盘
1416,14:47:04,20.35,0.0,3,6105,卖盘
1417,14:47:07,20.35,0.0,21,43061,卖盘
1418,14:47:10,20.36,0.01,14,28490,买盘
1419,14:47:13,20.35,-0.01,1,2035,中性盘
1420,14:47:16,20.36,0.01,24,48535,买盘
1421,14:47:19,20.37,0.01,1,2037,买盘
1422,14:47:22,20.36,-0.01,5,10180,卖盘
1423,14:47:25,20.39,0.03,51,104263,买盘
1424,14:47:27,20.36,-0.03,9,18324,中性盘
1425,14:47:34,20.36,0.0,1,2036,卖盘
1426,14:47:37,20.35,-0.01,25,50880,卖盘
1427,14:47:43,20.36,0.01,4,8144,卖盘
1428,14:47:48,20.4,0.04,132,269133,买盘
1429,14:47:58,20.39,-0.01,8,16308,中性盘
1430,14:48:01,20.4,0.01,8,16320,买盘
1431,14:48:04,20.39,-0.01,49,99959,卖盘
1432,14:48:07,20.39,0.0,92,187331,卖盘
1433,14:48:10,20.4,0.01,12,24480,中性盘
1434,14:48:13,20.41,0.01,8,16328,买盘
1435,14:48:16,20.44,0.03,37,75523,买盘
1436,14:48:21,20.44,0.0,30,61299,买盘
1437,14:48:24,20.4,-0.04,3,6123,卖盘
1438,14:48:31,20.45,0.05,59,120623,买盘
1439,14:48:34,20.43,-0.02,15,30640,买盘
1440,14:48:37,20.43,0.0,23,46987,买盘
1441,14:48:43,20.43,0.0,2,4083,买盘
1442,14:48:46,20.44,0.01,20,40865,买盘
1443,14:48:48,20.43,-0.01,46,94031,买盘
1444,14:48:51,20.45,0.02,81,165509,买盘
1445,14:48:55,20.45,0.0,6,12270,买盘
1446,14:48:57,20.44,-0.01,5,10220,中性盘
1447,14:49:01,20.44,0.0,25,51100,买盘
1448,14:49:04,20.43,-0.01,2,4086,卖盘
1449,14:49:07,20.43,0.0,11,22473,卖盘
1450,14:49:13,20.42,-0.01,4,8168,卖盘
1451,14:49:16,20.42,0.0,17,34714,卖盘
1452,14:49:19,20.4,-0.02,1,2040,卖盘
1453,14:49:25,20.4,0.0,18,36736,卖盘
1454,14:49:28,20.4,0.0,23,46920,卖盘
1455,14:49:31,20.41,0.01,2,4082,卖盘
1456,14:49:37,20.4,-0.01,17,34680,买盘
1457,14:49:43,20.4,0.0,20,40800,卖盘
1458,14:49:45,20.4,0.0,3,6120,卖盘
1459,14:49:49,20.4,0.0,15,30600,卖盘
1460,14:49:51,20.4,0.0,5,10200,卖盘
1461,14:49:55,20.4,0.0,10,20400,卖盘
1462,14:49:58,20.4,0.0,1,2040,卖盘
1463,14:50:01,20.4,0.0,7,14280,卖盘
1464,14:50:04,20.4,0.0,20,40800,卖盘
1465,14:50:07,20.4,0.0,2,4080,卖盘
1466,14:50:16,20.4,0.0,46,93840,买盘
1467,14:50:22,20.41,0.01,38,77546,买盘
1468,14:50:25,20.41,0.0,5,10205,卖盘
1469,14:50:27,20.41,0.0,10,20410,卖盘
1470,14:50:31,20.41,0.0,3,6123,卖盘
1471,14:50:34,20.42,0.01,1,2042,买盘
1472,14:50:40,20.42,0.0,10,20420,买盘
1473,14:50:46,20.41,-0.01,6,12251,卖盘
1474,14:50:52,20.42,0.01,10,20417,买盘
1475,14:51:04,20.42,0.0,39,79635,买盘
1476,14:51:07,20.42,0.0,5,10210,卖盘
1477,14:51:10,20.42,0.0,8,16336,卖盘
1478,14:51:15,20.42,0.0,20,40840,卖盘
1479,14:51:22,20.42,0.0,17,34714,卖盘
1480,14:51:28,20.43,0.01,37,75584,买盘
1481,14:51:34,20.42,-0.01,15,30630,买盘
1482,14:51:43,20.43,0.01,8,16340,买盘
1483,14:51:46,20.43,0.0,6,12257,买盘
1484,14:51:49,20.42,-0.01,5,10210,卖盘
1485,14:51:52,20.42,0.0,30,61260,卖盘
1486,14:51:57,20.42,0.0,5,10210,买盘
1487,14:52:04,20.43,0.01,22,44938,买盘
1488,14:52:21,20.41,-0.02,20,40820,买盘
1489,14:52:28,20.41,0.0,2,4081,买盘
1490,14:52:37,20.4,-0.01,12,24480,卖盘
1491,14:52:43,20.39,-0.01,16,32636,卖盘
1492,14:52:55,20.39,0.0,30,61517,卖盘
1493,14:52:58,20.39,0.0,2,4078,买盘
1494,14:53:04,20.38,-0.01,20,40760,卖盘
1495,14:53:09,20.39,0.01,10,20390,买盘
1496,14:53:16,20.39,0.0,38,77455,买盘
1497,14:53:19,20.38,-0.01,4,8152,卖盘
1498,14:53:31,20.38,0.0,9,18342,卖盘
1499,14:53:37,20.38,0.0,5,10190,买盘
1500,14:53:40,20.38,0.0,1,2038,卖盘
1501,14:53:52,20.38,0.0,1,2038,卖盘
1502,14:53:55,20.38,0.0,29,59102,卖盘
1503,14:53:58,20.38,0.0,7,14266,卖盘
1504,14:54:01,20.39,0.01,30,61170,买盘
1505,14:54:04,20.38,-0.01,2,4076,卖盘
1506,14:54:13,20.38,0.0,20,40760,卖盘
1507,14:54:19,20.39,0.01,3,6117,买盘
1508,14:54:22,20.37,-0.02,10,20372,卖盘
1509,14:54:28,20.37,0.0,2,4075,卖盘
1510,14:54:31,20.38,0.01,7,13920,买盘
1511,14:54:43,20.38,0.0,10,20380,卖盘
1512,14:54:46,20.38,0.0,10,20380,卖盘
1513,14:54:49,20.38,0.0,2,4076,卖盘
1514,14:54:55,20.38,0.0,7,14266,卖盘
1515,14:55:01,20.38,0.0,5,10190,卖盘
1516,14:55:07,20.39,0.01,20,40780,买盘
1517,14:55:10,20.38,-0.01,62,126728,卖盘
1518,14:55:13,20.38,0.0,4,7806,买盘
1519,14:55:16,20.38,0.0,2,4076,卖盘
1520,14:55:18,20.38,0.0,1,2038,卖盘
1521,14:55:22,20.39,0.01,3,6116,买盘
1522,14:55:25,20.38,-0.01,50,101900,卖盘
1523,14:55:28,20.38,0.0,52,106277,卖盘
1524,14:55:31,20.37,-0.01,4,8148,卖盘
1525,14:55:43,20.38,0.01,13,26148,买盘
1526,14:55:48,20.39,0.01,14,28542,买盘
1527,14:56:04,20.39,0.0,21,42819,买盘
1528,14:56:10,20.39,0.0,14,28546,买盘
1529,14:56:16,20.38,-0.01,1,2038,卖盘
1530,14:56:22,20.38,0.0,27,55050,卖盘
1531,14:56:25,20.39,0.01,21,42802,买盘
1532,14:56:28,20.38,-0.01,2,4422,卖盘
1533,14:56:37,20.37,-0.01,105,213885,卖盘
1534,14:56:49,20.37,0.0,214,435918,卖盘
1535,14:56:55,20.37,0.0,25,50925,卖盘
1536,14:56:58,20.37,0.0,7,14259,卖盘
1537,15:00:05,20.38,0.01,431,878378,卖盘
