,time,price,change,volume,amount,type
0,09:30:04,10.45,-0.01,2,2090,买盘
1,09:30:06,10.46,0.01,9,9414,买盘
2,09:30:12,10.5,0.04,6,6300,买盘
3,09:30:24,10.53,0.03,13,13689,买盘
4,09:30:42,10.49,-0.04,1,1049,卖盘
5,09:30:54,10.5,0.01,12,12600,买盘
6,09:31:06,10.51,0.01,12,12610,买盘
7,09:31:09,10.51,0.0,2,2102,买盘
8,09:31:27,10.52,0.01,5,5260,买盘
9,09:31:39,10.52,0.0,4,4207,买盘
10,09:31:42,10.52,0.0,27,28404,买盘
11,09:31:48,10.52,0.0,17,17884,买盘
12,09:31:51,10.52,0.0,1,1052,卖盘
13,09:31:57,10.51,-0.01,1,1051,卖盘
14,09:32:00,10.52,0.01,7,7359,买盘
15,09:32:04,10.51,-0.01,4,4204,卖盘
16,09:32:06,10.51,0.0,17,17867,卖盘
17,09:32:09,10.52,0.01,51,53604,买盘
18,09:32:12,10.53,0.01,159,167262,买盘
19,09:32:15,10.53,0.0,20,21060,卖盘
20,09:32:18,10.53,0.0,19,20007,卖盘
21,09:32:21,10.54,0.01,70,73754,买盘
22,09:32:30,10.53,-0.01,6,6318,卖盘
23,09:32:33,10.53,0.0,4,4214,卖盘
24,09:32:36,10.53,0.0,3,3310,卖盘
25,09:32:40,10.53,0.0,1,1053,卖盘
26,09:32:42,10.54,0.01,1,1054,卖盘
27,09:32:45,10.54,0.0,1,1054,卖盘
28,09:32:48,10.55,0.01,34,35869,买盘
29,09:32:51,10.55,0.0,23,24265,卖盘
30,09:32:54,10.55,0.0,1,1055,卖盘
31,09:32:57,10.55,0.0,1,1055,卖盘
32,09:33:01,10.56,0.01,2,2111,买盘
33,09:33:04,10.56,0.0,9,9499,买盘
34,09:33:06,10.55,-0.01,12,12660,卖盘
35,09:33:09,10.56,0.01,27,28504,买盘
36,09:33:15,10.55,-0.01,1,1055,卖盘
37,09:33:18,10.55,0.0,7,7385,卖盘
38,09:33:21,10.55,0.0,22,23227,卖盘
39,09:33:24,10.55,0.0,2,2110,卖盘
40,09:33:27,10.54,-0.01,48,50606,卖盘
41,09:33:30,10.53,-0.01,13,13689,卖盘
42,09:33:42,10.5,-0.03,10,10504,卖盘
43,09:33:48,10.51,0.01,6,6306,买盘
44,09:33:51,10.51,0.0,1,1051,卖盘
45,09:33:54,10.51,0.0,2,2102,卖盘
46,09:34:00,10.52,0.01,4,4208,中性盘
47,09:34:06,10.53,0.01,11,11583,买盘
48,09:34:09,10.53,0.0,36,37905,卖盘
49,09:34:15,10.53,0.0,35,36849,买盘
50,09:34:25,10.53,0.0,10,10528,买盘
51,09:34:27,10.51,-0.02,5,5255,卖盘
52,09:34:39,10.52,0.01,3,3156,中性盘
53,09:34:45,10.52,0.0,1,1052,买盘
54,09:34:48,10.51,-0.01,19,19983,卖盘
55,09:35:18,10.51,0.0,41,43112,卖盘
56,09:35:33,10.5,-0.01,18,18900,卖盘
57,09:35:42,10.49,-0.01,5,5246,卖盘
58,09:35:45,10.49,0.0,7,7343,卖盘
59,09:35:48,10.5,0.01,14,14700,买盘
60,09:35:51,10.49,-0.01,1,1049,卖盘
61,09:35:54,10.5,0.01,46,48294,买盘
62,09:36:00,10.49,-0.01,26,27294,卖盘
63,09:36:06,10.49,0.0,5,5245,买盘
64,09:36:10,10.49,0.0,15,15731,买盘
65,09:36:18,10.49,0.0,10,10490,卖盘
66,09:36:45,10.48,-0.01,28,29973,卖盘
67,09:36:48,10.49,0.01,2,2098,买盘
68,09:36:57,10.49,0.0,20,20980,买盘
69,09:37:00,10.49,0.0,42,44053,买盘
70,09:37:04,10.49,0.0,29,30421,买盘
71,09:37:06,10.5,0.01,8,8400,买盘
72,09:37:30,10.5,0.0,1,1050,卖盘
73,09:37:33,10.51,0.01,10,10504,买盘
74,09:37:42,10.51,0.0,5,5255,买盘
75,09:37:48,10.51,0.0,21,22071,买盘
76,09:37:52,10.51,0.0,26,27326,买盘
77,09:38:00,10.51,0.0,8,8408,卖盘
78,09:38:04,10.51,0.0,2,2102,卖盘
79,09:38:09,10.52,0.01,21,22092,买盘
80,09:38:12,10.53,0.01,21,22100,买盘
81,09:38:22,10.53,0.0,3,3159,买盘
82,09:38:30,10.53,0.0,1,1053,卖盘
83,09:38:33,10.53,0.0,3,3160,卖盘
84,09:38:39,10.54,0.01,9,9486,买盘
85,09:38:54,10.55,0.01,1,1055,买盘
86,09:38:57,10.55,0.0,10,10550,买盘
87,09:39:03,10.55,0.0,42,44310,买盘
88,09:39:06,10.55,0.0,7,7386,卖盘
89,09:39:09,10.56,0.01,21,22176,买盘
90,09:39:15,10.56,0.0,7,7392,买盘
91,09:39:18,10.56,0.0,12,12672,买盘
92,09:39:21,10.56,0.0,19,20064,买盘
93,09:39:24,10.57,0.01,9,9509,买盘
94,09:39:31,10.56,-0.01,2,2112,卖盘
95,09:39:34,10.57,0.01,62,65529,买盘
96,09:39:39,10.57,0.0,5,5285,卖盘
97,09:39:51,10.58,0.01,30,31740,买盘
98,09:39:57,10.57,-0.01,6,6342,卖盘
99,09:40:00,10.58,0.01,21,22218,买盘
100,09:40:04,10.58,0.0,2,2116,卖盘
101,09:40:09,10.59,0.01,10,10590,买盘
102,09:40:21,10.57,-0.02,290,306614,卖盘
103,09:40:24,10.6,0.03,166,175851,买盘
104,09:40:33,10.57,-0.03,3,3171,卖盘
105,09:40:39,10.58,0.01,8,8464,卖盘
106,09:40:48,10.58,0.0,3,3174,卖盘
107,09:40:51,10.59,0.01,67,70953,买盘
108,09:41:09,10.6,0.01,20,21200,买盘
109,09:41:12,10.59,-0.01,7,7419,卖盘
110,09:41:18,10.6,0.01,2,2120,买盘
111,09:41:24,10.59,-0.01,3,3177,卖盘
112,09:41:27,10.59,0.0,3,3177,卖盘
113,09:41:30,10.59,0.0,2,2118,卖盘
114,09:41:33,10.59,0.0,12,12708,卖盘
115,09:41:48,10.6,0.01,1,1060,买盘
116,09:41:57,10.59,-0.01,5,5295,卖盘
117,09:42:09,10.6,0.01,27,28613,买盘
118,09:42:30,10.58,-0.02,6,6348,卖盘
119,09:42:48,10.58,0.0,5,5290,卖盘
120,09:42:54,10.58,0.0,3,3174,卖盘
121,09:42:57,10.59,0.01,4,4235,买盘
122,09:43:00,10.59,0.0,27,28593,买盘
123,09:43:09,10.6,0.01,21,22260,买盘
124,09:43:15,10.6,0.0,52,55120,买盘
125,09:43:21,10.6,0.0,11,11660,买盘
126,09:43:27,10.58,-0.02,100,105882,卖盘
127,09:43:30,10.61,0.03,50,53050,买盘
128,09:43:42,10.61,0.0,82,86978,买盘
129,09:43:45,10.61,0.0,29,30769,卖盘
130,09:43:48,10.61,0.0,17,18037,卖盘
131,09:43:51,10.61,0.0,1,1061,卖盘
132,09:43:54,10.61,0.0,38,40342,卖盘
133,09:44:01,10.61,0.0,17,18037,卖盘
134,09:44:04,10.6,-0.01,25,26520,卖盘
135,09:44:09,10.6,0.0,21,22260,买盘
136,09:44:12,10.6,0.0,3,3180,买盘
137,09:44:16,10.59,-0.01,50,52950,卖盘
138,09:44:21,10.6,0.01,1,1060,买盘
139,09:44:24,10.59,-0.01,13,13767,卖盘
140,09:44:36,10.58,-0.01,50,52900,卖盘
141,09:44:39,10.58,0.0,5,5290,卖盘
142,09:44:48,10.58,0.0,10,10580,卖盘
143,09:44:52,10.58,0.0,4,4232,卖盘
144,09:44:54,10.58,0.0,8,8464,卖盘
145,09:45:00,10.58,0.0,40,42320,卖盘
146,09:45:03,10.58,0.0,10,10580,卖盘
147,09:45:06,10.58,0.0,1,1058,卖盘
148,09:45:09,10.58,0.0,4,4232,买盘
149,09:45:15,10.58,0.0,17,17986,卖盘
150,09:45:21,10.57,-0.01,5,5285,卖盘
151,09:45:24,10.57,0.0,1,1057,卖盘
152,09:45:48,10.57,0.0,7,7399,买盘
153,09:45:52,10.57,0.0,2,2114,卖盘
154,09:45:57,10.57,0.0,8,8456,卖盘
155,09:46:06,10.55,-0.02,17,17980,卖盘
156,09:46:21,10.56,0.01,2,2112,卖盘
157,09:46:27,10.56,0.0,3,3168,卖盘
158,09:46:30,10.55,-0.01,20,21116,卖盘
159,09:46:33,10.53,-0.02,100,105435,卖盘
160,09:46:54,10.53,0.0,105,110431,卖盘
161,09:47:06,10.52,-0.01,1,1052,卖盘
162,09:47:09,10.53,0.01,10,10530,买盘
163,09:47:12,10.56,0.03,2,2111,买盘
164,09:47:16,10.53,-0.03,2,2106,卖盘
165,09:47:22,10.53,0.0,8,8424,卖盘
166,09:47:25,10.56,0.03,3,3162,买盘
167,09:47:27,10.53,-0.03,1,1053,买盘
168,09:47:30,10.5,-0.03,100,105122,卖盘
169,09:47:52,10.5,0.0,6,6300,卖盘
170,09:47:57,10.5,0.0,5,5250,卖盘
171,09:48:21,10.51,0.01,1,1051,卖盘
172,09:48:24,10.51,0.0,4,4204,卖盘
173,09:48:27,10.51,0.0,2,2102,卖盘
174,09:48:40,10.51,0.0,7,7357,卖盘
175,09:48:42,10.52,0.01,10,10520,中性盘
176,09:48:51,10.51,-0.01,1,1051,卖盘
177,09:48:57,10.52,0.01,2,2104,卖盘
178,09:49:03,10.52,0.0,1,1052,卖盘
179,09:49:07,10.52,0.0,1,1052,买盘
180,09:49:12,10.55,0.03,7,7384,买盘
181,09:49:27,10.55,0.0,1,1055,卖盘
182,09:49:39,10.56,0.01,19,20064,买盘
183,09:49:45,10.56,0.0,5,5280,卖盘
184,09:49:48,10.56,0.0,11,11616,买盘
185,09:49:54,10.55,-0.01,15,15825,卖盘
186,09:50:06,10.53,-0.02,12,12636,卖盘
187,09:50:12,10.54,0.01,3,3162,买盘
188,09:50:16,10.54,0.0,2,2108,卖盘
189,09:50:19,10.54,0.0,1,1054,卖盘
190,09:50:24,10.54,0.0,31,32674,卖盘
191,09:50:33,10.53,-0.01,54,56863,卖盘
192,09:50:39,10.52,-0.01,20,21040,卖盘
193,09:50:51,10.51,-0.01,3,3153,卖盘
194,09:51:06,10.51,0.0,2,2102,卖盘
195,09:51:18,10.5,-0.01,100,105090,卖盘
196,09:51:24,10.51,0.01,1,1051,卖盘
197,09:51:31,10.5,-0.01,48,50401,卖盘
198,09:51:45,10.51,0.01,12,12612,卖盘
199,09:51:57,10.5,-0.01,4,4200,卖盘
200,09:52:13,10.5,0.0,121,127071,卖盘
201,09:52:27,10.5,0.0,10,10500,卖盘
202,09:52:33,10.5,0.0,22,23100,卖盘
203,09:52:48,10.51,0.01,2,2102,买盘
204,09:52:54,10.49,-0.02,81,84995,卖盘
205,09:52:57,10.5,0.01,1,1050,中性盘
206,09:53:12,10.5,0.0,12,12600,买盘
207,09:53:19,10.5,0.0,1,1050,卖盘
208,09:53:22,10.5,0.0,4,4200,卖盘
209,09:53:27,10.5,0.0,7,7350,卖盘
210,09:53:42,10.5,0.0,9,9450,卖盘
211,09:53:45,10.5,0.0,11,11550,买盘
212,09:53:54,10.5,0.0,1,1050,卖盘
213,09:54:09,10.49,-0.01,47,49321,卖盘
214,09:54:12,10.51,0.02,19,19969,买盘
215,09:54:55,10.49,-0.02,1,1049,卖盘
216,09:55:04,10.49,0.0,5,5245,卖盘
217,09:55:06,10.49,0.0,10,10490,卖盘
218,09:55:09,10.49,0.0,1,1049,卖盘
219,09:55:15,10.49,0.0,2,2098,卖盘
220,09:55:22,10.5,0.01,18,18891,买盘
221,09:55:54,10.49,-0.01,1,1049,卖盘
222,09:56:09,10.5,0.01,1,1050,买盘
223,09:56:12,10.5,0.0,11,11549,买盘
224,09:56:15,10.5,0.0,1,1050,买盘
225,09:56:19,10.5,0.0,22,23100,买盘
226,09:56:24,10.51,0.01,9,9459,中性盘
227,09:56:37,10.53,0.02,45,47365,买盘
228,09:56:40,10.53,0.0,29,30537,买盘
229,09:56:42,10.51,-0.02,53,55738,卖盘
230,09:56:54,10.53,0.02,7,7371,卖盘
231,09:57:06,10.57,0.04,1,1057,买盘
232,09:57:21,10.53,-0.04,2,2106,卖盘
233,09:57:24,10.57,0.04,1,1057,买盘
234,09:57:33,10.53,-0.04,50,52743,卖盘
235,09:57:57,10.52,-0.01,3,3156,卖盘
236,09:58:21,10.53,0.01,3,3159,卖盘
237,09:58:42,10.53,0.0,4,4212,买盘
238,09:58:48,10.54,0.01,1,1054,买盘
239,09:58:55,10.55,0.01,45,47469,买盘
240,09:59:09,10.57,0.02,1,1057,买盘
241,09:59:18,10.55,-0.02,5,5275,卖盘
242,09:59:21,10.55,0.0,1,1055,卖盘
243,09:59:27,10.55,0.0,2,2110,卖盘
244,09:59:57,10.55,0.0,1,1055,卖盘
245,10:00:00,10.55,0.0,164,173020,卖盘
246,10:00:04,10.55,0.0,20,21100,买盘
247,10:00:21,10.53,-0.02,4,4212,卖盘
248,10:00:54,10.53,0.0,2,2106,卖盘
249,10:01:06,10.55,0.02,1,1055,买盘
250,10:01:09,10.55,0.0,1,1055,买盘
251,10:01:24,10.53,-0.02,1,1053,卖盘
252,10:01:34,10.53,0.0,2,2106,卖盘
253,10:02:04,10.53,0.0,1,1053,卖盘
254,10:02:12,10.54,0.01,1,1054,买盘
255,10:02:54,10.54,0.0,1,1054,卖盘
256,10:02:57,10.55,0.01,19,20045,买盘
257,10:03:00,10.55,0.0,1,1055,卖盘
258,10:03:04,10.55,0.0,3,3165,买盘
259,10:03:28,10.55,0.0,1,1055,买盘
260,10:03:51,10.54,-0.01,8,8432,卖盘
261,10:04:03,10.54,0.0,1,1054,卖盘
262,10:04:06,10.54,0.0,11,11594,卖盘
263,10:04:09,10.55,0.01,1,1055,买盘
264,10:04:12,10.54,-0.01,4,4216,卖盘
265,10:04:24,10.54,0.0,5,5270,卖盘
266,10:04:30,10.54,0.0,3,3162,卖盘
267,10:04:45,10.54,0.0,6,6324,卖盘
268,10:04:54,10.54,0.0,6,6324,卖盘
269,10:05:00,10.54,0.0,10,10540,卖盘
270,10:05:04,10.54,0.0,2,2108,卖盘
271,10:05:06,10.54,0.0,1,1054,买盘
272,10:05:24,10.53,-0.01,8,8424,卖盘
273,10:05:27,10.53,0.0,1,1053,卖盘
274,10:05:36,10.52,-0.01,30,31560,卖盘
275,10:05:45,10.52,0.0,1,1052,卖盘
276,10:05:48,10.52,0.0,30,31560,卖盘
277,10:05:57,10.52,0.0,6,6312,卖盘
278,10:06:00,10.52,0.0,5,5260,卖盘
279,10:06:04,10.52,0.0,6,6312,卖盘
280,10:06:06,10.52,0.0,3,3156,买盘
281,10:06:24,10.51,-0.01,2,2102,卖盘
282,10:06:27,10.51,0.0,2,2102,卖盘
283,10:06:33,10.52,0.01,3,3156,买盘
284,10:06:36,10.54,0.02,54,56898,买盘
285,10:06:54,10.54,0.0,1,1054,中性盘
286,10:07:04,10.54,0.0,2,2108,卖盘
287,10:07:10,10.55,0.01,1,1055,买盘
288,10:07:27,10.54,-0.01,7,7378,卖盘
289,10:07:48,10.54,0.0,2,2108,卖盘
290,10:07:51,10.55,0.01,5,5275,买盘
291,10:07:58,10.54,-0.01,2,2108,卖盘
292,10:08:24,10.53,-0.01,9,9477,卖盘
293,10:08:30,10.54,0.01,3,3162,买盘
294,10:08:39,10.56,0.02,201,212093,买盘
295,10:08:43,10.54,-0.02,17,17920,中性盘
296,10:08:54,10.54,0.0,6,6324,卖盘
297,10:09:03,10.54,0.0,1,1054,卖盘
298,10:09:21,10.54,0.0,1,1054,卖盘
299,10:09:24,10.55,0.01,2,2109,买盘
300,10:09:27,10.55,0.0,1,1055,买盘
301,10:09:45,10.55,0.0,34,35870,买盘
302,10:09:51,10.55,0.0,2,2110,卖盘
303,10:10:04,10.55,0.0,2,2110,卖盘
304,10:10:24,10.55,0.0,3,3165,卖盘
305,10:10:27,10.55,0.0,5,5275,卖盘
306,10:10:30,10.56,0.01,29,30624,买盘
307,10:10:54,10.56,0.0,2,2112,卖盘
308,10:11:03,10.56,0.0,25,26400,卖盘
309,10:11:06,10.57,0.01,30,31706,买盘
310,10:11:54,10.55,-0.02,3,3165,卖盘
311,10:12:04,10.55,0.0,1,1055,卖盘
312,10:12:57,10.55,0.0,2,2110,卖盘
313,10:13:00,10.55,0.0,13,13715,卖盘
314,10:13:04,10.55,0.0,1,1055,卖盘
315,10:13:27,10.55,0.0,3,3165,卖盘
316,10:13:30,10.55,0.0,1,1055,卖盘
317,10:13:48,10.55,0.0,18,18990,卖盘
318,10:13:51,10.55,0.0,1,1055,卖盘
319,10:13:54,10.55,0.0,1,1055,卖盘
320,10:13:57,10.55,0.0,21,22155,卖盘
321,10:14:00,10.54,-0.01,1,1054,卖盘
322,10:14:04,10.54,0.0,3,3162,卖盘
323,10:14:06,10.54,0.0,1,1054,卖盘
324,10:14:12,10.54,0.0,1,1054,卖盘
325,10:14:15,10.54,0.0,5,5270,卖盘
326,10:14:18,10.54,0.0,1,1054,卖盘
327,10:14:21,10.54,0.0,1,1054,卖盘
328,10:14:27,10.54,0.0,1,1054,卖盘
329,10:14:30,10.54,0.0,1,1054,卖盘
330,10:14:40,10.54,0.0,1,1054,卖盘
331,10:14:45,10.54,0.0,5,5270,卖盘
332,10:14:49,10.53,-0.01,4,4212,卖盘
333,10:14:54,10.53,0.0,3,3159,卖盘
334,10:14:57,10.53,0.0,1,1053,卖盘
335,10:15:00,10.53,0.0,5,5265,卖盘
336,10:15:04,10.53,0.0,1,1053,卖盘
337,10:15:06,10.53,0.0,1,1053,卖盘
338,10:15:12,10.53,0.0,1,1053,卖盘
339,10:16:00,10.53,0.0,4,4212,卖盘
340,10:16:04,10.53,0.0,1,1053,买盘
341,10:16:28,10.52,-0.01,4,4208,卖盘
342,10:16:54,10.52,0.0,39,41028,卖盘
343,10:16:57,10.52,0.0,4,4208,卖盘
344,10:17:01,10.52,0.0,1,1052,卖盘
345,10:17:04,10.52,0.0,2,2104,卖盘
346,10:17:09,10.52,0.0,1,1052,买盘
347,10:17:18,10.53,0.01,1,1053,买盘
348,10:17:43,10.53,0.0,30,31590,买盘
349,10:18:03,10.53,0.0,1,1053,卖盘
350,10:18:13,10.53,0.0,1,1053,卖盘
351,10:18:27,10.53,0.0,1,1053,卖盘
352,10:18:57,10.53,0.0,1,1053,卖盘
353,10:19:28,10.52,-0.01,1,1052,卖盘
354,10:19:30,10.52,0.0,2,2104,卖盘
355,10:20:15,10.52,0.0,2,2104,卖盘
356,10:20:24,10.53,0.01,5,5265,买盘
357,10:20:27,10.52,-0.01,5,5260,卖盘
358,10:20:33,10.52,0.0,10,10520,卖盘
359,10:20:36,10.53,0.01,5,5265,买盘
360,10:21:00,10.51,-0.02,6,6306,卖盘
361,10:21:04,10.51,0.0,2,2102,卖盘
362,10:21:16,10.52,0.01,5,5260,卖盘
363,10:21:27,10.52,0.0,4,4208,卖盘
364,10:22:00,10.52,0.0,3,3156,卖盘
365,10:22:04,10.53,0.01,1,1053,卖盘
366,10:22:18,10.53,0.0,1,1053,买盘
367,10:22:21,10.53,0.0,1,1053,卖盘
368,10:22:27,10.53,0.0,1,1053,卖盘
369,10:22:58,10.52,-0.01,22,23164,卖盘
370,10:23:04,10.52,0.0,1,1052,卖盘
371,10:23:15,10.52,0.0,1,1052,卖盘
372,10:23:30,10.52,0.0,14,14728,卖盘
373,10:23:52,10.52,0.0,20,21040,卖盘
374,10:24:00,10.52,0.0,3,3156,卖盘
375,10:24:04,10.52,0.0,3,3157,卖盘
376,10:24:09,10.52,0.0,1,1052,卖盘
377,10:24:12,10.53,0.01,1,1053,买盘
378,10:24:25,10.52,-0.01,4,4208,卖盘
379,10:24:27,10.52,0.0,3,3156,卖盘
380,10:24:30,10.52,0.0,2,2104,卖盘
381,10:24:33,10.54,0.02,50,52700,买盘
382,10:25:00,10.52,-0.02,1,1052,卖盘
383,10:25:04,10.52,0.0,1,1052,卖盘
384,10:25:27,10.54,0.02,5,5270,买盘
385,10:25:30,10.52,-0.02,2,2104,卖盘
386,10:26:01,10.52,0.0,6,6312,卖盘
387,10:26:03,10.52,0.0,1,1052,卖盘
388,10:26:30,10.52,0.0,6,6312,卖盘
389,10:27:01,10.52,0.0,1,1052,卖盘
390,10:27:04,10.52,0.0,1,1052,卖盘
391,10:27:30,10.52,0.0,3,3156,卖盘
392,10:28:04,10.52,0.0,2,2104,卖盘
393,10:28:10,10.53,0.01,10,10530,买盘
394,10:28:30,10.53,0.0,3,3159,卖盘
395,10:28:40,10.53,0.0,2,2106,卖盘
396,10:29:00,10.53,0.0,4,4212,卖盘
397,10:29:03,10.53,0.0,1,1053,卖盘
398,10:29:30,10.53,0.0,5,5265,卖盘
399,10:29:33,10.53,0.0,3,3159,卖盘
400,10:29:36,10.53,0.0,2,2106,卖盘
401,10:29:39,10.53,0.0,3,3159,卖盘
402,10:29:42,10.53,0.0,3,3159,卖盘
403,10:29:45,10.53,0.0,27,28431,卖盘
404,10:29:49,10.53,0.0,36,37908,卖盘
405,10:29:51,10.52,-0.01,4,4208,卖盘
406,10:29:54,10.52,0.0,7,7364,卖盘
407,10:29:57,10.52,0.0,6,6312,卖盘
408,10:30:00,10.52,0.0,5,5260,卖盘
409,10:30:04,10.52,0.0,3,3156,卖盘
410,10:30:06,10.52,0.0,1,1052,卖盘
411,10:30:12,10.52,0.0,2,2104,卖盘
412,10:30:30,10.52,0.0,1,1052,卖盘
413,10:30:33,10.52,0.0,3,3156,卖盘
414,10:30:36,10.52,0.0,1,1052,卖盘
415,10:30:45,10.52,0.0,1,1052,卖盘
416,10:31:01,10.52,0.0,1,1052,卖盘
417,10:31:04,10.52,0.0,2,2104,卖盘
418,10:31:24,10.52,0.0,20,21040,卖盘
419,10:31:27,10.52,0.0,1,1052,卖盘
420,10:31:34,10.52,0.0,3,3156,卖盘
421,10:31:36,10.52,0.0,4,4208,卖盘
422,10:31:39,10.52,0.0,5,5260,卖盘
423,10:31:42,10.52,0.0,40,42080,卖盘
424,10:31:46,10.52,0.0,10,10520,卖盘
425,10:31:48,10.51,-0.01,5,5258,卖盘
426,10:32:04,10.51,0.0,3,3153,卖盘
427,10:32:12,10.51,0.0,21,22091,卖盘
428,10:32:30,10.51,0.0,4,4204,卖盘
429,10:32:33,10.51,0.0,2,2102,卖盘
430,10:32:45,10.51,0.0,2,2102,卖盘
431,10:33:00,10.51,0.0,2,2102,卖盘
432,10:33:04,10.51,0.0,3,3153,卖盘
433,10:33:30,10.51,0.0,6,6306,卖盘
434,10:33:33,10.51,0.0,3,3153,卖盘
435,10:34:04,10.51,0.0,1,1051,卖盘
436,10:34:09,10.51,0.0,14,14714,卖盘
437,10:34:12,10.51,0.0,1,1051,卖盘
438,10:34:15,10.51,0.0,20,21020,卖盘
439,10:34:18,10.51,0.0,1,1051,卖盘
440,10:34:21,10.5,-0.01,17,17866,卖盘
441,10:34:24,10.51,0.01,1,1051,卖盘
442,10:34:27,10.5,-0.01,1,1050,卖盘
443,10:34:48,10.5,0.0,6,6300,卖盘
444,10:34:51,10.5,0.0,2,2100,卖盘
445,10:35:00,10.5,0.0,4,4200,卖盘
446,10:35:04,10.5,0.0,44,46200,卖盘
447,10:35:12,10.5,0.0,1,1050,卖盘
448,10:35:22,10.5,0.0,4,4200,卖盘
449,10:35:25,10.5,0.0,5,5250,卖盘
450,10:35:36,10.5,0.0,2,2100,卖盘
451,10:35:39,10.5,0.0,3,3150,卖盘
452,10:36:04,10.5,0.0,42,44121,卖盘
453,10:36:06,10.5,0.0,1,1050,卖盘
454,10:36:09,10.49,-0.01,22,23100,卖盘
455,10:36:30,10.49,0.0,5,5245,卖盘
456,10:36:33,10.49,0.0,40,41970,卖盘
457,10:36:39,10.49,0.0,12,12588,卖盘
458,10:36:42,10.49,0.0,4,4196,卖盘
459,10:36:57,10.49,0.0,2,2098,卖盘
460,10:37:04,10.49,0.0,2,2098,卖盘
461,10:37:06,10.49,0.0,1,1049,卖盘
462,10:37:21,10.49,0.0,13,13637,卖盘
463,10:37:33,10.49,0.0,24,25176,卖盘
464,10:37:42,10.49,0.0,13,13637,卖盘
465,10:38:00,10.5,0.01,6,6300,买盘
466,10:38:04,10.49,-0.01,2,2098,卖盘
467,10:38:12,10.5,0.01,6,6300,买盘
468,10:38:18,10.49,-0.01,17,17833,卖盘
469,10:38:24,10.49,0.0,2,2098,卖盘
470,10:38:33,10.49,0.0,1,1049,卖盘
471,10:38:51,10.5,0.01,5,5250,买盘
472,10:39:04,10.49,-0.01,1,1049,卖盘
473,10:39:34,10.49,0.0,1,1049,卖盘
474,10:39:42,10.5,0.01,20,21000,买盘
475,10:39:45,10.5,0.0,1,1050,买盘
476,10:39:51,10.5,0.0,12,12600,买盘
477,10:40:00,10.5,0.0,1,1050,买盘
478,10:40:04,10.5,0.0,4,4202,卖盘
479,10:40:33,10.5,0.0,3,3150,卖盘
480,10:40:51,10.5,0.0,22,23100,卖盘
481,10:41:03,10.49,-0.01,1,1049,卖盘
482,10:41:06,10.49,0.0,2,2098,卖盘
483,10:41:09,10.5,0.01,24,25200,买盘
484,10:41:30,10.5,0.0,10,10500,买盘
485,10:41:33,10.49,-0.01,3,3147,卖盘
486,10:41:36,10.5,0.01,1,1050,买盘
487,10:41:45,10.5,0.0,3,3150,买盘
488,10:41:48,10.5,0.0,2,2100,卖盘
489,10:42:00,10.49,-0.01,4,4196,卖盘
490,10:42:04,10.49,0.0,2,2098,卖盘
491,10:43:00,10.49,0.0,8,8392,卖盘
492,10:43:03,10.49,0.0,1,1049,卖盘
493,10:43:06,10.49,0.0,1,1049,卖盘
494,10:43:09,10.5,0.01,5,5250,买盘
495,10:43:30,10.49,-0.01,3,3147,卖盘
496,10:44:04,10.49,0.0,1,1049,卖盘
497,10:44:30,10.49,0.0,2,2098,卖盘
498,10:44:36,10.49,0.0,1,1049,卖盘
499,10:44:51,10.5,0.01,20,21000,买盘
500,10:45:00,10.49,-0.01,4,4196,卖盘
501,10:45:04,10.49,0.0,2,2098,卖盘
502,10:45:15,10.49,0.0,2,2098,卖盘
503,10:45:21,10.49,0.0,102,106977,卖盘
504,10:45:24,10.48,-0.01,8,8384,卖盘
505,10:45:27,10.48,0.0,1,1048,卖盘
506,10:45:31,10.48,0.0,4,4192,卖盘
507,10:45:33,10.48,0.0,1,1048,卖盘
508,10:45:36,10.48,0.0,6,6288,卖盘
509,10:45:51,10.48,0.0,3,3144,买盘
510,10:46:01,10.47,-0.01,3,3141,卖盘
511,10:46:04,10.47,0.0,9,9428,卖盘
512,10:46:09,10.47,0.0,22,23034,卖盘
513,10:46:18,10.46,-0.01,65,68028,卖盘
514,10:46:30,10.46,0.0,1,1046,卖盘
515,10:47:04,10.47,0.01,1,1047,卖盘
516,10:47:07,10.47,0.0,2,2094,卖盘
517,10:47:27,10.47,0.0,2,2094,卖盘
518,10:47:30,10.47,0.0,2,2094,卖盘
519,10:48:01,10.47,0.0,5,5235,卖盘
520,10:48:04,10.47,0.0,1,1047,卖盘
521,10:48:09,10.47,0.0,1,1047,卖盘
522,10:48:30,10.47,0.0,2,2094,卖盘
523,10:49:01,10.47,0.0,6,6282,卖盘
524,10:49:04,10.47,0.0,2,2094,卖盘
525,10:49:30,10.47,0.0,1,1047,卖盘
526,10:49:33,10.47,0.0,5,5235,卖盘
527,10:50:00,10.47,0.0,1,1047,卖盘
528,10:50:15,10.47,0.0,11,11517,买盘
529,10:50:30,10.47,0.0,9,9423,卖盘
530,10:50:40,10.47,0.0,11,11517,卖盘
531,10:50:45,10.47,0.0,1,1047,买盘
532,10:50:57,10.47,0.0,24,25132,卖盘
533,10:51:00,10.46,-0.01,2,2092,卖盘
534,10:51:24,10.46,0.0,1,1046,卖盘
535,10:51:33,10.46,0.0,2,2092,卖盘
536,10:51:57,10.47,0.01,4,4188,买盘
537,10:52:01,10.46,-0.01,2,2092,卖盘
538,10:52:30,10.46,0.0,2,2092,卖盘
539,10:52:33,10.46,0.0,52,54392,卖盘
540,10:52:36,10.46,0.0,25,26150,卖盘
541,10:52:55,10.45,-0.01,60,62700,卖盘
542,10:53:00,10.44,-0.01,2,2090,卖盘
543,10:53:03,10.44,0.0,13,13572,卖盘
544,10:53:06,10.43,-0.01,3,3129,卖盘
545,10:53:15,10.44,0.01,6,6264,买盘
546,10:53:33,10.46,0.02,10,10460,买盘
547,10:54:03,10.44,-0.02,4,4176,卖盘
548,10:54:33,10.45,0.01,1,1045,卖盘
549,10:55:04,10.45,0.0,1,1045,卖盘
550,10:55:12,10.45,0.0,1,1045,买盘
551,10:55:25,10.44,-0.01,40,41760,卖盘
552,10:55:27,10.45,0.01,12,12540,买盘
553,10:55:36,10.45,0.0,34,35530,买盘
554,10:56:04,10.44,-0.01,3,3132,卖盘
555,10:56:33,10.44,0.0,3,3132,卖盘
556,10:56:36,10.44,0.0,1,1044,买盘
557,10:57:04,10.43,-0.01,5,5215,卖盘
558,10:57:12,10.43,0.0,90,93870,卖盘
559,10:57:15,10.43,0.0,27,28161,卖盘
560,10:57:33,10.42,-0.01,5,5210,卖盘
561,10:57:37,10.42,0.0,1,1042,卖盘
562,10:57:39,10.42,0.0,1,1042,卖盘
563,10:57:42,10.42,0.0,5,5210,卖盘
564,10:57:45,10.42,0.0,1,1042,卖盘
565,10:57:48,10.42,0.0,2,2084,卖盘
566,10:57:58,10.42,0.0,16,16672,卖盘
567,10:58:03,10.42,0.0,5,5207,买盘
568,10:58:21,10.41,-0.01,6,6246,卖盘
569,10:58:54,10.41,0.0,99,103059,卖盘
570,10:59:03,10.41,0.0,3,3123,卖盘
571,10:59:16,10.41,0.0,10,10410,卖盘
572,10:59:24,10.41,0.0,1,1041,卖盘
573,10:59:27,10.41,0.0,3,3123,买盘
574,10:59:33,10.41,0.0,14,14574,卖盘
575,10:59:39,10.4,-0.01,4,4160,卖盘
576,10:59:51,10.38,-0.02,153,159064,卖盘
577,10:59:58,10.39,0.01,2,2078,卖盘
578,11:00:04,10.39,0.0,6,6234,卖盘
579,11:00:16,10.43,0.04,37,38529,买盘
580,11:00:24,10.43,0.0,1,1043,卖盘
581,11:00:33,10.43,0.0,5,5215,卖盘
582,11:01:04,10.39,-0.04,1,1039,卖盘
583,11:01:28,10.39,0.0,54,56106,卖盘
584,11:01:33,10.38,-0.01,8,8304,卖盘
585,11:01:51,10.39,0.01,20,20780,卖盘
586,11:01:57,10.39,0.0,2,2078,卖盘
587,11:02:03,10.4,0.01,2,2080,卖盘
588,11:02:09,10.39,-0.01,40,41577,卖盘
589,11:02:12,10.42,0.03,3,3126,买盘
590,11:02:15,10.4,-0.02,8,8320,卖盘
591,11:02:36,10.41,0.01,2,2082,卖盘
592,11:02:39,10.41,0.0,32,33312,卖盘
593,11:03:15,10.41,0.0,10,10410,买盘
594,11:03:25,10.4,-0.01,1,1040,卖盘
595,11:03:33,10.4,0.0,4,4160,卖盘
596,11:03:36,10.4,0.0,3,3120,卖盘
597,11:04:03,10.4,0.0,3,3121,卖盘
598,11:04:06,10.4,0.0,12,12490,卖盘
599,11:04:09,10.41,0.01,2,2082,买盘
600,11:04:12,10.43,0.02,2,2086,买盘
601,11:04:39,10.43,0.0,36,37548,买盘
602,11:04:42,10.42,-0.01,40,41706,卖盘
603,11:04:51,10.44,0.02,10,10440,买盘
604,11:05:15,10.44,0.0,12,12528,买盘
605,11:05:21,10.43,-0.01,20,20860,卖盘
606,11:05:36,10.43,0.0,4,4172,卖盘
607,11:06:06,10.42,-0.01,4,4168,卖盘
608,11:06:12,10.43,0.01,2,2086,卖盘
609,11:06:36,10.43,0.0,1,1043,卖盘
610,11:06:42,10.43,0.0,2,2086,卖盘
611,11:07:00,10.45,0.02,100,104456,买盘
612,11:07:06,10.43,-0.02,1,1043,卖盘
613,11:07:33,10.43,0.0,5,5215,卖盘
614,11:07:36,10.43,0.0,1,1043,卖盘
615,11:07:54,10.44,0.01,1,1044,中性盘
616,11:08:01,10.43,-0.01,50,52170,卖盘
617,11:08:04,10.45,0.02,23,24035,买盘
618,11:08:06,10.43,-0.02,4,4172,卖盘
619,11:08:12,10.43,0.0,1,1043,卖盘
620,11:08:33,10.43,0.0,10,10430,卖盘
621,11:09:28,10.43,0.0,10,10430,卖盘
622,11:09:39,10.45,0.02,94,98208,买盘
623,11:09:54,10.46,0.01,4,4184,买盘
624,11:10:00,10.47,0.01,5,5235,买盘
625,11:10:39,10.47,0.0,2,2094,买盘
626,11:11:06,10.47,0.0,4,4188,卖盘
627,11:11:12,10.48,0.01,31,32488,买盘
628,11:11:16,10.48,0.0,1,1048,买盘
629,11:11:19,10.5,0.02,2,2100,买盘
630,11:11:33,10.49,-0.01,15,15735,买盘
631,11:11:36,10.48,-0.01,1,1048,卖盘
632,11:12:06,10.48,0.0,1,1048,卖盘
633,11:12:36,10.47,-0.01,4,4188,卖盘
634,11:13:27,10.48,0.01,1,1048,买盘
635,11:13:36,10.47,-0.01,5,5235,卖盘
636,11:13:45,10.48,0.01,5,5240,买盘
637,11:14:06,10.47,-0.01,4,4188,卖盘
638,11:14:27,10.47,0.0,2,2094,卖盘
639,11:14:40,10.47,0.0,3,3141,卖盘
640,11:15:21,10.47,0.0,2,2094,卖盘
641,11:15:42,10.48,0.01,20,20960,买盘
642,11:15:45,10.49,0.01,17,17833,买盘
643,11:15:48,10.5,0.01,10,10500,买盘
644,11:15:54,10.49,-0.01,7,7343,卖盘
645,11:16:30,10.49,0.0,8,8392,买盘
646,11:16:36,10.47,-0.02,5,5235,卖盘
647,11:17:09,10.47,0.0,1,1047,卖盘
648,11:18:21,10.48,0.01,1,1048,卖盘
649,11:18:36,10.47,-0.01,4,4188,卖盘
650,11:18:42,10.47,0.0,2,2094,卖盘
651,11:18:48,10.48,0.01,4,4192,买盘
652,11:18:51,10.48,0.0,3,3144,卖盘
653,11:19:06,10.48,0.0,3,3144,买盘
654,11:19:36,10.48,0.0,18,18864,卖盘
655,11:19:48,10.48,0.0,12,12576,卖盘
656,11:20:06,10.48,0.0,4,4192,卖盘
657,11:20:21,10.49,0.01,4,4196,买盘
658,11:20:40,10.48,-0.01,1,1048,卖盘
659,11:20:45,10.5,0.02,89,93405,买盘
660,11:21:04,10.5,0.0,40,42000,卖盘
661,11:21:09,10.5,0.0,5,5250,卖盘
662,11:21:24,10.51,0.01,3,3153,买盘
663,11:21:39,10.5,-0.01,5,5250,卖盘
664,11:21:42,10.51,0.01,5,5255,买盘
665,11:22:04,10.51,0.0,16,16816,买盘
666,11:22:09,10.51,0.0,5,5255,卖盘
667,11:22:30,10.52,0.01,14,14728,买盘
668,11:22:39,10.51,-0.01,2,2102,卖盘
669,11:22:48,10.51,0.0,2,2102,卖盘
670,11:22:51,10.51,0.0,1,1051,卖盘
671,11:23:09,10.5,-0.01,29,30450,卖盘
672,11:23:21,10.5,0.0,4,4200,卖盘
673,11:23:48,10.52,0.02,80,84154,买盘
674,11:24:07,10.51,-0.01,1,1051,买盘
675,11:24:09,10.5,-0.01,1,1050,卖盘
676,11:24:21,10.49,-0.01,1,1049,买盘
677,11:24:40,10.49,0.0,3,3147,中性盘
678,11:24:52,10.48,-0.01,12,12578,卖盘
679,11:24:54,10.48,0.0,2,2096,买盘
680,11:24:58,10.48,0.0,16,16768,买盘
681,11:25:24,10.49,0.01,2,2098,买盘
682,11:25:36,10.5,0.01,2,2100,买盘
683,11:26:04,10.5,0.0,2,2100,买盘
684,11:26:42,10.49,-0.01,15,15735,卖盘
685,11:27:04,10.49,0.0,2,2098,卖盘
686,11:27:37,10.5,0.01,2,2100,买盘
687,11:27:48,10.5,0.0,1,1050,买盘
688,11:28:42,10.49,-0.01,4,4196,卖盘
689,11:29:06,10.49,0.0,2,2098,卖盘
690,11:29:09,10.49,0.0,1,1049,卖盘
691,11:29:12,10.49,0.0,1,1049,卖盘
692,11:29:36,10.49,0.0,4,4196,卖盘
693,13:00:04,10.49,0.0,2,2098,卖盘
694,13:00:06,10.48,-0.01,19,19922,卖盘
695,13:00:13,10.48,0.0,2,2096,卖盘
696,13:00:15,10.49,0.01,61,63989,买盘
697,13:00:27,10.49,0.0,1,1049,买盘
698,13:00:39,10.49,0.0,1,1049,买盘
699,13:01:18,10.48,-0.01,1,1048,卖盘
700,13:01:21,10.48,0.0,3,3144,卖盘
701,13:01:48,10.48,0.0,2,2097,卖盘
702,13:02:13,10.48,0.0,1,1048,卖盘
703,13:02:18,10.48,0.0,2,2096,卖盘
704,13:02:21,10.48,0.0,2,2096,卖盘
705,13:02:36,10.48,0.0,30,31440,卖盘
706,13:02:45,10.48,0.0,41,42968,卖盘
707,13:02:48,10.48,0.0,2,2096,卖盘
708,13:02:51,10.48,0.0,3,3144,卖盘
709,13:03:15,10.48,0.0,1,1048,卖盘
710,13:03:18,10.48,0.0,4,4192,卖盘
711,13:03:22,10.49,0.01,1,1049,买盘
712,13:03:27,10.49,0.0,1,1049,买盘
713,13:04:45,10.49,0.0,92,96508,买盘
714,13:04:48,10.49,0.0,8,8392,买盘
715,13:05:06,10.49,0.0,1,1049,买盘
716,13:05:52,10.48,-0.01,13,13624,卖盘
717,13:05:54,10.48,0.0,70,73360,卖盘
718,13:06:04,10.47,-0.01,1,1047,卖盘
719,13:06:12,10.48,0.01,30,31440,买盘
720,13:06:21,10.47,-0.01,5,5235,卖盘
721,13:06:30,10.48,0.01,32,33536,买盘
722,13:06:45,10.48,0.0,1,1048,买盘
723,13:06:51,10.47,-0.01,3,3141,卖盘
724,13:07:24,10.47,0.0,2,2094,卖盘
725,13:07:52,10.47,0.0,5,5235,卖盘
726,13:08:21,10.47,0.0,23,24081,卖盘
727,13:08:51,10.48,0.01,1,1048,买盘
728,13:09:06,10.48,0.0,9,9432,买盘
729,13:09:27,10.48,0.0,2,2096,卖盘
730,13:11:39,10.48,0.0,2,2096,卖盘
731,13:11:42,10.49,0.01,116,121683,买盘
732,13:11:48,10.49,0.0,37,38813,买盘
733,13:12:06,10.48,-0.01,1,1048,卖盘
734,13:12:15,10.49,0.01,176,184624,买盘
735,13:12:36,10.49,0.0,5,5245,卖盘
736,13:13:24,10.48,-0.01,2,2096,卖盘
737,13:13:36,10.48,0.0,4,4192,卖盘
738,13:13:42,10.48,0.0,1,1048,卖盘
739,13:13:54,10.48,0.0,3,3144,卖盘
740,13:14:24,10.49,0.01,1,1049,买盘
741,13:14:36,10.48,-0.01,5,5240,卖盘
742,13:14:57,10.48,0.0,3,3144,卖盘
743,13:15:49,10.48,0.0,2,2096,卖盘
744,13:16:00,10.48,0.0,30,31440,卖盘
745,13:17:42,10.48,0.0,1,1048,卖盘
746,13:17:51,10.49,0.01,1,1049,买盘
747,13:18:00,10.48,-0.01,20,20960,卖盘
748,13:19:57,10.48,0.0,2,2096,卖盘
749,13:20:21,10.49,0.01,1,1049,买盘
750,13:21:06,10.48,-0.01,1,1048,卖盘
751,13:21:21,10.49,0.01,29,30421,买盘
752,13:22:00,10.49,0.0,14,14686,卖盘
753,13:22:04,10.48,-0.01,13,13624,卖盘
754,13:22:42,10.48,0.0,3,3144,卖盘
755,13:24:06,10.48,0.0,2,2096,卖盘
756,13:25:22,10.49,0.01,1,1049,买盘
757,13:26:39,10.48,-0.01,1,1048,卖盘
758,13:27:52,10.48,0.0,1,1048,卖盘
759,13:28:09,10.49,0.01,1,1049,买盘
760,13:28:16,10.48,-0.01,2,2096,卖盘
761,13:28:21,10.48,0.0,3,3144,卖盘
762,13:28:45,10.48,0.0,10,10480,卖盘
763,13:28:49,10.49,0.01,1,1049,买盘
764,13:29:13,10.49,0.0,93,97557,买盘
765,13:30:06,10.49,0.0,10,10490,买盘
766,13:30:54,10.49,0.0,28,29372,买盘
767,13:31:06,10.48,-0.01,20,20960,卖盘
768,13:31:10,10.49,0.01,1,1049,买盘
769,13:31:18,10.48,-0.01,1,1048,卖盘
770,13:31:27,10.48,0.0,1,1048,卖盘
771,13:32:12,10.48,0.0,20,20960,卖盘
772,13:32:27,10.48,0.0,2,2096,卖盘
773,13:33:30,10.49,0.01,1,1049,买盘
774,13:33:48,10.49,0.0,9,9441,买盘
775,13:33:51,10.49,0.0,3,3147,买盘
776,13:33:54,10.48,-0.01,1,1048,卖盘
777,13:33:57,10.48,0.0,20,20960,卖盘
778,13:34:33,10.48,0.0,2,2096,卖盘
779,13:34:36,10.48,0.0,1,1048,卖盘
780,13:34:49,10.48,0.0,3,3144,卖盘
781,13:34:55,10.48,0.0,12,12576,卖盘
782,13:34:57,10.48,0.0,1,1048,卖盘
783,13:35:04,10.48,0.0,80,83840,卖盘
784,13:35:06,10.48,0.0,10,10480,卖盘
785,13:35:09,10.48,0.0,60,62880,卖盘
786,13:35:12,10.48,0.0,10,10480,卖盘
787,13:35:16,10.48,0.0,5,5240,卖盘
788,13:35:18,10.48,0.0,13,13624,卖盘
789,13:35:22,10.48,0.0,3,3144,卖盘
790,13:35:25,10.48,0.0,18,18864,卖盘
791,13:35:27,10.48,0.0,13,13624,卖盘
792,13:35:30,10.48,0.0,12,12576,卖盘
793,13:35:33,10.48,0.0,2,2096,卖盘
794,13:35:37,10.48,0.0,5,5240,卖盘
795,13:35:39,10.48,0.0,3,3144,卖盘
796,13:35:43,10.47,-0.01,4,4189,卖盘
797,13:35:46,10.47,0.0,4,4188,卖盘
798,13:35:48,10.47,0.0,2,2094,卖盘
799,13:35:57,10.47,0.0,3,3141,卖盘
800,13:36:00,10.47,0.0,8,8376,卖盘
801,13:36:03,10.47,0.0,2,2094,卖盘
802,13:36:06,10.47,0.0,3,3141,卖盘
803,13:36:19,10.47,0.0,1,1047,卖盘
804,13:36:21,10.47,0.0,1,1047,卖盘
805,13:36:24,10.47,0.0,1,1047,卖盘
806,13:36:42,10.47,0.0,2,2094,卖盘
807,13:37:33,10.47,0.0,10,10470,卖盘
808,13:37:42,10.47,0.0,1,1047,卖盘
809,13:38:04,10.47,0.0,13,13611,卖盘
810,13:38:39,10.47,0.0,1,1047,卖盘
811,13:39:09,10.47,0.0,10,10470,卖盘
812,13:39:27,10.49,0.02,200,209770,买盘
813,13:39:48,10.47,-0.02,2,2094,卖盘
814,13:40:18,10.49,0.02,36,37734,买盘
815,13:41:06,10.49,0.0,1,1049,买盘
816,13:41:09,10.49,0.0,1,1049,买盘
817,13:41:37,10.48,-0.01,1,1048,买盘
818,13:42:15,10.48,0.0,10,10480,买盘
819,13:44:33,10.47,-0.01,20,20940,卖盘
820,13:44:51,10.48,0.01,11,11528,买盘
821,13:44:57,10.48,0.0,1,1048,买盘
822,13:45:12,10.48,0.0,18,18864,买盘
823,13:45:39,10.47,-0.01,2,2094,卖盘
824,13:45:49,10.46,-0.01,5,5230,卖盘
825,13:46:25,10.46,0.0,9,9414,卖盘
826,13:46:27,10.46,0.0,24,25104,卖盘
827,13:46:33,10.46,0.0,39,40794,卖盘
828,13:47:16,10.45,-0.01,1,1045,卖盘
829,13:47:24,10.45,0.0,50,52250,卖盘
830,13:48:15,10.45,0.0,5,5225,卖盘
831,13:49:09,10.45,0.0,2,2090,卖盘
832,13:49:16,10.45,0.0,30,31350,卖盘
833,13:50:12,10.45,0.0,7,7315,卖盘
834,13:50:33,10.45,0.0,1,1045,卖盘
835,13:50:48,10.46,0.01,8,8368,买盘
836,13:51:06,10.46,0.0,1,1046,买盘
837,13:52:00,10.46,0.0,19,19571,买盘
838,13:52:39,10.47,0.01,1,1047,买盘
839,13:53:21,10.47,0.0,1,1047,买盘
840,13:54:00,10.47,0.0,20,20940,买盘
841,13:55:39,10.46,-0.01,2,2092,卖盘
842,13:55:51,10.46,0.0,21,21967,卖盘
843,13:55:54,10.46,0.0,4,4184,卖盘
844,13:56:45,10.45,-0.01,1,1045,卖盘
845,13:57:03,10.45,0.0,5,5225,卖盘
846,13:57:18,10.45,0.0,85,88825,卖盘
847,13:57:42,10.44,-0.01,20,20880,卖盘
848,13:58:06,10.44,0.0,5,5220,买盘
849,13:58:18,10.44,0.0,28,29232,买盘
850,13:59:30,10.44,0.0,2,2088,卖盘
851,13:59:55,10.44,0.0,1,1044,卖盘
852,14:01:39,10.44,0.0,2,2088,卖盘
853,14:02:06,10.45,0.01,1,1045,买盘
854,14:02:36,10.44,-0.01,1,1044,卖盘
855,14:02:51,10.44,0.0,1,1044,卖盘
856,14:03:06,10.44,0.0,1,1044,卖盘
857,14:03:45,10.44,0.0,1,1044,卖盘
858,14:03:48,10.44,0.0,1,1044,卖盘
859,14:04:04,10.45,0.01,48,50160,买盘
860,14:04:21,10.46,0.01,1,1046,买盘
861,14:04:27,10.46,0.0,2,2092,卖盘
862,14:04:30,10.46,0.0,7,7322,卖盘
863,14:04:40,10.45,-0.01,9,9405,卖盘
864,14:04:43,10.45,0.0,1,1045,卖盘
865,14:05:06,10.46,0.01,1,1046,买盘
866,14:05:21,10.46,0.0,2,2092,买盘
867,14:05:39,10.45,-0.01,9,9405,卖盘
868,14:07:06,10.44,-0.01,1,1044,卖盘
869,14:07:36,10.45,0.01,1,1045,买盘
870,14:07:48,10.43,-0.02,100,104394,卖盘
871,14:07:54,10.44,0.01,5,5220,卖盘
872,14:07:57,10.44,0.0,3,3132,卖盘
873,14:08:06,10.43,-0.01,1,1043,卖盘
874,14:08:09,10.44,0.01,1,1044,买盘
875,14:08:21,10.44,0.0,4,4176,买盘
876,14:08:27,10.44,0.0,16,16704,卖盘
877,14:09:04,10.45,0.01,2,2090,买盘
878,14:09:12,10.44,-0.01,1,1044,卖盘
879,14:09:39,10.44,0.0,1,1044,卖盘
880,14:09:55,10.44,0.0,2,2088,卖盘
881,14:10:04,10.44,0.0,30,31320,卖盘
882,14:11:36,10.43,-0.01,1,1043,卖盘
883,14:12:00,10.43,0.0,2,2086,卖盘
884,14:12:18,10.43,0.0,1,1043,卖盘
885,14:12:24,10.43,0.0,1,1043,卖盘
886,14:12:33,10.44,0.01,26,27144,买盘
887,14:13:00,10.45,0.01,8,8360,买盘
888,14:13:06,10.45,0.0,2,2090,买盘
889,14:13:15,10.45,0.0,12,12540,买盘
890,14:13:18,10.45,0.0,18,18810,买盘
891,14:13:52,10.47,0.02,1,1047,买盘
892,14:15:06,10.47,0.0,6,6282,买盘
893,14:15:21,10.46,-0.01,2,2092,卖盘
894,14:16:01,10.46,0.0,1,1046,卖盘
895,14:16:12,10.46,0.0,1,1046,卖盘
896,14:16:21,10.47,0.01,1,1047,买盘
897,14:16:33,10.47,0.0,6,6281,买盘
898,14:16:48,10.47,0.0,1,1047,买盘
899,14:16:58,10.47,0.0,39,40833,买盘
900,14:17:00,10.47,0.0,9,9423,买盘
901,14:17:16,10.47,0.0,3,3141,卖盘
902,14:17:30,10.47,0.0,10,10470,卖盘
903,14:17:33,10.48,0.01,16,16768,买盘
904,14:18:03,10.47,-0.01,9,9423,卖盘
905,14:18:21,10.47,0.0,50,52350,卖盘
906,14:19:45,10.46,-0.01,1,1046,卖盘
907,14:20:24,10.46,0.0,2,2092,卖盘
908,14:21:21,10.46,0.0,1,1046,卖盘
909,14:21:36,10.47,0.01,1,1047,买盘
910,14:22:12,10.46,-0.01,1,1046,卖盘
911,14:22:24,10.46,0.0,2,2092,卖盘
912,14:22:45,10.46,0.0,4,4184,卖盘
913,14:22:48,10.46,0.0,7,7322,卖盘
914,14:22:51,10.46,0.0,18,18828,卖盘
915,14:22:54,10.46,0.0,26,27196,卖盘
916,14:22:57,10.46,0.0,4,4184,卖盘
917,14:23:00,10.46,0.0,35,36610,卖盘
918,14:23:04,10.46,0.0,2,2092,卖盘
919,14:23:06,10.46,0.0,4,4184,卖盘
920,14:23:09,10.46,0.0,16,16736,卖盘
921,14:23:18,10.45,-0.01,3,3135,卖盘
922,14:23:27,10.45,0.0,30,31350,卖盘
923,14:23:48,10.45,0.0,36,37620,卖盘
924,14:23:55,10.45,0.0,5,5225,卖盘
925,14:24:12,10.45,0.0,34,35530,买盘
926,14:24:36,10.45,0.0,12,12540,卖盘
927,14:24:58,10.44,-0.01,2,2088,卖盘
928,14:25:09,10.45,0.01,3,3135,买盘
929,14:26:40,10.45,0.0,2,2090,卖盘
930,14:26:52,10.45,0.0,1,1045,卖盘
931,14:26:54,10.45,0.0,1,1045,卖盘
932,14:27:09,10.45,0.0,1,1045,卖盘
933,14:27:15,10.45,0.0,1,1045,卖盘
934,14:27:21,10.45,0.0,10,10450,卖盘
935,14:28:10,10.46,0.01,11,11506,买盘
936,14:28:36,10.46,0.0,1,1046,买盘
937,14:29:12,10.46,0.0,1,1046,买盘
938,14:30:48,10.46,0.0,3,3138,买盘
939,14:30:51,10.46,0.0,1,1046,买盘
940,14:30:54,10.45,-0.01,28,29260,卖盘
941,14:31:12,10.45,0.0,15,15675,卖盘
942,14:31:45,10.45,0.0,51,53295,卖盘
943,14:31:48,10.45,0.0,6,6270,卖盘
944,14:32:09,10.44,-0.01,98,102312,卖盘
945,14:32:13,10.46,0.02,9,9409,买盘
946,14:32:27,10.45,-0.01,1,1045,卖盘
947,14:32:31,10.43,-0.02,1,1043,卖盘
948,14:32:57,10.43,0.0,2,2086,卖盘
949,14:33:06,10.43,0.0,80,83440,卖盘
950,14:33:36,10.44,0.01,4,4176,买盘
951,14:33:39,10.43,-0.01,1,1043,卖盘
952,14:33:54,10.44,0.01,4,4176,买盘
953,14:33:57,10.44,0.0,1,1044,卖盘
954,14:34:07,10.44,0.0,1,1044,卖盘
955,14:34:48,10.44,0.0,2,2088,卖盘
956,14:34:54,10.44,0.0,2,2088,卖盘
957,14:35:15,10.44,0.0,1,1044,卖盘
958,14:35:21,10.44,0.0,24,25056,卖盘
959,14:35:39,10.43,-0.01,1,1043,卖盘
960,14:36:00,10.43,0.0,1,1043,卖盘
961,14:36:21,10.43,0.0,1,1043,卖盘
962,14:36:42,10.43,0.0,1,1043,卖盘
963,14:36:49,10.43,0.0,114,118902,卖盘
964,14:36:58,10.43,0.0,41,42763,买盘
965,14:37:00,10.42,-0.01,1,1042,卖盘
966,14:37:15,10.43,0.01,2,2086,买盘
967,14:37:21,10.42,-0.01,1,1042,卖盘
968,14:37:42,10.43,0.01,31,32332,买盘
969,14:37:48,10.43,0.0,1,1043,买盘
970,14:38:00,10.43,0.0,1,1043,卖盘
971,14:38:04,10.45,0.02,1,1045,买盘
972,14:38:51,10.45,0.0,2,2090,买盘
973,14:39:04,10.45,0.0,2,2090,卖盘
974,14:39:06,10.46,0.01,51,53346,买盘
975,14:39:45,10.45,-0.01,6,6275,卖盘
976,14:39:54,10.45,0.0,20,20900,卖盘
977,14:40:00,10.46,0.01,1,1046,买盘
978,14:40:06,10.45,-0.01,1,1045,卖盘
979,14:40:09,10.46,0.01,1,1046,买盘
980,14:40:27,10.45,-0.01,1,1045,卖盘
981,14:40:39,10.46,0.01,1,1046,买盘
982,14:40:46,10.45,-0.01,1,1045,卖盘
983,14:40:51,10.46,0.01,1,1046,买盘
984,14:41:06,10.45,-0.01,1,1045,卖盘
985,14:41:12,10.45,0.0,1,1045,卖盘
986,14:41:18,10.46,0.01,3,3138,买盘
987,14:41:27,10.46,0.0,11,11505,买盘
988,14:41:39,10.45,-0.01,87,90915,卖盘
989,14:41:45,10.45,0.0,8,8360,卖盘
990,14:41:49,10.45,0.0,1,1045,卖盘
991,14:42:09,10.45,0.0,2,2090,卖盘
992,14:42:24,10.46,0.01,2,2092,买盘
993,14:42:30,10.46,0.0,2,2091,买盘
994,14:42:39,10.46,0.0,3,3138,买盘
995,14:42:45,10.46,0.0,5,5230,买盘
996,14:42:51,10.45,-0.01,1,1045,卖盘
997,14:43:00,10.45,0.0,1,1045,卖盘
998,14:43:04,10.45,0.0,5,5225,卖盘
999,14:43:12,10.45,0.0,1,1045,卖盘
1000,14:43:21,10.45,0.0,2,2090,卖盘
1001,14:43:27,10.46,0.01,1,1046,买盘
1002,14:43:30,10.45,-0.01,1,1045,卖盘
1003,14:43:33,10.46,0.01,2,2092,买盘
1004,14:43:51,10.45,-0.01,3,3135,卖盘
1005,14:44:04,10.46,0.01,20,20920,买盘
1006,14:44:06,10.45,-0.01,22,22990,卖盘
1007,14:44:09,10.45,0.0,4,4180,买盘
1008,14:44:12,10.44,-0.01,1,1044,卖盘
1009,14:44:15,10.45,0.01,2,2090,买盘
1010,14:44:21,10.45,0.0,17,17764,买盘
1011,14:44:30,10.44,-0.01,1,1044,卖盘
1012,14:44:36,10.45,0.01,5,5225,买盘
1013,14:44:42,10.46,0.01,1,1046,买盘
1014,14:44:48,10.45,-0.01,5,5225,卖盘
1015,14:44:51,10.46,0.01,3,3138,买盘
1016,14:45:03,10.46,0.0,2,2092,买盘
1017,14:45:15,10.46,0.0,1,1046,买盘
1018,14:45:24,10.45,-0.01,15,15678,卖盘
1019,14:45:42,10.45,0.0,2,2090,买盘
1020,14:45:51,10.45,0.0,2,2090,买盘
1021,14:45:57,10.44,-0.01,1,1044,卖盘
1022,14:46:07,10.45,0.01,1,1045,买盘
1023,14:46:12,10.45,0.0,4,4180,买盘
1024,14:46:15,10.44,-0.01,6,6265,卖盘
1025,14:46:54,10.43,-0.01,120,125211,卖盘
1026,14:46:58,10.46,0.03,1,1046,买盘
1027,14:47:00,10.46,0.0,1,1046,买盘
1028,14:47:12,10.45,-0.01,1,1045,买盘
1029,14:47:28,10.45,0.0,1,1045,卖盘
1030,14:47:36,10.43,-0.02,2,2088,卖盘
1031,14:47:45,10.44,0.01,1,1044,中性盘
1032,14:48:00,10.44,0.0,1,1044,卖盘
1033,14:48:09,10.46,0.02,80,83676,买盘
1034,14:48:12,10.46,0.0,1,1046,卖盘
1035,14:49:09,10.47,0.01,1,1047,买盘
1036,14:49:22,10.46,-0.01,1,1046,卖盘
1037,14:49:36,10.46,0.0,10,10460,卖盘
1038,14:49:42,10.46,0.0,1,1046,卖盘
1039,14:49:51,10.46,0.0,1,1046,卖盘
1040,14:49:54,10.46,0.0,12,12552,卖盘
1041,14:50:01,10.46,0.0,20,20920,买盘
1042,14:50:03,10.45,-0.01,1,1045,卖盘
1043,14:50:06,10.45,0.0,26,27170,卖盘
1044,14:50:18,10.45,0.0,9,9405,卖盘
1045,14:50:21,10.45,0.0,2,2091,卖盘
1046,14:50:25,10.46,0.01,5,5230,买盘
1047,14:50:42,10.46,0.0,11,11505,买盘
1048,14:50:45,10.46,0.0,15,15690,买盘
1049,14:51:04,10.45,-0.01,21,21945,卖盘
1050,14:51:09,10.46,0.01,1,1046,买盘
1051,14:51:22,10.45,-0.01,4,4180,卖盘
1052,14:51:42,10.46,0.01,1,1046,买盘
1053,14:51:45,10.45,-0.01,1,1045,卖盘
1054,14:51:48,10.46,0.01,10,10460,买盘
1055,14:51:51,10.45,-0.01,6,6274,卖盘
1056,14:52:10,10.45,0.0,1,1045,卖盘
1057,14:52:21,10.45,0.0,3,3135,卖盘
1058,14:52:43,10.45,0.0,10,10450,卖盘
1059,14:52:51,10.46,0.01,12,12552,买盘
1060,14:53:06,10.46,0.0,11,11506,卖盘
1061,14:53:16,10.46,0.0,36,37656,卖盘
1062,14:53:21,10.45,-0.01,3,3135,卖盘
1063,14:53:33,10.46,0.01,21,21966,买盘
1064,14:53:48,10.45,-0.01,1,1045,卖盘
1065,14:54:07,10.45,0.0,8,8360,卖盘
1066,14:54:15,10.45,0.0,1,1045,卖盘
1067,14:54:18,10.45,0.0,48,50160,卖盘
1068,14:54:36,10.45,0.0,1,1045,卖盘
1069,14:54:42,10.45,0.0,1,1045,卖盘
1070,14:55:04,10.46,0.01,21,21966,买盘
1071,14:55:12,10.46,0.0,29,30334,买盘
1072,14:55:39,10.46,0.0,15,15690,卖盘
1073,14:55:45,10.46,0.0,5,5230,买盘
1074,14:55:51,10.46,0.0,37,38702,卖盘
1075,14:56:19,10.47,0.01,10,10470,买盘
1076,14:56:30,10.45,-0.02,37,38673,卖盘
1077,14:56:33,10.45,0.0,4,4182,卖盘
1078,14:56:58,10.46,0.01,5,5230,卖盘
1079,15:00:03,10.47,0.01,123,128781,卖盘
