,time,price,change,volume,amount,type
0,09:25:04,7.39,0.05,164,121196,卖盘
1,09:30:04,7.39,0.0,16,11836,卖盘
2,09:30:07,7.4,0.01,341,252265,买盘
3,09:30:13,7.4,0.0,165,122110,卖盘
4,09:30:19,7.39,-0.01,13,9607,买盘
5,09:30:25,7.39,0.0,3,2217,买盘
6,09:30:31,7.39,0.0,24,17736,买盘
7,09:30:34,7.37,-0.02,15,11055,卖盘
8,09:30:37,7.38,0.01,17,12530,买盘
9,09:30:40,7.38,0.0,4,2952,买盘
10,09:30:49,7.37,-0.01,48,35403,卖盘
11,09:30:52,7.37,0.0,3,2211,卖盘
12,09:30:58,7.37,0.0,10,7370,卖盘
13,09:31:10,7.37,0.0,17,12529,卖盘
14,09:31:13,7.37,0.0,847,624239,卖盘
15,09:31:19,7.35,-0.02,10,7350,卖盘
16,09:31:22,7.35,0.0,115,84690,卖盘
17,09:31:25,7.35,0.0,3,2205,卖盘
18,09:31:34,7.35,0.0,16,11760,卖盘
19,09:31:43,7.35,0.0,39,28684,卖盘
20,09:31:58,7.35,0.0,75,55125,卖盘
21,09:32:19,7.35,0.0,29,21315,买盘
22,09:32:22,7.35,0.0,70,51411,卖盘
23,09:32:25,7.35,0.0,10,7350,卖盘
24,09:32:28,7.35,0.0,30,22050,卖盘
25,09:32:34,7.35,0.0,9,6615,卖盘
26,09:32:37,7.35,0.0,5,3675,卖盘
27,09:32:40,7.35,0.0,10,7350,买盘
28,09:32:46,7.34,-0.01,14,10276,卖盘
29,09:32:49,7.34,0.0,129,94795,卖盘
30,09:32:55,7.36,0.02,3,2208,买盘
31,09:33:04,7.34,-0.02,5,3671,卖盘
32,09:33:07,7.35,0.01,33,24255,买盘
33,09:33:10,7.35,0.0,40,29400,买盘
34,09:33:13,7.35,0.0,1,735,买盘
35,09:33:16,7.35,0.0,1,735,买盘
36,09:33:31,7.35,0.0,4,2940,卖盘
37,09:33:34,7.34,-0.01,30,22046,卖盘
38,09:33:37,7.35,0.01,5,3675,买盘
39,09:33:46,7.35,0.0,7,5145,买盘
40,09:33:52,7.35,0.0,29,21315,买盘
41,09:33:55,7.34,-0.01,7,5138,卖盘
42,09:33:58,7.34,0.0,28,20574,卖盘
43,09:34:04,7.34,0.0,40,29360,卖盘
44,09:34:13,7.34,0.0,16,11744,卖盘
45,09:34:19,7.34,0.0,139,102026,卖盘
46,09:34:25,7.34,0.0,21,15414,卖盘
47,09:34:37,7.33,-0.01,172,126076,卖盘
48,09:34:43,7.33,0.0,33,24199,卖盘
49,09:34:52,7.33,0.0,309,226497,卖盘
50,09:34:55,7.33,0.0,10,7330,买盘
51,09:34:58,7.32,-0.01,76,55632,卖盘
52,09:35:06,7.31,-0.01,180,131653,卖盘
53,09:35:13,7.31,0.0,2,1462,卖盘
54,09:35:25,7.32,0.01,8,5851,买盘
55,09:35:31,7.31,-0.01,3,2193,卖盘
56,09:35:34,7.31,0.0,49,35819,卖盘
57,09:35:37,7.33,0.02,1,733,买盘
58,09:35:40,7.33,0.0,11,8061,买盘
59,09:36:10,7.31,-0.02,3,2193,卖盘
60,09:36:16,7.31,0.0,2,1462,卖盘
61,09:36:25,7.32,0.01,16,11712,买盘
62,09:36:31,7.31,-0.01,3,2193,卖盘
63,09:36:37,7.32,0.01,25,18300,买盘
64,09:36:40,7.32,0.0,7,5124,买盘
65,09:36:46,7.34,0.02,34,24891,买盘
66,09:36:49,7.31,-0.03,4,2926,卖盘
67,09:37:07,7.34,0.03,2,1468,买盘
68,09:37:19,7.33,-0.01,13,9529,卖盘
69,09:37:22,7.33,0.0,7,5131,卖盘
70,09:37:25,7.33,0.0,22,16126,买盘
71,09:37:28,7.34,0.01,21,15413,买盘
72,09:37:31,7.33,-0.01,16,11728,卖盘
73,09:37:34,7.33,0.0,1,733,中性盘
74,09:37:46,7.35,0.02,20,14700,买盘
75,09:37:49,7.35,0.0,16,11760,买盘
76,09:37:55,7.35,0.0,7,5145,买盘
77,09:38:07,7.32,-0.03,146,106891,卖盘
78,09:38:10,7.32,0.0,20,14640,买盘
79,09:38:13,7.32,0.0,38,27816,买盘
80,09:38:22,7.33,0.01,11,8063,卖盘
81,09:38:25,7.33,0.0,2,1466,卖盘
82,09:38:28,7.31,-0.02,17,12427,卖盘
83,09:38:40,7.33,0.02,4,2932,买盘
84,09:38:43,7.32,-0.01,2,1464,卖盘
85,09:39:10,7.33,0.01,32,23456,买盘
86,09:39:13,7.34,0.01,16,11732,买盘
87,09:39:28,7.33,-0.01,20,14660,卖盘
88,09:39:43,7.32,-0.01,54,39528,卖盘
89,09:39:52,7.33,0.01,70,51310,买盘
90,09:39:55,7.34,0.01,16,11743,买盘
91,09:39:58,7.34,0.0,32,23428,买盘
92,09:40:01,7.32,-0.02,3,2198,卖盘
93,09:40:04,7.34,0.02,3,2202,买盘
94,09:40:07,7.34,0.0,1,734,买盘
95,09:40:10,7.34,0.0,4,2936,买盘
96,09:40:13,7.34,0.0,2,1468,买盘
97,09:40:16,7.34,0.0,13,9531,买盘
98,09:40:22,7.34,0.0,7,5134,买盘
99,09:40:25,7.34,0.0,3,2202,买盘
100,09:40:28,7.34,0.0,1,734,买盘
101,09:40:31,7.34,0.0,10,7340,买盘
102,09:40:37,7.34,0.0,1,734,买盘
103,09:40:40,7.34,0.0,10,7340,买盘
104,09:41:01,7.34,0.0,5,3669,买盘
105,09:41:07,7.34,0.0,2,1468,买盘
106,09:41:10,7.34,0.0,13,9542,买盘
107,09:41:13,7.34,0.0,3,2202,买盘
108,09:41:16,7.35,0.01,1,735,买盘
109,09:41:19,7.35,0.0,2,1470,买盘
110,09:41:22,7.35,0.0,2,1470,买盘
111,09:41:25,7.35,0.0,3,2205,买盘
112,09:41:31,7.35,0.0,1,735,买盘
113,09:41:55,7.35,0.0,20,14700,买盘
114,09:42:01,7.35,0.0,3,2205,买盘
115,09:42:04,7.35,0.0,1,735,买盘
116,09:42:07,7.34,-0.01,19,13949,卖盘
117,09:42:10,7.35,0.01,85,62469,买盘
118,09:42:13,7.35,0.0,58,42627,买盘
119,09:42:16,7.35,0.0,19,13935,买盘
120,09:42:19,7.35,0.0,2,1470,买盘
121,09:42:22,7.35,0.0,3,2205,买盘
122,09:42:28,7.33,-0.02,3,2199,卖盘
123,09:42:40,7.33,0.0,16,11743,卖盘
124,09:42:52,7.33,0.0,29,21257,卖盘
125,09:42:58,7.33,0.0,77,56441,卖盘
126,09:43:01,7.33,0.0,34,24918,卖盘
127,09:43:04,7.33,0.0,9,6597,卖盘
128,09:43:07,7.33,0.0,2,1466,买盘
129,09:43:10,7.33,0.0,1,733,买盘
130,09:43:16,7.32,-0.01,35,25653,卖盘
131,09:43:19,7.33,0.01,3,2199,买盘
132,09:43:22,7.33,0.0,1,733,买盘
133,09:43:25,7.33,0.0,11,8054,买盘
134,09:43:31,7.33,0.0,4,2932,买盘
135,09:43:34,7.34,0.01,8,5871,买盘
136,09:43:37,7.34,0.0,1,734,买盘
137,09:43:43,7.32,-0.02,67,49044,卖盘
138,09:44:01,7.34,0.02,7,5133,买盘
139,09:44:07,7.33,-0.01,4,2932,买盘
140,09:44:10,7.32,-0.01,8,5856,卖盘
141,09:44:13,7.33,0.01,28,20501,买盘
142,09:44:16,7.33,0.0,2,1466,买盘
143,09:44:19,7.33,0.0,1,733,买盘
144,09:44:22,7.33,0.0,2,1466,买盘
145,09:44:25,7.32,-0.01,25,18277,中性盘
146,09:44:28,7.32,0.0,3,2196,买盘
147,09:44:31,7.32,0.0,4,2928,卖盘
148,09:44:34,7.33,0.01,3,2197,买盘
149,09:44:55,7.31,-0.02,1,731,卖盘
150,09:45:01,7.33,0.02,27,19763,买盘
151,09:45:07,7.33,0.0,38,27854,卖盘
152,09:45:10,7.33,0.0,2,1466,买盘
153,09:45:13,7.33,0.0,19,13927,买盘
154,09:45:16,7.33,0.0,19,13927,买盘
155,09:45:19,7.33,0.0,35,25655,买盘
156,09:45:22,7.33,0.0,1,733,买盘
157,09:45:25,7.33,0.0,19,13927,买盘
158,09:45:28,7.33,0.0,1,733,买盘
159,09:45:31,7.33,0.0,2,1466,买盘
160,09:45:34,7.33,0.0,20,14660,买盘
161,09:45:43,7.33,0.0,43,31519,买盘
162,09:45:46,7.33,0.0,4,2932,卖盘
163,09:45:52,7.33,0.0,1,733,卖盘
164,09:45:57,7.33,0.0,33,24189,卖盘
165,09:46:07,7.34,0.01,2,1468,买盘
166,09:46:10,7.34,0.0,3,2202,买盘
167,09:46:13,7.34,0.0,1,734,买盘
168,09:46:19,7.34,0.0,4,2936,买盘
169,09:46:22,7.34,0.0,11,8074,买盘
170,09:46:25,7.34,0.0,1,734,买盘
171,09:46:28,7.34,0.0,3,2202,买盘
172,09:46:31,7.34,0.0,6,4404,买盘
173,09:46:34,7.34,0.0,2,1468,买盘
174,09:46:37,7.34,0.0,11,8074,买盘
175,09:46:43,7.34,0.0,2,1468,买盘
176,09:47:10,7.34,0.0,3,2202,买盘
177,09:47:12,7.34,0.0,3,2202,买盘
178,09:47:16,7.34,0.0,3,2202,买盘
179,09:47:19,7.34,0.0,1,734,买盘
180,09:47:22,7.34,0.0,13,9538,买盘
181,09:47:25,7.34,0.0,1,734,买盘
182,09:47:31,7.34,0.0,3,2202,买盘
183,09:47:34,7.34,0.0,3,2202,买盘
184,09:47:37,7.34,0.0,2,1468,买盘
185,09:47:43,7.33,-0.01,17,12461,卖盘
186,09:47:58,7.33,0.0,30,21990,卖盘
187,09:48:10,7.34,0.01,1,734,买盘
188,09:48:13,7.34,0.0,103,75602,买盘
189,09:48:16,7.34,0.0,3,2202,买盘
190,09:48:22,7.34,0.0,1,734,买盘
191,09:48:25,7.34,0.0,6,4404,买盘
192,09:48:28,7.34,0.0,52,38168,买盘
193,09:48:31,7.35,0.01,1,735,买盘
194,09:48:34,7.35,0.0,2,1470,买盘
195,09:48:37,7.35,0.0,3,2205,买盘
196,09:48:40,7.35,0.0,52,38220,买盘
197,09:48:43,7.35,0.0,89,65415,买盘
198,09:49:01,7.35,0.0,5,3675,买盘
199,09:49:09,7.35,0.0,3,2205,买盘
200,09:49:16,7.35,0.0,3,2205,买盘
201,09:49:19,7.35,0.0,5,3675,买盘
202,09:49:25,7.35,0.0,2,1470,买盘
203,09:49:28,7.35,0.0,2,1470,买盘
204,09:49:31,7.35,0.0,1,735,买盘
205,09:49:34,7.35,0.0,1,735,买盘
206,09:49:37,7.35,0.0,2,1470,买盘
207,09:49:40,7.34,-0.01,2,1468,卖盘
208,09:49:43,7.35,0.01,2,1470,买盘
209,09:50:12,7.35,0.0,3,2205,买盘
210,09:50:16,7.35,0.0,3,2205,买盘
211,09:50:19,7.35,0.0,2,1470,买盘
212,09:50:21,7.35,0.0,1,735,买盘
213,09:50:28,7.35,0.0,5,3675,买盘
214,09:50:34,7.35,0.0,2,1470,买盘
215,09:50:36,7.35,0.0,3,2205,买盘
216,09:50:39,7.35,0.0,2,1470,买盘
217,09:50:49,7.35,0.0,56,41160,买盘
218,09:51:01,7.34,-0.01,45,33030,卖盘
219,09:51:10,7.34,0.0,2,1468,卖盘
220,09:51:13,7.34,0.0,12,8818,卖盘
221,09:51:16,7.34,0.0,20,14680,卖盘
222,09:51:19,7.35,0.01,42,30830,买盘
223,09:51:22,7.34,-0.01,7,5138,卖盘
224,09:51:25,7.34,0.0,3,2202,买盘
225,09:51:28,7.34,0.0,3,2202,买盘
226,09:51:31,7.34,0.0,7,5138,买盘
227,09:51:37,7.34,0.0,2,1468,买盘
228,09:51:40,7.33,-0.01,17,12462,卖盘
229,09:51:43,7.33,0.0,18,13196,卖盘
230,09:51:46,7.34,0.01,2,1468,买盘
231,09:52:01,7.33,-0.01,70,51310,卖盘
232,09:52:16,7.34,0.01,27,19814,买盘
233,09:52:19,7.34,0.0,1,734,买盘
234,09:52:22,7.34,0.0,4,2936,买盘
235,09:52:25,7.34,0.0,52,38118,买盘
236,09:52:31,7.34,0.0,5,3670,买盘
237,09:52:34,7.34,0.0,2,1468,买盘
238,09:52:37,7.34,0.0,32,23488,买盘
239,09:52:40,7.34,0.0,19,13946,买盘
240,09:52:43,7.34,0.0,25,18350,买盘
241,09:52:46,7.34,0.0,11,8074,买盘
242,09:52:49,7.34,0.0,8,5872,卖盘
243,09:52:52,7.34,0.0,3,2202,买盘
244,09:52:55,7.35,0.01,16,11752,买盘
245,09:53:19,7.34,-0.01,5,3670,买盘
246,09:53:22,7.34,0.0,1,734,买盘
247,09:53:25,7.34,0.0,20,14663,买盘
248,09:53:31,7.34,0.0,18,13196,买盘
249,09:53:34,7.33,-0.01,26,19059,卖盘
250,09:53:36,7.33,0.0,14,10262,卖盘
251,09:53:40,7.33,0.0,2,1466,买盘
252,09:53:43,7.34,0.01,6,4404,买盘
253,09:53:46,7.32,-0.02,17,12446,卖盘
254,09:53:52,7.32,0.0,8,5856,卖盘
255,09:53:54,7.32,0.0,36,26352,卖盘
256,09:54:01,7.32,0.0,1,732,买盘
257,09:54:04,7.31,-0.01,16,11703,卖盘
258,09:54:19,7.32,0.01,1,732,买盘
259,09:54:22,7.34,0.02,3,2200,买盘
260,09:54:25,7.32,-0.02,3,2196,中性盘
261,09:54:31,7.32,0.0,2,1464,买盘
262,09:54:34,7.32,0.0,1,732,买盘
263,09:54:37,7.32,0.0,2,1464,买盘
264,09:54:40,7.32,0.0,1,732,买盘
265,09:54:43,7.32,0.0,1,732,买盘
266,09:54:46,7.32,0.0,1,732,买盘
267,09:54:49,7.32,0.0,3,2196,买盘
268,09:54:52,7.32,0.0,14,10248,买盘
269,09:55:22,7.33,0.01,5,3665,买盘
270,09:55:28,7.32,-0.01,4,2930,卖盘
271,09:55:31,7.33,0.01,17,12461,买盘
272,09:55:34,7.34,0.01,18,13212,买盘
273,09:55:37,7.34,0.0,3,2202,买盘
274,09:55:40,7.34,0.0,3,2202,买盘
275,09:55:43,7.35,0.01,2,1469,买盘
276,09:55:46,7.35,0.0,2,1470,买盘
277,09:55:49,7.33,-0.02,1,733,中性盘
278,09:56:06,7.33,0.0,12,8796,买盘
279,09:56:19,7.33,0.0,10,7330,中性盘
280,09:56:22,7.34,0.01,3,2202,买盘
281,09:56:25,7.34,0.0,27,19818,买盘
282,09:56:28,7.34,0.0,5,3671,卖盘
283,09:56:31,7.34,0.0,3,2204,卖盘
284,09:56:34,7.35,0.01,3,2205,买盘
285,09:56:37,7.35,0.0,1,735,买盘
286,09:56:40,7.35,0.0,24,17619,买盘
287,09:56:43,7.34,-0.01,2,1468,中性盘
288,09:56:46,7.34,0.0,1,734,买盘
289,09:56:49,7.35,0.01,50,36732,买盘
290,09:56:52,7.35,0.0,1,735,买盘
291,09:56:55,7.35,0.0,3,2205,买盘
292,09:57:31,7.35,0.0,2,1470,买盘
293,09:57:34,7.35,0.0,146,107310,买盘
294,09:57:37,7.36,0.01,6,4416,买盘
295,09:57:40,7.36,0.0,1,736,买盘
296,09:57:46,7.36,0.0,2,1472,买盘
297,09:57:49,7.35,-0.01,3,2205,买盘
298,09:57:52,7.35,0.0,1,735,买盘
299,09:57:55,7.35,0.0,1,735,买盘
300,09:57:58,7.34,-0.01,5,3670,卖盘
301,09:58:01,7.34,0.0,1,734,买盘
302,09:58:04,7.34,0.0,1,734,买盘
303,09:58:07,7.34,0.0,16,11744,买盘
304,09:58:43,7.34,0.0,4,2936,买盘
305,09:58:49,7.34,0.0,6,4404,买盘
306,09:58:54,7.34,0.0,1,734,买盘
307,09:58:58,7.34,0.0,2,1468,买盘
308,09:59:01,7.34,0.0,1,734,买盘
309,09:59:04,7.34,0.0,3,2202,买盘
310,09:59:07,7.33,-0.01,18,13195,卖盘
311,09:59:10,7.34,0.01,2,1468,买盘
312,09:59:13,7.34,0.0,1,734,买盘
313,09:59:22,7.34,0.0,128,93952,买盘
314,09:59:52,7.34,0.0,92,67528,买盘
315,09:59:58,7.34,0.0,1,734,卖盘
316,10:00:01,7.34,0.0,30,22020,卖盘
317,10:00:04,7.35,0.01,1,735,买盘
318,10:00:06,7.34,-0.01,4,2936,卖盘
319,10:00:10,7.34,0.0,7,5138,卖盘
320,10:00:25,7.34,0.0,10,7340,买盘
321,10:00:37,7.33,-0.01,28,20536,卖盘
322,10:00:39,7.33,0.0,16,11728,卖盘
323,10:00:46,7.33,0.0,30,21990,卖盘
324,10:00:49,7.33,0.0,12,8796,卖盘
325,10:01:01,7.33,0.0,22,16126,卖盘
326,10:01:04,7.33,0.0,2,1466,卖盘
327,10:01:07,7.33,0.0,13,9529,卖盘
328,10:01:09,7.33,0.0,5,3665,卖盘
329,10:01:12,7.33,0.0,57,41781,卖盘
330,10:01:18,7.33,0.0,40,29320,卖盘
331,10:01:25,7.33,0.0,18,13194,卖盘
332,10:01:31,7.33,0.0,3,2199,卖盘
333,10:01:34,7.33,0.0,1,733,卖盘
334,10:01:36,7.33,0.0,2,1466,卖盘
335,10:02:01,7.33,0.0,3,2199,卖盘
336,10:02:40,7.32,-0.01,181,132492,卖盘
337,10:02:43,7.33,0.01,22,16126,买盘
338,10:02:52,7.33,0.0,16,11728,卖盘
339,10:02:55,7.33,0.0,49,35917,卖盘
340,10:03:04,7.32,-0.01,32,23424,卖盘
341,10:03:10,7.32,0.0,26,19032,卖盘
342,10:03:22,7.31,-0.01,6,4390,卖盘
343,10:03:24,7.32,0.01,12,8784,买盘
344,10:03:37,7.31,-0.01,401,293216,卖盘
345,10:03:40,7.31,0.0,18,13158,买盘
346,10:03:43,7.31,0.0,36,26316,买盘
347,10:03:49,7.31,0.0,36,26316,买盘
348,10:03:54,7.28,-0.03,619,451629,卖盘
349,10:03:57,7.3,0.02,114,83220,中性盘
350,10:04:01,7.3,0.0,43,31390,买盘
351,10:04:04,7.3,0.0,18,13140,买盘
352,10:04:07,7.3,0.0,5,3650,卖盘
353,10:04:10,7.31,0.01,2,1462,买盘
354,10:04:13,7.32,0.01,3,2195,买盘
355,10:04:16,7.31,-0.01,5,3657,卖盘
356,10:04:19,7.31,0.0,10,7313,卖盘
357,10:04:22,7.32,0.01,3,2196,买盘
358,10:04:25,7.31,-0.01,49,35821,卖盘
359,10:04:28,7.32,0.01,3,2196,买盘
360,10:04:30,7.31,-0.01,69,50475,卖盘
361,10:04:33,7.31,0.0,4,2924,买盘
362,10:04:37,7.31,0.0,41,29971,买盘
363,10:04:40,7.31,0.0,3,2193,买盘
364,10:04:46,7.31,0.0,34,24854,买盘
365,10:04:51,7.31,0.0,38,27778,买盘
366,10:04:55,7.31,0.0,3,2193,买盘
367,10:04:58,7.3,-0.01,18,13141,卖盘
368,10:05:01,7.31,0.01,23,16813,买盘
369,10:05:06,7.31,0.0,2,1462,买盘
370,10:05:10,7.31,0.0,16,11696,买盘
371,10:05:13,7.3,-0.01,10,7306,卖盘
372,10:05:16,7.31,0.01,25,18275,买盘
373,10:05:19,7.31,0.0,66,48246,买盘
374,10:05:22,7.32,0.01,23,16790,买盘
375,10:05:25,7.32,0.0,19,13859,买盘
376,10:05:28,7.31,-0.01,32,23392,中性盘
377,10:05:40,7.32,0.01,3,2196,买盘
378,10:05:48,7.32,0.0,125,91500,卖盘
379,10:05:51,7.32,0.0,18,13176,买盘
380,10:05:55,7.33,0.01,4,2932,买盘
381,10:05:58,7.32,-0.01,9,6588,卖盘
382,10:06:01,7.32,0.0,46,33675,卖盘
383,10:06:04,7.32,0.0,4,2928,买盘
384,10:06:06,7.32,0.0,2,1464,买盘
385,10:06:10,7.32,0.0,41,30012,买盘
386,10:06:16,7.32,0.0,2,1464,买盘
387,10:06:19,7.32,0.0,5,3660,买盘
388,10:06:24,7.32,0.0,3,2196,买盘
389,10:06:28,7.31,-0.01,96,70176,卖盘
390,10:07:01,7.31,0.0,2,1462,买盘
391,10:07:07,7.31,0.0,8,5846,买盘
392,10:07:13,7.31,0.0,2,1462,买盘
393,10:07:16,7.31,0.0,2,1462,买盘
394,10:07:19,7.31,0.0,2,1462,买盘
395,10:07:22,7.31,0.0,1,731,买盘
396,10:07:25,7.31,0.0,10,7302,买盘
397,10:07:27,7.31,0.0,2,1462,买盘
398,10:07:31,7.31,0.0,1,731,买盘
399,10:07:34,7.31,0.0,2,1462,买盘
400,10:07:37,7.31,0.0,2,1462,买盘
401,10:07:40,7.31,0.0,5,3655,买盘
402,10:07:58,7.31,0.0,5,3655,买盘
403,10:08:04,7.31,0.0,3,2193,买盘
404,10:08:07,7.31,0.0,2,1462,买盘
405,10:08:10,7.31,0.0,2,1462,买盘
406,10:08:13,7.31,0.0,2,1462,买盘
407,10:08:15,7.31,0.0,2,1462,买盘
408,10:08:19,7.31,0.0,3,2193,买盘
409,10:08:22,7.31,0.0,2,1462,买盘
410,10:08:28,7.31,0.0,5,3653,买盘
411,10:08:34,7.31,0.0,3,2193,买盘
412,10:08:37,7.31,0.0,1,731,买盘
413,10:09:07,7.31,0.0,6,4386,买盘
414,10:09:10,7.31,0.0,2,1462,买盘
415,10:09:16,7.31,0.0,4,2924,买盘
416,10:09:22,7.31,0.0,4,2924,买盘
417,10:09:25,7.31,0.0,1,731,买盘
418,10:09:28,7.31,0.0,3,2193,买盘
419,10:09:31,7.3,-0.01,10,7300,卖盘
420,10:09:33,7.3,0.0,15,10950,买盘
421,10:09:40,7.3,0.0,3,2190,买盘
422,10:10:06,7.31,0.01,2,1462,买盘
423,10:10:13,7.31,0.0,20,14588,买盘
424,10:10:16,7.31,0.0,2,1462,买盘
425,10:10:19,7.31,0.0,16,11696,买盘
426,10:10:22,7.31,0.0,2,1462,买盘
427,10:10:25,7.31,0.0,20,14620,买盘
428,10:10:27,7.31,0.0,2,1462,买盘
429,10:10:31,7.31,0.0,18,13158,买盘
430,10:10:34,7.31,0.0,2,1462,买盘
431,10:10:37,7.31,0.0,10,7310,买盘
432,10:10:40,7.31,0.0,1,731,买盘
433,10:10:43,7.31,0.0,6,4386,买盘
434,10:10:49,7.31,0.0,26,19006,买盘
435,10:11:07,7.31,0.0,5,3655,中性盘
436,10:11:22,7.32,0.01,15,10980,买盘
437,10:11:24,7.32,0.0,2,1464,买盘
438,10:11:28,7.32,0.0,2,1464,买盘
439,10:11:31,7.32,0.0,6,4392,买盘
440,10:11:37,7.32,0.0,3,2196,买盘
441,10:11:40,7.32,0.0,4,2928,买盘
442,10:11:42,7.32,0.0,2,1464,买盘
443,10:11:46,7.31,-0.01,2,1462,卖盘
444,10:11:49,7.32,0.01,3,2196,买盘
445,10:11:52,7.32,0.0,2,1464,买盘
446,10:11:57,7.32,0.0,30,21960,买盘
447,10:12:04,7.32,0.0,1,732,买盘
448,10:12:06,7.32,0.0,5,3660,卖盘
449,10:12:13,7.32,0.0,4,2928,卖盘
450,10:12:25,7.33,0.01,20,14624,买盘
451,10:12:28,7.33,0.0,19,13895,买盘
452,10:12:34,7.33,0.0,2,1466,买盘
453,10:12:37,7.33,0.0,3,2199,买盘
454,10:12:43,7.33,0.0,3,2199,买盘
455,10:12:46,7.33,0.0,4,2932,买盘
456,10:12:52,7.31,-0.02,30,21930,卖盘
457,10:13:01,7.31,0.0,21,15351,卖盘
458,10:13:07,7.31,0.0,4,2924,卖盘
459,10:13:19,7.3,-0.01,63,46034,卖盘
460,10:13:22,7.32,0.02,3,2196,买盘
461,10:13:28,7.31,-0.01,5,3655,买盘
462,10:13:31,7.31,0.0,2,1462,买盘
463,10:13:34,7.32,0.01,3,2195,买盘
464,10:13:37,7.32,0.0,3,2196,买盘
465,10:13:39,7.32,0.0,2,1464,买盘
466,10:13:46,7.32,0.0,3,2196,买盘
467,10:13:49,7.3,-0.02,29,21170,卖盘
468,10:13:52,7.32,0.02,1,732,买盘
469,10:13:55,7.32,0.0,2,1464,买盘
470,10:14:10,7.3,-0.02,21,15330,卖盘
471,10:14:19,7.3,0.0,2,1460,卖盘
472,10:14:25,7.32,0.02,2,1464,买盘
473,10:14:28,7.31,-0.01,1,731,中性盘
474,10:14:31,7.32,0.01,3,2195,买盘
475,10:14:34,7.32,0.0,1,732,买盘
476,10:14:36,7.32,0.0,3,2196,买盘
477,10:14:40,7.32,0.0,1,732,买盘
478,10:14:46,7.32,0.0,4,2928,买盘
479,10:14:52,7.32,0.0,1,732,买盘
480,10:14:55,7.32,0.0,3,2196,买盘
481,10:14:58,7.32,0.0,5,3660,买盘
482,10:15:01,7.3,-0.02,16,11680,卖盘
483,10:15:13,7.3,0.0,16,11680,卖盘
484,10:15:16,7.3,0.0,16,11680,卖盘
485,10:15:19,7.3,0.0,17,12410,卖盘
486,10:15:25,7.31,0.01,2,1462,买盘
487,10:15:28,7.3,-0.01,16,11680,卖盘
488,10:15:31,7.3,0.0,11,8037,卖盘
489,10:15:36,7.31,0.01,6,4389,中性盘
490,10:15:43,7.29,-0.02,13,9481,卖盘
491,10:15:46,7.3,0.01,4,2920,买盘
492,10:15:49,7.29,-0.01,11,8021,卖盘
493,10:15:52,7.31,0.02,25,18233,买盘
494,10:15:55,7.31,0.0,2,1462,买盘
495,10:16:01,7.3,-0.01,10,7300,中性盘
496,10:16:09,7.29,-0.01,26,18954,卖盘
497,10:16:13,7.29,0.0,16,11664,卖盘
498,10:16:25,7.3,0.01,3,2190,买盘
499,10:16:31,7.3,0.0,4,2920,买盘
500,10:16:37,7.3,0.0,6,4380,买盘
501,10:16:39,7.29,-0.01,16,11664,卖盘
502,10:16:43,7.3,0.01,4,2920,买盘
503,10:16:46,7.3,0.0,20,14602,卖盘
504,10:16:49,7.3,0.0,3,2190,中性盘
505,10:16:52,7.3,0.0,2,1460,买盘
506,10:16:55,7.31,0.01,1,731,买盘
507,10:16:58,7.31,0.0,1,731,买盘
508,10:17:28,7.31,0.0,2,1462,买盘
509,10:17:31,7.31,0.0,22,16042,买盘
510,10:17:33,7.29,-0.02,2,1458,卖盘
511,10:17:36,7.31,0.02,3,2193,买盘
512,10:17:39,7.31,0.0,3,2193,买盘
513,10:17:46,7.31,0.0,25,18275,买盘
514,10:17:49,7.31,0.0,5,3655,买盘
515,10:17:54,7.31,0.0,2,1462,买盘
516,10:17:58,7.31,0.0,2,1462,买盘
517,10:18:01,7.31,0.0,4,2922,买盘
518,10:18:04,7.31,0.0,1,731,买盘
519,10:18:22,7.29,-0.02,22,16049,卖盘
520,10:18:28,7.31,0.02,2,1462,买盘
521,10:18:31,7.3,-0.01,3,2190,卖盘
522,10:18:33,7.3,0.0,2,1460,买盘
523,10:18:37,7.3,0.0,2,1460,买盘
524,10:18:40,7.3,0.0,3,2190,买盘
525,10:18:45,7.3,0.0,5,3650,买盘
526,10:18:49,7.31,0.01,3,2193,买盘
527,10:18:55,7.31,0.0,5,3655,买盘
528,10:18:58,7.31,0.0,3,2193,买盘
529,10:19:07,7.3,-0.01,11,8030,卖盘
530,10:19:10,7.29,-0.01,16,11664,卖盘
531,10:19:30,7.3,0.01,7,5110,买盘
532,10:19:34,7.31,0.01,4,2924,买盘
533,10:19:37,7.31,0.0,27,19720,买盘
534,10:19:39,7.31,0.0,3,2192,买盘
535,10:19:42,7.31,0.0,2,1462,买盘
536,10:19:49,7.3,-0.01,2,1460,买盘
537,10:19:51,7.3,0.0,7,5110,买盘
538,10:19:55,7.31,0.01,2,1461,买盘
539,10:19:58,7.31,0.0,2,1462,买盘
540,10:20:00,7.31,0.0,24,17504,买盘
541,10:20:04,7.31,0.0,1,731,买盘
542,10:20:12,7.31,0.0,33,24123,买盘
543,10:20:25,7.31,0.0,11,8041,买盘
544,10:20:31,7.31,0.0,15,10965,买盘
545,10:20:34,7.31,0.0,12,8772,买盘
546,10:20:37,7.31,0.0,3,2193,买盘
547,10:20:40,7.31,0.0,3,2193,买盘
548,10:20:42,7.31,0.0,3,2193,买盘
549,10:20:46,7.31,0.0,1,731,买盘
550,10:20:49,7.3,-0.01,21,15330,卖盘
551,10:20:52,7.31,0.01,3,2193,买盘
552,10:20:55,7.32,0.01,2,1464,买盘
553,10:20:58,7.32,0.0,3,2196,买盘
554,10:21:00,7.32,0.0,2,1464,买盘
555,10:21:04,7.32,0.0,2,1464,买盘
556,10:21:06,7.32,0.0,19,13908,买盘
557,10:21:19,7.32,0.0,44,32208,买盘
558,10:21:21,7.32,0.0,2,1464,买盘
559,10:21:33,7.32,0.0,14,10248,买盘
560,10:21:37,7.32,0.0,3,2196,买盘
561,10:21:40,7.32,0.0,18,13160,买盘
562,10:21:43,7.32,0.0,6,4392,买盘
563,10:21:46,7.32,0.0,1,732,买盘
564,10:21:49,7.32,0.0,6,4388,买盘
565,10:21:52,7.32,0.0,3,2196,买盘
566,10:21:55,7.32,0.0,2,1464,买盘
567,10:21:57,7.32,0.0,2,1464,买盘
568,10:22:00,7.32,0.0,1,732,买盘
569,10:22:04,7.32,0.0,14,10248,买盘
570,10:22:06,7.31,-0.01,18,13159,卖盘
571,10:22:13,7.31,0.0,16,11696,卖盘
572,10:22:27,7.31,0.0,11,8042,卖盘
573,10:22:31,7.3,-0.01,22,16060,卖盘
574,10:22:34,7.31,0.01,26,19006,买盘
575,10:22:37,7.31,0.0,5,3653,买盘
576,10:22:40,7.31,0.0,2,1462,买盘
577,10:22:46,7.31,0.0,2,1462,买盘
578,10:22:48,7.31,0.0,4,2923,买盘
579,10:22:51,7.31,0.0,2,1462,买盘
580,10:22:55,7.31,0.0,1,731,买盘
581,10:22:58,7.31,0.0,5,3652,买盘
582,10:23:04,7.31,0.0,16,11696,买盘
583,10:23:07,7.3,-0.01,9,6571,卖盘
584,10:23:10,7.3,0.0,3,2190,卖盘
585,10:23:13,7.3,0.0,5,3650,卖盘
586,10:23:16,7.3,0.0,4,2920,卖盘
587,10:23:18,7.3,0.0,1,730,卖盘
588,10:23:22,7.29,-0.01,17,12400,卖盘
589,10:23:28,7.3,0.01,16,11680,买盘
590,10:23:31,7.3,0.0,9,6570,卖盘
591,10:23:34,7.31,0.01,13,9499,买盘
592,10:23:37,7.31,0.0,3,2193,买盘
593,10:23:40,7.31,0.0,3,2193,买盘
594,10:23:43,7.31,0.0,4,2924,买盘
595,10:23:49,7.31,0.0,1,731,买盘
596,10:23:52,7.31,0.0,4,2924,买盘
597,10:23:58,7.31,0.0,2,1462,买盘
598,10:24:01,7.31,0.0,3,2193,买盘
599,10:24:04,7.31,0.0,4,2924,买盘
600,10:24:09,7.29,-0.02,19,13862,卖盘
601,10:24:16,7.31,0.02,32,23392,买盘
602,10:24:19,7.31,0.0,16,11696,买盘
603,10:24:28,7.31,0.0,52,38012,买盘
604,10:24:37,7.31,0.0,11,8041,买盘
605,10:24:40,7.31,0.0,3,2193,买盘
606,10:24:42,7.31,0.0,2,1462,买盘
607,10:24:46,7.31,0.0,2,1462,买盘
608,10:24:48,7.31,0.0,3,2193,买盘
609,10:24:52,7.31,0.0,3,2193,买盘
610,10:24:55,7.31,0.0,3,2193,买盘
611,10:24:58,7.32,0.01,3,2195,买盘
612,10:25:01,7.32,0.0,26,18969,买盘
613,10:25:04,7.3,-0.02,2,1460,卖盘
614,10:25:06,7.32,0.02,2,1464,买盘
615,10:25:19,7.32,0.0,1,732,买盘
616,10:25:36,7.32,0.0,11,8052,买盘
617,10:25:40,7.32,0.0,3,2196,买盘
618,10:25:46,7.32,0.0,3,2196,买盘
619,10:25:49,7.3,-0.02,19,13888,卖盘
620,10:25:52,7.32,0.02,2,1464,买盘
621,10:25:55,7.32,0.0,1,732,买盘
622,10:25:58,7.32,0.0,3,2196,买盘
623,10:26:01,7.32,0.0,3,2196,买盘
624,10:26:07,7.32,0.0,2,1464,买盘
625,10:26:10,7.32,0.0,2,1464,买盘
626,10:26:13,7.32,0.0,3,2196,买盘
627,10:26:16,7.32,0.0,1,732,买盘
628,10:26:19,7.31,-0.01,1,731,卖盘
629,10:26:25,7.32,0.01,3,2196,买盘
630,10:26:28,7.32,0.0,2,1464,买盘
631,10:26:31,7.32,0.0,2,1464,买盘
632,10:26:34,7.32,0.0,2,1464,买盘
633,10:26:36,7.32,0.0,2,1464,买盘
634,10:26:39,7.32,0.0,35,25590,买盘
635,10:26:46,7.31,-0.01,4,2926,中性盘
636,10:26:49,7.31,0.0,4,2924,买盘
637,10:26:52,7.3,-0.01,4,2923,卖盘
638,10:26:55,7.31,0.01,3,2193,买盘
639,10:26:58,7.31,0.0,1,731,买盘
640,10:27:06,7.31,0.0,3,2193,买盘
641,10:27:10,7.31,0.0,29,21182,买盘
642,10:27:13,7.31,0.0,2,1462,买盘
643,10:27:16,7.31,0.0,2,1461,买盘
644,10:27:19,7.31,0.0,2,1462,买盘
645,10:27:22,7.31,0.0,2,1462,买盘
646,10:27:25,7.31,0.0,2,1462,买盘
647,10:27:30,7.31,0.0,2,1462,买盘
648,10:27:33,7.31,0.0,2,1462,买盘
649,10:27:37,7.31,0.0,2,1462,买盘
650,10:27:40,7.31,0.0,16,11696,买盘
651,10:27:46,7.3,-0.01,1,730,卖盘
652,10:28:00,7.3,0.0,19,13870,卖盘
653,10:28:10,7.31,0.01,12,8772,买盘
654,10:28:13,7.31,0.0,2,1462,买盘
655,10:28:16,7.31,0.0,3,2193,买盘
656,10:28:19,7.3,-0.01,7,5116,卖盘
657,10:28:21,7.31,0.01,3,2193,买盘
658,10:28:25,7.31,0.0,1,731,买盘
659,10:28:31,7.31,0.0,2,1462,买盘
660,10:28:34,7.31,0.0,3,2193,买盘
661,10:28:37,7.31,0.0,14,10224,买盘
662,10:28:40,7.31,0.0,11,8041,买盘
663,10:28:43,7.31,0.0,27,19737,买盘
664,10:28:52,7.31,0.0,18,13141,买盘
665,10:28:55,7.3,-0.01,1,730,卖盘
666,10:29:13,7.31,0.01,14,10234,买盘
667,10:29:19,7.31,0.0,2,1462,买盘
668,10:29:22,7.31,0.0,3,2193,买盘
669,10:29:25,7.31,0.0,19,13889,买盘
670,10:29:27,7.31,0.0,3,2192,买盘
671,10:29:31,7.31,0.0,2,1462,买盘
672,10:29:34,7.31,0.0,3,2193,买盘
673,10:29:37,7.31,0.0,2,1462,买盘
674,10:29:40,7.31,0.0,24,17523,买盘
675,10:29:43,7.31,0.0,12,8772,买盘
676,10:29:46,7.31,0.0,2,1462,买盘
677,10:29:49,7.3,-0.01,1,730,卖盘
678,10:29:57,7.31,0.01,1,731,买盘
679,10:30:10,7.31,0.0,2,1462,买盘
680,10:30:13,7.31,0.0,5,3655,买盘
681,10:30:19,7.32,0.01,5,3660,买盘
682,10:30:21,7.32,0.0,2,1463,买盘
683,10:30:28,7.32,0.0,3,2196,买盘
684,10:30:31,7.33,0.01,27,19729,买盘
685,10:30:34,7.33,0.0,1,733,买盘
686,10:30:37,7.32,-0.01,1,732,买盘
687,10:30:43,7.32,0.0,2,1464,买盘
688,10:30:46,7.33,0.01,3,2198,买盘
689,10:30:49,7.33,0.0,5,3664,买盘
690,10:30:55,7.3,-0.03,17,12421,卖盘
691,10:31:04,7.33,0.03,2,1464,买盘
692,10:31:06,7.31,-0.02,2,1462,中性盘
693,10:31:10,7.33,0.02,3,2195,买盘
694,10:31:16,7.32,-0.01,3,2195,中性盘
695,10:31:19,7.3,-0.02,19,13885,卖盘
696,10:31:22,7.32,0.02,4,2928,买盘
697,10:31:28,7.3,-0.02,3,2194,卖盘
698,10:31:30,7.32,0.02,3,2196,买盘
699,10:31:34,7.32,0.0,2,1464,买盘
700,10:31:37,7.32,0.0,2,1464,买盘
701,10:31:51,7.31,-0.01,1,731,卖盘
702,10:32:07,7.31,0.0,8,5851,卖盘
703,10:32:10,7.31,0.0,23,16815,卖盘
704,10:32:13,7.31,0.0,7,5120,卖盘
705,10:32:16,7.31,0.0,14,10234,买盘
706,10:32:19,7.31,0.0,3,2193,买盘
707,10:32:22,7.31,0.0,1,731,买盘
708,10:32:25,7.3,-0.01,1,730,卖盘
709,10:32:27,7.31,0.01,2,1462,买盘
710,10:32:30,7.31,0.0,4,2924,买盘
711,10:32:37,7.31,0.0,2,1462,买盘
712,10:32:40,7.31,0.0,39,28472,买盘
713,10:32:46,7.31,0.0,12,8772,买盘
714,10:32:49,7.31,0.0,74,54094,买盘
715,10:32:54,7.3,-0.01,1,730,卖盘
716,10:32:57,7.31,0.01,65,47515,买盘
717,10:33:01,7.3,-0.01,25,18250,卖盘
718,10:33:04,7.3,0.0,39,28470,卖盘
719,10:33:07,7.32,0.02,21,15352,买盘
720,10:33:10,7.32,0.0,9,6588,买盘
721,10:33:13,7.32,0.0,2,1464,买盘
722,10:33:18,7.32,0.0,2,1464,买盘
723,10:33:22,7.32,0.0,1,732,买盘
724,10:33:24,7.32,0.0,15,10980,买盘
725,10:33:27,7.33,0.01,2,1466,买盘
726,10:33:30,7.32,-0.01,18,13176,卖盘
727,10:33:33,7.32,0.0,2,1464,买盘
728,10:33:37,7.32,0.0,2,1464,买盘
729,10:33:46,7.32,0.0,77,56344,买盘
730,10:33:48,7.3,-0.02,27,19720,卖盘
731,10:33:57,7.31,0.01,45,32895,买盘
732,10:34:00,7.3,-0.01,1,730,卖盘
733,10:34:06,7.33,0.03,7,5125,买盘
734,10:34:09,7.33,0.0,3,2199,买盘
735,10:34:13,7.33,0.0,3,2199,买盘
736,10:34:16,7.33,0.0,2,1466,买盘
737,10:34:19,7.32,-0.01,2,1464,中性盘
738,10:34:22,7.32,0.0,2,1464,买盘
739,10:34:25,7.32,0.0,4,2927,买盘
740,10:34:27,7.32,0.0,2,1464,买盘
741,10:34:33,7.32,0.0,12,8784,买盘
742,10:34:37,7.33,0.01,4,2932,买盘
743,10:34:39,7.32,-0.01,25,18301,卖盘
744,10:34:49,7.32,0.0,12,8795,卖盘
745,10:34:52,7.32,0.0,62,45384,卖盘
746,10:34:57,7.32,0.0,2,1464,卖盘
747,10:35:01,7.32,0.0,4,2928,买盘
748,10:35:06,7.32,0.0,5,3660,买盘
749,10:35:10,7.31,-0.01,6,4386,卖盘
750,10:35:13,7.33,0.02,12,8787,买盘
751,10:35:16,7.31,-0.02,20,14639,卖盘
752,10:35:19,7.33,0.02,4,2931,买盘
753,10:35:25,7.33,0.0,16,11718,买盘
754,10:35:31,7.33,0.0,22,16108,买盘
755,10:35:36,7.33,0.0,3,2199,买盘
756,10:35:40,7.33,0.0,2,1466,买盘
757,10:35:48,7.33,0.0,12,8796,买盘
758,10:35:51,7.33,0.0,1,733,买盘
759,10:36:06,7.33,0.0,6,4398,买盘
760,10:36:12,7.33,0.0,3,2199,买盘
761,10:36:19,7.33,0.0,11,8063,买盘
762,10:36:22,7.33,0.0,20,14641,买盘
763,10:36:31,7.33,0.0,3,2199,买盘
764,10:36:34,7.33,0.0,4,2932,买盘
765,10:36:37,7.33,0.0,3,2199,买盘
766,10:36:39,7.33,0.0,2,1466,买盘
767,10:36:42,7.33,0.0,3,2199,买盘
768,10:36:46,7.33,0.0,2,1466,买盘
769,10:36:49,7.33,0.0,3,2199,买盘
770,10:36:52,7.33,0.0,11,8063,买盘
771,10:36:55,7.33,0.0,4,2932,买盘
772,10:37:01,7.33,0.0,1,733,买盘
773,10:37:06,7.33,0.0,6,4398,买盘
774,10:37:10,7.32,-0.01,23,16836,卖盘
775,10:37:22,7.33,0.01,12,8796,买盘
776,10:37:28,7.32,-0.01,1,732,卖盘
777,10:37:30,7.33,0.01,2,1466,买盘
778,10:37:34,7.33,0.0,2,1466,买盘
779,10:37:37,7.33,0.0,2,1466,买盘
780,10:37:40,7.33,0.0,26,19041,买盘
781,10:37:46,7.33,0.0,18,13194,买盘
782,10:37:49,7.33,0.0,18,13194,买盘
783,10:37:52,7.33,0.0,14,10262,买盘
784,10:37:55,7.34,0.01,3,2201,买盘
785,10:37:58,7.34,0.0,2,1468,买盘
786,10:38:01,7.34,0.0,22,16110,买盘
787,10:38:07,7.34,0.0,6,4404,买盘
788,10:38:22,7.33,-0.01,12,8807,卖盘
789,10:38:42,7.34,0.01,1,734,买盘
790,10:38:49,7.32,-0.02,21,15374,卖盘
791,10:38:52,7.34,0.02,2,1468,买盘
792,10:38:54,7.33,-0.01,4,2935,卖盘
793,10:39:01,7.34,0.01,3,2202,买盘
794,10:39:07,7.34,0.0,10,7340,买盘
795,10:39:10,7.34,0.0,3,2202,买盘
796,10:39:13,7.34,0.0,3,2202,买盘
797,10:39:16,7.34,0.0,1,734,买盘
798,10:39:18,7.34,0.0,5,3670,买盘
799,10:39:25,7.34,0.0,11,8074,买盘
800,10:39:27,7.33,-0.01,1,733,卖盘
801,10:39:40,7.33,0.0,23,16859,卖盘
802,10:39:49,7.33,0.0,5,3665,卖盘
803,10:39:55,7.32,-0.01,16,11726,卖盘
804,10:39:57,7.33,0.01,6,4398,买盘
805,10:40:00,7.32,-0.01,29,21228,卖盘
806,10:40:04,7.32,0.0,1,732,卖盘
807,10:40:06,7.33,0.01,15,10989,买盘
808,10:40:09,7.32,-0.01,2,1464,中性盘
809,10:40:13,7.33,0.01,1,733,买盘
810,10:40:16,7.33,0.0,11,8054,买盘
811,10:40:22,7.33,0.0,2,1466,买盘
812,10:40:25,7.33,0.0,3,2199,买盘
813,10:40:28,7.34,0.01,174,127662,买盘
814,10:40:31,7.34,0.0,21,15372,买盘
815,10:40:34,7.32,-0.02,2,1466,卖盘
816,10:40:58,7.33,0.01,4,2935,卖盘
817,10:41:04,7.34,0.01,3,2202,买盘
818,10:41:07,7.35,0.01,11,8071,买盘
819,10:41:10,7.34,-0.01,3,2202,中性盘
820,10:41:13,7.34,0.0,4,2936,买盘
821,10:41:16,7.34,0.0,3,2202,买盘
822,10:41:18,7.33,-0.01,11,8063,卖盘
823,10:41:21,7.33,0.0,28,20501,中性盘
824,10:41:25,7.33,0.0,14,10262,买盘
825,10:41:31,7.31,-0.02,1,731,卖盘
826,10:41:34,7.32,0.01,1,732,买盘
827,10:41:43,7.32,0.0,10,7320,卖盘
828,10:41:46,7.32,0.0,7,5124,卖盘
829,10:41:55,7.32,0.0,12,8784,买盘
830,10:41:58,7.32,0.0,5,3660,买盘
831,10:42:04,7.31,-0.01,1,731,卖盘
832,10:42:07,7.32,0.01,8,5856,买盘
833,10:42:10,7.31,-0.01,21,15355,卖盘
834,10:42:13,7.32,0.01,2,1464,买盘
835,10:42:16,7.33,0.01,22,16105,买盘
836,10:42:18,7.32,-0.01,2,1464,卖盘
837,10:42:22,7.33,0.01,3,2199,买盘
838,10:42:25,7.33,0.0,2,1466,买盘
839,10:42:28,7.33,0.0,20,14652,买盘
840,10:42:31,7.33,0.0,3,2199,买盘
841,10:42:33,7.33,0.0,2,1466,买盘
842,10:42:37,7.32,-0.01,3,2198,卖盘
843,10:42:40,7.33,0.01,13,9519,买盘
844,10:42:49,7.32,-0.01,1,732,卖盘
845,10:42:52,7.33,0.01,2,1466,买盘
846,10:42:54,7.33,0.0,3,2199,买盘
847,10:42:58,7.33,0.0,13,9528,买盘
848,10:43:01,7.32,-0.01,57,41726,卖盘
849,10:43:04,7.33,0.01,8,5858,买盘
850,10:43:07,7.33,0.0,11,8058,买盘
851,10:43:10,7.33,0.0,2,1466,买盘
852,10:43:12,7.33,0.0,3,2197,买盘
853,10:43:15,7.32,-0.01,3,2196,买盘
854,10:43:19,7.32,0.0,3,2196,买盘
855,10:43:22,7.32,0.0,2,1464,买盘
856,10:43:25,7.33,0.01,3,2197,买盘
857,10:43:28,7.32,-0.01,1,732,中性盘
858,10:43:31,7.31,-0.01,16,11707,卖盘
859,10:43:34,7.31,0.0,9,6579,卖盘
860,10:43:43,7.31,0.0,7,5117,卖盘
861,10:43:48,7.31,0.0,24,17546,卖盘
862,10:43:52,7.33,0.02,12,8775,买盘
863,10:43:58,7.32,-0.01,1,732,中性盘
864,10:44:04,7.32,0.0,13,9516,卖盘
865,10:44:07,7.32,0.0,6,4392,买盘
866,10:44:10,7.31,-0.01,27,19737,卖盘
867,10:44:12,7.32,0.01,5,3660,买盘
868,10:44:18,7.32,0.0,1,732,买盘
869,10:44:22,7.32,0.0,3,2196,买盘
870,10:44:25,7.32,0.0,11,8045,买盘
871,10:44:28,7.32,0.0,6,4387,买盘
872,10:44:31,7.32,0.0,13,9516,买盘
873,10:44:34,7.32,0.0,8,5850,买盘
874,10:44:37,7.31,-0.01,2,1463,卖盘
875,10:44:39,7.31,0.0,33,24123,卖盘
876,10:44:46,7.31,0.0,2,1462,卖盘
877,10:44:48,7.31,0.0,23,16813,卖盘
878,10:44:55,7.32,0.01,9,6581,买盘
879,10:44:57,7.32,0.0,13,9506,买盘
880,10:45:00,7.31,-0.01,24,17556,卖盘
881,10:45:04,7.3,-0.01,8,5840,卖盘
882,10:45:07,7.31,0.01,9,6579,买盘
883,10:45:10,7.3,-0.01,2,1461,卖盘
884,10:45:12,7.32,0.02,31,22656,买盘
885,10:45:19,7.32,0.0,2,1464,买盘
886,10:45:21,7.32,0.0,9,6582,买盘
887,10:45:25,7.32,0.0,7,5119,买盘
888,10:45:28,7.32,0.0,3,2196,买盘
889,10:45:30,7.32,0.0,31,22652,买盘
890,10:45:34,7.3,-0.02,1,730,卖盘
891,10:45:40,7.3,0.0,7,5110,卖盘
892,10:45:46,7.3,0.0,6,4380,卖盘
893,10:45:58,7.3,0.0,16,11680,卖盘
894,10:46:01,7.3,0.0,11,8030,卖盘
895,10:46:06,7.33,0.03,13,9514,买盘
896,10:46:13,7.3,-0.03,21,15334,卖盘
897,10:46:19,7.3,0.0,25,18253,卖盘
898,10:46:22,7.31,0.01,9,6573,买盘
899,10:46:25,7.31,0.0,2,1462,买盘
900,10:46:27,7.31,0.0,2,1462,买盘
901,10:46:31,7.31,0.0,33,24122,买盘
902,10:46:34,7.31,0.0,3,2193,买盘
903,10:46:37,7.32,0.01,4,2926,买盘
904,10:46:40,7.32,0.0,4,2926,买盘
905,10:46:42,7.32,0.0,4,2928,买盘
906,10:46:45,7.3,-0.02,7,5110,卖盘
907,10:46:57,7.32,0.02,3,2196,买盘
908,10:47:04,7.32,0.0,12,8777,买盘
909,10:47:06,7.32,0.0,6,4392,买盘
910,10:47:10,7.3,-0.02,27,19717,卖盘
911,10:47:13,7.31,0.01,4,2924,买盘
912,10:47:19,7.31,0.0,7,5111,买盘
913,10:47:21,7.31,0.0,3,2193,买盘
914,10:47:24,7.31,0.0,1,731,买盘
915,10:47:27,7.31,0.0,2,1462,买盘
916,10:47:31,7.32,0.01,2,1464,买盘
917,10:47:49,7.31,-0.01,7,5117,卖盘
918,10:47:57,7.32,0.01,6,4388,买盘
919,10:48:01,7.3,-0.02,23,16791,卖盘
920,10:48:04,7.32,0.02,13,9516,买盘
921,10:48:07,7.32,0.0,11,8043,买盘
922,10:48:13,7.31,-0.01,1,731,买盘
923,10:48:16,7.32,0.01,3,2196,买盘
924,10:48:21,7.31,-0.01,11,8041,卖盘
925,10:48:24,7.32,0.01,3,2196,买盘
926,10:48:28,7.32,0.0,1,732,买盘
927,10:48:31,7.32,0.0,3,2196,买盘
928,10:48:34,7.32,0.0,13,9516,买盘
929,10:48:36,7.32,0.0,4,2928,买盘
930,10:48:43,7.32,0.0,3,2196,买盘
931,10:48:45,7.32,0.0,2,1464,买盘
932,10:48:49,7.3,-0.02,18,13148,卖盘
933,10:49:07,7.31,0.01,7,5123,卖盘
934,10:49:13,7.31,0.0,4,2924,卖盘
935,10:49:19,7.32,0.01,2,1464,买盘
936,10:49:22,7.32,0.0,2,1464,买盘
937,10:49:28,7.3,-0.02,13,9500,卖盘
938,10:49:37,7.31,0.01,6,4386,买盘
939,10:49:40,7.32,0.01,24,17535,买盘
940,10:49:43,7.32,0.0,2,1463,买盘
941,10:49:46,7.3,-0.02,6,4381,卖盘
942,10:49:55,7.3,0.0,16,11680,卖盘
943,10:49:58,7.31,0.01,3,2193,买盘
944,10:50:01,7.3,-0.01,16,11680,卖盘
945,10:50:04,7.3,0.0,1,730,卖盘
946,10:50:06,7.32,0.02,16,11699,买盘
947,10:50:13,7.31,-0.01,4,2924,买盘
948,10:50:16,7.31,0.0,3,2193,买盘
949,10:50:22,7.3,-0.01,6,4380,卖盘
950,10:50:28,7.3,0.0,18,13140,卖盘
951,10:50:30,7.31,0.01,25,18252,买盘
952,10:50:34,7.31,0.0,2,1462,买盘
953,10:50:36,7.31,0.0,12,8771,买盘
954,10:50:58,7.3,-0.01,1,730,卖盘
955,10:51:04,7.3,0.0,8,5842,卖盘
956,10:51:07,7.32,0.02,21,15359,买盘
957,10:51:09,7.3,-0.02,9,6574,卖盘
958,10:51:16,7.32,0.02,5,3660,买盘
959,10:51:19,7.32,0.0,21,15336,买盘
960,10:51:25,7.32,0.0,22,16092,买盘
961,10:51:28,7.32,0.0,1,732,买盘
962,10:51:31,7.32,0.0,3,2196,买盘
963,10:51:34,7.32,0.0,3,2194,买盘
964,10:51:40,7.31,-0.01,5,3655,卖盘
965,10:51:43,7.31,0.0,6,4386,卖盘
966,10:51:48,7.32,0.01,6,4391,买盘
967,10:51:58,7.3,-0.02,7,5110,卖盘
968,10:52:04,7.3,0.0,4,2926,卖盘
969,10:52:06,7.32,0.02,6,4392,买盘
970,10:52:10,7.3,-0.02,28,20455,卖盘
971,10:52:19,7.32,0.02,2,1464,买盘
972,10:52:21,7.32,0.0,51,37332,买盘
973,10:52:24,7.3,-0.02,7,5110,卖盘
974,10:52:27,7.32,0.02,3,2194,买盘
975,10:52:31,7.3,-0.02,13,9496,卖盘
976,10:52:34,7.32,0.02,8,5844,买盘
977,10:52:37,7.32,0.0,1,732,买盘
978,10:52:40,7.31,-0.01,10,7313,中性盘
979,10:52:43,7.32,0.01,2,1464,买盘
980,10:52:46,7.31,-0.01,8,5848,卖盘
981,10:52:49,7.31,0.0,2,1462,买盘
982,10:52:58,7.3,-0.01,6,4380,卖盘
983,10:53:01,7.3,0.0,24,17520,卖盘
984,10:53:04,7.3,0.0,7,5110,卖盘
985,10:53:07,7.31,0.01,9,6579,买盘
986,10:53:10,7.32,0.01,3,2195,买盘
987,10:53:13,7.32,0.0,5,3658,买盘
988,10:53:15,7.31,-0.01,16,11690,卖盘
989,10:53:21,7.31,0.0,2,1462,买盘
990,10:53:24,7.31,0.0,3,2193,买盘
991,10:53:28,7.31,0.0,5,3655,买盘
992,10:53:31,7.3,-0.01,3,2190,卖盘
993,10:53:34,7.31,0.01,4,2924,买盘
994,10:53:37,7.3,-0.01,2,1460,卖盘
995,10:53:39,7.31,0.01,11,8041,买盘
996,10:53:49,7.3,-0.01,17,12411,卖盘
997,10:53:55,7.3,0.0,1,730,卖盘
998,10:53:58,7.31,0.01,3,2193,买盘
999,10:54:01,7.31,0.0,4,2924,买盘
1000,10:54:07,7.31,0.0,6,4386,买盘
1001,10:54:10,7.31,0.0,12,8772,买盘
1002,10:54:19,7.31,0.0,2,1462,买盘
1003,10:54:25,7.31,0.0,1,731,买盘
1004,10:54:28,7.31,0.0,3,2192,买盘
1005,10:54:34,7.31,0.0,3,2193,买盘
1006,10:54:37,7.31,0.0,3,2193,买盘
1007,10:54:40,7.31,0.0,34,24831,买盘
1008,10:54:43,7.32,0.01,4,2927,买盘
1009,10:54:48,7.32,0.0,3,2196,买盘
1010,10:54:51,7.32,0.0,4,2926,买盘
1011,10:54:58,7.32,0.0,3,2196,买盘
1012,10:55:04,7.3,-0.02,19,13874,卖盘
1013,10:55:07,7.32,0.02,8,5856,买盘
1014,10:55:10,7.32,0.0,4,2928,买盘
1015,10:55:16,7.32,0.0,3,2196,买盘
1016,10:55:19,7.32,0.0,2,1464,买盘
1017,10:55:22,7.31,-0.01,5,3658,卖盘
1018,10:55:27,7.32,0.01,16,11702,买盘
1019,10:55:31,7.32,0.0,22,16068,买盘
1020,10:55:51,7.32,0.0,2,1464,买盘
1021,10:55:54,7.32,0.0,1,732,买盘
1022,10:55:57,7.31,-0.01,1,731,卖盘
1023,10:56:04,7.32,0.01,3,2195,买盘
1024,10:56:07,7.32,0.0,11,8047,买盘
1025,10:56:12,7.32,0.0,11,8052,买盘
1026,10:56:19,7.31,-0.01,3,2195,卖盘
1027,10:56:22,7.32,0.01,23,16802,买盘
1028,10:56:30,7.32,0.0,3,2196,买盘
1029,10:56:33,7.32,0.0,4,2928,买盘
1030,10:56:36,7.32,0.0,4,2928,买盘
1031,10:56:42,7.32,0.0,2,1464,买盘
1032,10:56:45,7.32,0.0,2,1464,买盘
1033,10:56:48,7.33,0.01,4,2930,买盘
1034,10:56:51,7.31,-0.02,2,1464,卖盘
1035,10:56:55,7.33,0.02,2,1466,买盘
1036,10:57:10,7.3,-0.03,29,21200,卖盘
1037,10:57:15,7.32,0.02,12,8784,卖盘
1038,10:57:22,7.3,-0.02,12,8760,卖盘
1039,10:57:24,7.3,0.0,5,3658,卖盘
1040,10:57:27,7.32,0.02,2,1464,买盘
1041,10:57:30,7.32,0.0,3,2196,买盘
1042,10:57:34,7.3,-0.02,11,8030,卖盘
1043,10:57:37,7.32,0.02,4,2928,买盘
1044,10:57:45,7.31,-0.01,1,731,中性盘
1045,10:57:49,7.32,0.01,4,2928,买盘
1046,10:57:52,7.31,-0.01,5,3655,卖盘
1047,10:57:55,7.32,0.01,12,8775,买盘
1048,10:58:01,7.3,-0.02,22,16060,卖盘
1049,10:58:09,7.32,0.02,36,26298,买盘
1050,10:58:19,7.3,-0.02,14,10235,卖盘
1051,10:58:22,7.29,-0.01,78,56929,卖盘
1052,10:58:25,7.3,0.01,1,730,买盘
1053,10:58:31,7.29,-0.01,9,6565,卖盘
1054,10:58:33,7.3,0.01,2,1459,买盘
1055,10:58:37,7.29,-0.01,2,1458,卖盘
1056,10:58:40,7.3,0.01,2,1460,买盘
1057,10:58:43,7.29,-0.01,5,3645,卖盘
1058,10:58:45,7.3,0.01,13,9490,买盘
1059,10:58:48,7.3,0.0,19,13854,买盘
1060,10:58:52,7.29,-0.01,11,8019,卖盘
1061,10:58:58,7.3,0.01,26,18955,买盘
1062,10:59:01,7.3,0.0,2,1460,买盘
1063,10:59:04,7.29,-0.01,5,3645,卖盘
1064,10:59:07,7.3,0.01,13,9485,买盘
1065,10:59:10,7.28,-0.02,5,3644,卖盘
1066,10:59:13,7.3,0.02,3,2190,买盘
1067,10:59:16,7.3,0.0,16,11680,买盘
1068,10:59:22,7.3,0.0,6,4379,买盘
1069,10:59:25,7.3,0.0,2,1460,买盘
1070,10:59:31,7.3,0.0,2,1460,买盘
1071,10:59:34,7.3,0.0,4,2920,买盘
1072,10:59:39,7.29,-0.01,23,16767,卖盘
1073,10:59:46,7.3,0.01,11,8030,买盘
1074,10:59:55,7.3,0.0,2,1460,买盘
1075,11:00:01,7.28,-0.02,11,8019,卖盘
1076,11:00:09,7.29,0.01,4,2916,中性盘
1077,11:00:28,7.3,0.01,10,7300,买盘
1078,11:00:31,7.29,-0.01,22,16040,卖盘
1079,11:00:34,7.3,0.01,6,4380,买盘
1080,11:00:40,7.3,0.0,3,2190,买盘
1081,11:00:42,7.3,0.0,3,2190,买盘
1082,11:00:49,7.32,0.02,21,15341,买盘
1083,11:01:16,7.31,-0.01,2,1462,买盘
1084,11:01:19,7.31,0.0,3,2193,买盘
1085,11:01:22,7.32,0.01,25,18251,买盘
1086,11:01:25,7.31,-0.01,4,2924,中性盘
1087,11:01:28,7.29,-0.02,8,5837,卖盘
1088,11:01:31,7.31,0.02,2,1462,买盘
1089,11:01:33,7.31,0.0,7,5117,买盘
1090,11:01:39,7.31,0.0,3,2193,买盘
1091,11:01:43,7.31,0.0,5,3655,买盘
1092,11:01:52,7.31,0.0,4,2924,买盘
1093,11:02:07,7.3,-0.01,4,2920,卖盘
1094,11:02:09,7.3,0.0,18,13140,卖盘
1095,11:02:18,7.31,0.01,11,8041,买盘
1096,11:02:28,7.3,-0.01,1,730,卖盘
1097,11:02:31,7.32,0.02,4,2928,买盘
1098,11:02:36,7.32,0.0,3,2196,买盘
1099,11:02:40,7.32,0.0,39,28548,买盘
1100,11:02:46,7.32,0.0,11,8052,买盘
1101,11:02:49,7.32,0.0,2,1464,买盘
1102,11:02:52,7.33,0.01,32,23426,买盘
1103,11:02:55,7.33,0.0,2,1466,买盘
1104,11:02:58,7.33,0.0,35,25621,买盘
1105,11:03:01,7.32,-0.01,43,31476,卖盘
1106,11:03:04,7.32,0.0,29,21228,中性盘
1107,11:03:06,7.32,0.0,2,1464,买盘
1108,11:03:09,7.32,0.0,8,5851,买盘
1109,11:03:12,7.31,-0.01,1,731,卖盘
1110,11:03:16,7.31,0.0,1,731,卖盘
1111,11:03:19,7.31,0.0,1,731,卖盘
1112,11:03:22,7.31,0.0,16,11708,卖盘
1113,11:03:28,7.29,-0.02,5,3646,卖盘
1114,11:03:31,7.32,0.03,4,2926,买盘
1115,11:03:33,7.32,0.0,3,2196,买盘
1116,11:03:36,7.32,0.0,2,1464,买盘
1117,11:03:43,7.32,0.0,4,2928,买盘
1118,11:03:46,7.32,0.0,4,2928,买盘
1119,11:03:52,7.29,-0.03,23,16779,卖盘
1120,11:03:55,7.31,0.02,13,9507,卖盘
1121,11:04:01,7.29,-0.02,5,3655,卖盘
1122,11:04:04,7.32,0.03,4,2927,买盘
1123,11:04:13,7.31,-0.01,1,731,买盘
1124,11:04:15,7.31,0.0,1,731,买盘
1125,11:04:18,7.29,-0.02,2,1459,卖盘
1126,11:04:28,7.3,0.01,1,730,卖盘
1127,11:04:39,7.29,-0.01,17,12403,卖盘
1128,11:04:42,7.32,0.03,7,5120,买盘
1129,11:04:48,7.32,0.0,4,2927,买盘
1130,11:04:52,7.32,0.0,28,20496,买盘
1131,11:04:55,7.32,0.0,4,2928,买盘
1132,11:04:58,7.32,0.0,2,1464,买盘
1133,11:05:01,7.32,0.0,21,15333,买盘
1134,11:05:04,7.32,0.0,2,1462,买盘
1135,11:05:07,7.3,-0.02,2,1460,中性盘
1136,11:05:10,7.3,0.0,2,1460,买盘
1137,11:05:13,7.3,0.0,2,1460,买盘
1138,11:05:16,7.3,0.0,3,2190,买盘
1139,11:05:22,7.3,0.0,8,5840,买盘
1140,11:05:31,7.29,-0.01,19,13859,卖盘
1141,11:05:34,7.3,0.01,1,730,中性盘
1142,11:05:42,7.32,0.02,2,1464,买盘
1143,11:05:45,7.32,0.0,2,1464,买盘
1144,11:05:49,7.32,0.0,21,15372,买盘
1145,11:05:51,7.32,0.0,3,2196,买盘
1146,11:05:54,7.3,-0.02,18,13175,卖盘
1147,11:05:57,7.33,0.03,2,1466,买盘
1148,11:06:01,7.33,0.0,16,11728,买盘
1149,11:06:07,7.33,0.0,2,1466,买盘
1150,11:06:18,7.29,-0.04,26,18985,卖盘
1151,11:06:28,7.33,0.04,3,2199,买盘
1152,11:06:31,7.31,-0.02,1,731,卖盘
1153,11:06:37,7.32,0.01,3,2196,买盘
1154,11:06:40,7.32,0.0,2,1464,买盘
1155,11:06:46,7.33,0.01,3,2198,买盘
1156,11:06:49,7.33,0.0,3,2199,买盘
1157,11:06:55,7.32,-0.01,1,732,卖盘
1158,11:06:58,7.33,0.01,4,2932,买盘
1159,11:07:04,7.32,-0.01,3,2198,卖盘
1160,11:07:06,7.32,0.0,15,10984,卖盘
1161,11:07:10,7.31,-0.01,14,10237,卖盘
1162,11:07:13,7.31,0.0,3,2193,买盘
1163,11:07:16,7.31,0.0,4,2924,买盘
1164,11:07:22,7.31,0.0,3,2193,买盘
1165,11:07:25,7.31,0.0,10,7310,买盘
1166,11:07:28,7.32,0.01,3,2196,买盘
1167,11:07:37,7.32,0.0,2,1463,买盘
1168,11:07:43,7.33,0.01,97,71021,买盘
1169,11:07:55,7.33,0.0,1,733,买盘
1170,11:07:58,7.32,-0.01,1,732,卖盘
1171,11:08:01,7.31,-0.01,16,11711,卖盘
1172,11:08:09,7.31,0.0,7,5113,买盘
1173,11:08:19,7.31,0.0,4,2924,买盘
1174,11:08:21,7.33,0.02,3,2195,买盘
1175,11:08:25,7.31,-0.02,2,1462,中性盘
1176,11:08:31,7.31,0.0,1,731,卖盘
1177,11:08:36,7.3,-0.01,53,38700,卖盘
1178,11:08:40,7.3,0.0,3,2190,买盘
1179,11:08:43,7.3,0.0,4,2920,买盘
1180,11:08:46,7.31,0.01,70,51117,买盘
1181,11:08:49,7.33,0.02,3,2199,买盘
1182,11:08:51,7.31,-0.02,20,14620,卖盘
1183,11:08:54,7.33,0.02,3,2199,买盘
1184,11:08:58,7.32,-0.01,1,732,中性盘
1185,11:09:01,7.32,0.0,13,9519,卖盘
1186,11:09:04,7.31,-0.01,4,2927,卖盘
1187,11:09:07,7.31,0.0,2,1462,卖盘
1188,11:09:10,7.31,0.0,1,731,卖盘
1189,11:09:24,7.32,0.01,2,1464,买盘
1190,11:09:28,7.32,0.0,5,3660,卖盘
1191,11:09:31,7.31,-0.01,4,2927,卖盘
1192,11:09:36,7.31,0.0,5,3659,卖盘
1193,11:09:40,7.32,0.01,27,19724,买盘
1194,11:09:46,7.32,0.0,2,1464,买盘
1195,11:09:48,7.33,0.01,4,2929,买盘
1196,11:09:58,7.31,-0.02,11,8041,中性盘
1197,11:10:01,7.31,0.0,1,731,买盘
1198,11:10:09,7.3,-0.01,4,2920,卖盘
1199,11:10:24,7.31,0.01,4,2924,买盘
1200,11:10:27,7.31,0.0,11,8041,买盘
1201,11:10:31,7.3,-0.01,24,17520,卖盘
1202,11:10:37,7.31,0.01,1,731,买盘
1203,11:10:43,7.31,0.0,3,2193,买盘
1204,11:10:49,7.31,0.0,3,2193,买盘
1205,11:10:52,7.31,0.0,4,2924,买盘
1206,11:11:01,7.31,0.0,17,12427,买盘
1207,11:11:04,7.3,-0.01,1,730,卖盘
1208,11:11:06,7.31,0.01,4,2924,买盘
1209,11:11:10,7.31,0.0,6,4382,买盘
1210,11:11:12,7.31,0.0,3,2193,买盘
1211,11:11:15,7.31,0.0,2,1462,买盘
1212,11:11:18,7.29,-0.02,17,12409,卖盘
1213,11:11:28,7.31,0.02,4,2924,买盘
1214,11:11:31,7.31,0.0,4,2924,买盘
1215,11:11:33,7.31,0.0,3,2193,买盘
1216,11:11:37,7.3,-0.01,15,10950,卖盘
1217,11:11:42,7.3,0.0,3,2190,买盘
1218,11:11:45,7.3,0.0,3,2190,买盘
1219,11:11:48,7.3,0.0,2,1460,买盘
1220,11:11:51,7.3,0.0,4,2920,买盘
1221,11:11:55,7.3,0.0,58,42340,买盘
1222,11:11:58,7.3,0.0,1,730,买盘
1223,11:12:00,7.3,0.0,11,8030,买盘
1224,11:12:07,7.29,-0.01,3,2187,卖盘
1225,11:12:10,7.29,0.0,21,15309,卖盘
1226,11:12:16,7.31,0.02,12,8769,买盘
1227,11:12:19,7.3,-0.01,5,3650,卖盘
1228,11:12:30,7.31,0.01,13,9501,买盘
1229,11:12:34,7.31,0.0,3,2193,买盘
1230,11:12:40,7.31,0.0,1,731,买盘
1231,11:12:46,7.31,0.0,4,2924,买盘
1232,11:12:52,7.31,0.0,1,731,买盘
1233,11:12:57,7.31,0.0,4,2924,买盘
1234,11:13:01,7.29,-0.02,22,16038,卖盘
1235,11:13:04,7.31,0.02,2,1462,买盘
1236,11:13:10,7.31,0.0,7,5113,买盘
1237,11:13:13,7.31,0.0,4,2924,买盘
1238,11:13:16,7.31,0.0,3,2193,买盘
1239,11:13:18,7.31,0.0,3,2191,买盘
1240,11:13:22,7.31,0.0,3,2193,买盘
1241,11:13:28,7.3,-0.01,2,1460,卖盘
1242,11:13:31,7.31,0.01,13,9503,买盘
1243,11:13:34,7.31,0.0,2,1462,买盘
1244,11:13:40,7.31,0.0,3,2193,买盘
1245,11:13:43,7.31,0.0,2,1462,买盘
1246,11:13:46,7.31,0.0,4,2924,买盘
1247,11:13:49,7.3,-0.01,1,730,卖盘
1248,11:13:52,7.31,0.01,18,13128,买盘
1249,11:13:55,7.31,0.0,3,2193,买盘
1250,11:14:00,7.31,0.0,4,2924,买盘
1251,11:14:09,7.3,-0.01,7,5114,卖盘
1252,11:14:12,7.31,0.01,3,2192,买盘
1253,11:14:19,7.3,-0.01,1,730,卖盘
1254,11:14:28,7.31,0.01,2,1462,买盘
1255,11:14:34,7.3,-0.01,13,9501,卖盘
1256,11:14:39,7.29,-0.01,26,18965,卖盘
1257,11:14:49,7.31,0.02,4,2924,买盘
1258,11:14:54,7.31,0.0,3,2191,买盘
1259,11:14:57,7.31,0.0,8,5838,买盘
1260,11:15:04,7.31,0.0,4,2924,买盘
1261,11:15:07,7.3,-0.01,7,5113,卖盘
1262,11:15:10,7.31,0.01,2,1462,买盘
1263,11:15:13,7.31,0.0,2,1462,买盘
1264,11:15:18,7.31,0.0,3,2193,买盘
1265,11:15:21,7.31,0.0,3,2193,买盘
1266,11:15:31,7.29,-0.02,17,12400,卖盘
1267,11:15:33,7.29,0.0,138,100602,卖盘
1268,11:15:37,7.29,0.0,16,11664,买盘
1269,11:15:42,7.29,0.0,4,2916,买盘
1270,11:15:45,7.29,0.0,2,1458,买盘
1271,11:15:49,7.29,0.0,2,1458,买盘
1272,11:15:52,7.29,0.0,3,2187,买盘
1273,11:15:55,7.29,0.0,9,6561,买盘
1274,11:16:00,7.29,0.0,4,2916,买盘
1275,11:16:06,7.29,0.0,11,8019,买盘
1276,11:16:09,7.29,0.0,6,4371,买盘
1277,11:16:13,7.28,-0.01,20,14563,卖盘
1278,11:16:22,7.28,0.0,20,14560,卖盘
1279,11:16:24,7.29,0.01,20,14580,买盘
1280,11:16:30,7.29,0.0,5,3645,买盘
1281,11:16:40,7.29,0.0,10,7290,卖盘
1282,11:16:43,7.31,0.02,1,731,买盘
1283,11:16:58,7.31,0.0,2,1462,买盘
1284,11:17:04,7.31,0.0,3,2193,买盘
1285,11:17:07,7.31,0.0,3,2193,买盘
1286,11:17:10,7.29,-0.02,20,14598,卖盘
1287,11:17:16,7.3,0.01,4,2920,买盘
1288,11:17:19,7.31,0.01,3,2193,买盘
1289,11:17:22,7.31,0.0,1,731,买盘
1290,11:17:25,7.31,0.0,1,731,买盘
1291,11:17:28,7.31,0.0,4,2924,买盘
1292,11:17:31,7.31,0.0,3,2193,买盘
1293,11:17:34,7.31,0.0,2,1462,买盘
1294,11:17:37,7.29,-0.02,3,2187,卖盘
1295,11:17:40,7.31,0.02,3,2193,买盘
1296,11:18:01,7.29,-0.02,16,11675,卖盘
1297,11:18:04,7.31,0.02,3,2193,买盘
1298,11:18:10,7.3,-0.01,8,5844,中性盘
1299,11:18:13,7.31,0.01,3,2193,买盘
1300,11:18:22,7.31,0.0,4,2924,买盘
1301,11:18:28,7.3,-0.01,5,3650,卖盘
1302,11:18:30,7.31,0.01,3,2193,买盘
1303,11:18:39,7.31,0.0,12,8772,买盘
1304,11:18:43,7.31,0.0,2,1462,买盘
1305,11:18:46,7.31,0.0,1,731,买盘
1306,11:18:49,7.3,-0.01,20,14600,卖盘
1307,11:18:52,7.32,0.02,100,73147,买盘
1308,11:18:55,7.31,-0.01,3,2195,中性盘
1309,11:18:58,7.32,0.01,4,2928,买盘
1310,11:19:07,7.32,0.0,4,2928,买盘
1311,11:19:09,7.32,0.0,5,3657,买盘
1312,11:19:19,7.31,-0.01,12,8776,卖盘
1313,11:19:21,7.31,0.0,4,2924,买盘
1314,11:19:27,7.31,0.0,2,1462,买盘
1315,11:19:31,7.31,0.0,6,4386,买盘
1316,11:19:34,7.3,-0.01,2,1460,卖盘
1317,11:19:40,7.32,0.02,22,16079,买盘
1318,11:19:46,7.31,-0.01,4,2924,买盘
1319,11:19:48,7.31,0.0,2,1462,买盘
1320,11:19:51,7.3,-0.01,32,23362,卖盘
1321,11:19:54,7.31,0.01,1,731,买盘
1322,11:19:58,7.31,0.0,16,11699,卖盘
1323,11:20:04,7.31,0.0,6,4386,卖盘
1324,11:20:09,7.31,0.0,12,8772,买盘
1325,11:20:24,7.31,0.0,4,2924,买盘
1326,11:20:31,7.29,-0.02,20,14594,卖盘
1327,11:20:34,7.32,0.03,1,732,买盘
1328,11:20:40,7.32,0.0,2,1464,买盘
1329,11:20:45,7.32,0.0,13,9494,买盘
1330,11:20:49,7.32,0.0,2,1464,买盘
1331,11:20:51,7.32,0.0,3,2196,买盘
1332,11:21:04,7.29,-0.03,3,2193,卖盘
1333,11:21:07,7.32,0.03,2,1464,买盘
1334,11:21:10,7.32,0.0,1,732,买盘
1335,11:21:13,7.31,-0.01,4,2924,买盘
1336,11:21:19,7.32,0.01,8,5850,买盘
1337,11:21:22,7.29,-0.03,28,20423,卖盘
1338,11:21:25,7.32,0.03,2,1464,买盘
1339,11:21:28,7.32,0.0,3,2196,买盘
1340,11:21:33,7.32,0.0,4,2928,买盘
1341,11:21:40,7.32,0.0,4,2928,买盘
1342,11:21:43,7.3,-0.02,15,10956,中性盘
1343,11:21:48,7.32,0.02,5,3660,买盘
1344,11:21:51,7.32,0.0,4,2928,买盘
1345,11:21:54,7.3,-0.02,3,2190,卖盘
1346,11:21:58,7.32,0.02,7,5112,买盘
1347,11:22:04,7.32,0.0,2,1464,买盘
1348,11:22:07,7.32,0.0,3,2196,买盘
1349,11:22:09,7.29,-0.03,16,11664,卖盘
1350,11:22:13,7.31,0.02,2,1462,买盘
1351,11:22:16,7.29,-0.02,41,29900,卖盘
1352,11:22:22,7.3,0.01,23,16790,中性盘
1353,11:22:25,7.32,0.02,110,80338,买盘
1354,11:22:31,7.3,-0.02,1,730,中性盘
1355,11:22:34,7.32,0.02,4,2928,买盘
1356,11:22:40,7.32,0.0,3,2196,买盘
1357,11:22:48,7.29,-0.03,3,2187,卖盘
1358,11:22:55,7.32,0.03,2,1464,买盘
1359,11:22:58,7.32,0.0,3,2196,买盘
1360,11:23:01,7.28,-0.04,20,14568,卖盘
1361,11:23:06,7.32,0.04,2,1464,买盘
1362,11:23:09,7.32,0.0,3,2195,买盘
1363,11:23:15,7.3,-0.02,4,2920,买盘
1364,11:23:19,7.3,0.0,2,1460,买盘
1365,11:23:22,7.3,0.0,4,2920,买盘
1366,11:23:25,7.29,-0.01,12,8748,卖盘
1367,11:23:27,7.3,0.01,2,1460,买盘
1368,11:23:31,7.3,0.0,2,1460,买盘
1369,11:23:33,7.3,0.0,7,5110,买盘
1370,11:23:40,7.28,-0.02,13,9488,卖盘
1371,11:23:43,7.28,0.0,1,728,卖盘
1372,11:23:45,7.3,0.02,2,1460,买盘
1373,11:23:52,7.28,-0.02,24,17488,卖盘
1374,11:23:54,7.31,0.03,4,2924,买盘
1375,11:23:57,7.31,0.0,6,4386,买盘
1376,11:24:01,7.31,0.0,2,1462,买盘
1377,11:24:06,7.31,0.0,3,2193,买盘
1378,11:24:18,7.3,-0.01,3,2190,买盘
1379,11:24:22,7.31,0.01,5,3654,买盘
1380,11:24:40,7.28,-0.03,18,13116,卖盘
1381,11:24:48,7.3,0.02,12,8760,卖盘
1382,11:24:51,7.28,-0.02,12,8736,卖盘
1383,11:25:00,7.29,0.01,5,3645,卖盘
1384,11:25:15,7.29,0.0,2,1458,买盘
1385,11:25:18,7.29,0.0,3,2187,买盘
1386,11:25:21,7.3,0.01,2,1460,买盘
1387,11:25:24,7.3,0.0,6,4376,买盘
1388,11:25:28,7.3,0.0,5,3648,买盘
1389,11:25:31,7.31,0.01,27,19678,买盘
1390,11:25:37,7.31,0.0,2,1462,买盘
1391,11:25:40,7.31,0.0,20,14620,买盘
1392,11:25:45,7.31,0.0,29,21199,买盘
1393,11:25:48,7.31,0.0,3,2193,买盘
1394,11:25:51,7.31,0.0,15,10965,买盘
1395,11:25:54,7.31,0.0,1,731,买盘
1396,11:26:04,7.31,0.0,24,17544,买盘
1397,11:26:15,7.29,-0.02,49,35814,卖盘
1398,11:26:19,7.28,-0.01,27,19690,卖盘
1399,11:26:21,7.31,0.03,4,2924,买盘
1400,11:26:34,7.32,0.01,36,26348,买盘
1401,11:26:36,7.32,0.0,2,1464,买盘
1402,11:26:40,7.32,0.0,25,18300,买盘
1403,11:26:46,7.32,0.0,26,19032,买盘
1404,11:26:49,7.33,0.01,1,733,买盘
1405,11:26:52,7.32,-0.01,9,6588,卖盘
1406,11:26:58,7.31,-0.01,54,39514,卖盘
1407,11:27:01,7.33,0.02,3,2199,买盘
1408,11:27:06,7.33,0.0,4,2932,买盘
1409,11:27:09,7.28,-0.05,20,14571,卖盘
1410,11:27:12,7.32,0.04,2,1464,买盘
1411,11:27:22,7.32,0.0,4,2928,买盘
1412,11:27:24,7.32,0.0,2,1464,买盘
1413,11:27:30,7.33,0.01,4,2931,买盘
1414,11:27:33,7.29,-0.04,4,2916,卖盘
1415,11:27:37,7.29,0.0,7,5103,卖盘
1416,11:27:43,7.33,0.04,4,2932,买盘
1417,11:27:46,7.33,0.0,4,2932,买盘
1418,11:27:49,7.33,0.0,4,2932,买盘
1419,11:27:52,7.33,0.0,3,2199,买盘
1420,11:27:54,7.33,0.0,1,733,买盘
1421,11:27:58,7.33,0.0,52,38116,买盘
1422,11:28:01,7.32,-0.01,25,18254,中性盘
1423,11:28:04,7.33,0.01,3,2198,买盘
1424,11:28:13,7.32,-0.01,4,2928,买盘
1425,11:28:15,7.32,0.0,1,732,买盘
1426,11:28:22,7.3,-0.02,13,9490,买盘
1427,11:28:43,7.3,0.0,3,2190,买盘
1428,11:28:49,7.29,-0.01,19,13853,卖盘
1429,11:28:52,7.3,0.01,27,19693,买盘
1430,11:28:54,7.33,0.03,100,73289,买盘
1431,11:29:00,7.32,-0.01,2,1464,买盘
1432,11:29:07,7.32,0.0,3,2196,买盘
1433,11:29:13,7.31,-0.01,3,2193,买盘
1434,11:29:16,7.3,-0.01,3,2190,卖盘
1435,11:29:21,7.3,0.0,9,6570,买盘
1436,11:29:31,7.3,0.0,11,8042,卖盘
1437,11:29:34,7.32,0.02,3,2196,买盘
1438,11:29:36,7.33,0.01,30,21949,买盘
1439,11:29:43,7.29,-0.04,21,15314,卖盘
1440,11:29:45,7.32,0.03,3,2196,买盘
1441,11:29:49,7.33,0.01,2,1466,买盘
1442,11:29:58,7.32,-0.01,4,2928,买盘
1443,11:30:04,7.32,0.0,3,2196,买盘
1444,13:00:07,7.29,-0.03,55,40299,卖盘
1445,13:00:10,7.33,0.04,3,2199,买盘
1446,13:00:12,7.3,-0.03,3,2190,买盘
1447,13:00:15,7.3,0.0,1,730,买盘
1448,13:00:18,7.3,0.0,17,12410,买盘
1449,13:00:21,7.33,0.03,2,1466,买盘
1450,13:00:31,7.29,-0.04,16,11676,卖盘
1451,13:00:33,7.32,0.03,6,4392,买盘
1452,13:00:46,7.29,-0.03,2,1458,卖盘
1453,13:00:49,7.32,0.03,4,2928,买盘
1454,13:01:04,7.32,0.0,3,2196,买盘
1455,13:01:09,7.32,0.0,2,1464,买盘
1456,13:01:16,7.32,0.0,3,2196,买盘
1457,13:01:19,7.29,-0.03,16,11676,卖盘
1458,13:01:22,7.32,0.03,23,16776,买盘
1459,13:01:24,7.28,-0.04,38,27681,卖盘
1460,13:01:27,7.31,0.03,12,8773,卖盘
1461,13:01:31,7.28,-0.03,11,8008,卖盘
1462,13:01:33,7.31,0.03,4,2924,买盘
1463,13:01:37,7.31,0.0,2,1462,买盘
1464,13:01:39,7.3,-0.01,3,2190,买盘
1465,13:01:43,7.3,0.0,1,730,买盘
1466,13:01:46,7.29,-0.01,2,1458,卖盘
1467,13:01:52,7.3,0.01,4,2920,买盘
1468,13:01:55,7.29,-0.01,22,16041,卖盘
1469,13:01:57,7.29,0.0,9,6559,买盘
1470,13:02:06,7.29,0.0,3,2187,买盘
1471,13:02:09,7.28,-0.01,16,11648,卖盘
1472,13:02:12,7.28,0.0,7,5099,卖盘
1473,13:02:15,7.28,0.0,3,2185,卖盘
1474,13:02:18,7.29,0.01,61,44411,买盘
1475,13:02:24,7.29,0.0,5,3645,买盘
1476,13:02:27,7.29,0.0,10,7290,买盘
1477,13:02:34,7.29,0.0,3,2187,卖盘
1478,13:02:36,7.29,0.0,2,1458,买盘
1479,13:02:43,7.29,0.0,8,5832,买盘
1480,13:02:46,7.28,-0.01,85,61882,卖盘
1481,13:02:48,7.28,0.0,50,36400,买盘
1482,13:02:54,7.28,0.0,3,2184,买盘
1483,13:02:57,7.28,0.0,13,9464,买盘
1484,13:03:01,7.27,-0.01,20,14540,卖盘
1485,13:03:04,7.27,0.0,4,2911,卖盘
1486,13:03:07,7.28,0.01,4,2909,买盘
1487,13:03:09,7.28,0.0,4,2912,买盘
1488,13:03:15,7.28,0.0,4,2912,买盘
1489,13:03:18,7.28,0.0,11,8008,买盘
1490,13:03:21,7.28,0.0,3,2184,买盘
1491,13:03:28,7.28,0.0,13,9464,买盘
1492,13:03:34,7.28,0.0,3,2184,买盘
1493,13:03:37,7.28,0.0,1,728,买盘
1494,13:03:40,7.28,0.0,4,2912,买盘
1495,13:03:52,7.28,0.0,23,16722,买盘
1496,13:03:58,7.27,-0.01,22,16015,卖盘
1497,13:04:00,7.28,0.01,2,1456,买盘
1498,13:04:04,7.28,0.0,8,5824,买盘
1499,13:04:07,7.28,0.0,3,2184,买盘
1500,13:04:09,7.28,0.0,7,5096,买盘
1501,13:04:12,7.27,-0.01,5,3635,卖盘
1502,13:04:15,7.28,0.01,12,8736,买盘
1503,13:04:21,7.28,0.0,5,3640,买盘
1504,13:04:24,7.28,0.0,8,5824,买盘
1505,13:04:27,7.28,0.0,2,1456,买盘
1506,13:04:30,7.28,0.0,9,6552,买盘
1507,13:04:33,7.3,0.02,4,2920,买盘
1508,13:04:40,7.27,-0.03,17,12361,卖盘
1509,13:04:42,7.3,0.03,6,4380,买盘
1510,13:04:45,7.3,0.0,4,2920,买盘
1511,13:05:04,7.29,-0.01,1,729,卖盘
1512,13:05:06,7.3,0.01,13,9477,买盘
1513,13:05:10,7.3,0.0,1,730,中性盘
1514,13:05:13,7.3,0.0,4,2917,中性盘
1515,13:05:16,7.27,-0.03,39,28353,卖盘
1516,13:05:18,7.3,0.03,3,2190,买盘
1517,13:05:25,7.28,-0.02,1,728,卖盘
1518,13:05:28,7.31,0.03,5,3654,买盘
1519,13:05:31,7.31,0.0,25,18203,买盘
1520,13:05:34,7.31,0.0,2,1462,卖盘
1521,13:05:36,7.31,0.0,4,2922,买盘
1522,13:05:39,7.3,-0.01,7,5110,买盘
1523,13:05:46,7.3,0.0,5,3650,买盘
1524,13:05:49,7.27,-0.03,3,2181,卖盘
1525,13:05:55,7.27,0.0,31,22537,卖盘
1526,13:06:01,7.27,0.0,1,727,卖盘
1527,13:06:07,7.27,0.0,13,9462,卖盘
1528,13:06:13,7.28,0.01,3,2184,买盘
1529,13:06:16,7.29,0.01,13,9458,买盘
1530,13:06:21,7.26,-0.03,22,15977,卖盘
1531,13:06:24,7.29,0.03,1,729,买盘
1532,13:06:34,7.26,-0.03,41,29777,卖盘
1533,13:06:37,7.29,0.03,3,2187,买盘
1534,13:06:42,7.29,0.0,2,1458,买盘
1535,13:06:54,7.26,-0.03,1,726,卖盘
1536,13:06:57,7.29,0.03,2,1458,买盘
1537,13:07:10,7.26,-0.03,23,16722,卖盘
1538,13:07:13,7.28,0.02,2,1456,买盘
1539,13:07:16,7.28,0.0,2,1456,买盘
1540,13:07:21,7.29,0.01,2,1458,买盘
1541,13:07:28,7.29,0.0,3,2187,买盘
1542,13:07:33,7.28,-0.01,17,12374,卖盘
1543,13:07:36,7.28,0.0,2,1456,买盘
1544,13:07:42,7.26,-0.02,4,2906,卖盘
1545,13:07:46,7.27,0.01,3,2181,买盘
1546,13:07:48,7.27,0.0,6,4362,买盘
1547,13:07:51,7.26,-0.01,9,6537,卖盘
1548,13:07:57,7.27,0.01,2,1454,买盘
1549,13:08:00,7.26,-0.01,85,61715,卖盘
1550,13:08:07,7.29,0.03,3,2187,买盘
1551,13:08:10,7.28,-0.01,3,2184,卖盘
1552,13:08:12,7.27,-0.01,3,2181,卖盘
1553,13:08:22,7.27,0.0,1,727,卖盘
1554,13:08:25,7.27,0.0,8,5816,卖盘
1555,13:08:33,7.28,0.01,21,15279,买盘
1556,13:08:46,7.29,0.01,2,1457,买盘
1557,13:08:51,7.26,-0.03,18,13068,卖盘
1558,13:08:57,7.26,0.0,1,726,卖盘
1559,13:09:00,7.26,0.0,9,6534,卖盘
1560,13:09:04,7.29,0.03,3,2187,买盘
1561,13:09:07,7.27,-0.02,11,7997,卖盘
1562,13:09:10,7.26,-0.01,5,3630,卖盘
1563,13:09:13,7.27,0.01,7,5089,买盘
1564,13:09:19,7.26,-0.01,111,80586,卖盘
1565,13:09:21,7.27,0.01,3,2181,买盘
1566,13:09:24,7.28,0.01,4,2909,买盘
1567,13:09:30,7.28,0.0,15,10878,买盘
1568,13:09:36,7.28,0.0,6,4370,买盘
1569,13:09:43,7.25,-0.03,41,29742,卖盘
1570,13:09:49,7.25,0.0,1,725,卖盘
1571,13:09:52,7.29,0.04,20,14563,买盘
1572,13:09:57,7.28,-0.01,1,728,买盘
1573,13:10:00,7.28,0.0,2,1456,买盘
1574,13:10:04,7.28,0.0,3,2184,买盘
1575,13:10:07,7.28,0.0,2,1456,买盘
1576,13:10:15,7.27,-0.01,3,2181,买盘
1577,13:10:21,7.28,0.01,3,2184,买盘
1578,13:10:31,7.25,-0.03,16,11612,卖盘
1579,13:10:37,7.28,0.03,11,8008,买盘
1580,13:10:39,7.28,0.0,2,1456,买盘
1581,13:10:42,7.27,-0.01,11,7997,卖盘
1582,13:11:07,7.28,0.01,3,2183,买盘
1583,13:11:12,7.27,-0.01,15,10905,卖盘
1584,13:11:15,7.25,-0.02,12,8710,卖盘
1585,13:11:22,7.25,0.0,19,13775,卖盘
1586,13:11:34,7.26,0.01,3,2178,买盘
1587,13:11:37,7.26,0.0,2,1452,买盘
1588,13:11:40,7.27,0.01,1,727,买盘
1589,13:11:43,7.26,-0.01,10,7261,卖盘
1590,13:11:46,7.27,0.01,5,3633,中性盘
1591,13:11:49,7.27,0.0,2,1454,买盘
1592,13:11:52,7.28,0.01,2,1455,买盘
1593,13:11:55,7.28,0.0,2,1456,买盘
1594,13:11:58,7.28,0.0,1,728,买盘
1595,13:12:04,7.28,0.0,4,2908,买盘
1596,13:12:07,7.28,0.0,4,2912,买盘
1597,13:12:10,7.26,-0.02,25,18154,卖盘
1598,13:12:12,7.27,0.01,2,1454,买盘
1599,13:12:24,7.27,0.0,6,4362,买盘
1600,13:12:40,7.27,0.0,3,2181,买盘
1601,13:12:46,7.27,0.0,3,2181,卖盘
1602,13:12:49,7.27,0.0,1,727,卖盘
1603,13:12:52,7.28,0.01,5,3640,买盘
1604,13:12:57,7.28,0.0,8,5820,买盘
1605,13:13:01,7.26,-0.02,24,17424,卖盘
1606,13:13:13,7.27,0.01,14,10180,卖盘
1607,13:13:16,7.28,0.01,3,2184,买盘
1608,13:13:19,7.28,0.0,15,10896,买盘
1609,13:13:24,7.28,0.0,5,3640,买盘
1610,13:13:36,7.28,0.0,6,4366,买盘
1611,13:13:43,7.28,0.0,42,30477,买盘
1612,13:13:45,7.28,0.0,4,2912,买盘
1613,13:13:49,7.27,-0.01,1,727,买盘
1614,13:13:51,7.27,0.0,21,15229,买盘
1615,13:14:01,7.27,0.0,4,2908,买盘
1616,13:14:04,7.27,0.0,3,2181,买盘
1617,13:14:10,7.26,-0.01,4,2904,买盘
1618,13:14:13,7.26,0.0,1,726,卖盘
1619,13:14:15,7.27,0.01,3,2181,买盘
1620,13:14:18,7.27,0.0,13,9442,买盘
1621,13:14:28,7.27,0.0,2,1454,买盘
1622,13:14:30,7.26,-0.01,5,3630,卖盘
1623,13:14:40,7.25,-0.01,27,19578,卖盘
1624,13:14:43,7.26,0.01,12,8712,买盘
1625,13:14:52,7.26,0.0,2,1452,买盘
1626,13:15:00,7.26,0.0,1,726,卖盘
1627,13:15:04,7.26,0.0,1,726,卖盘
1628,13:15:10,7.26,0.0,6,4359,卖盘
1629,13:15:12,7.27,0.01,3,2181,买盘
1630,13:15:19,7.27,0.0,8,5816,卖盘
1631,13:15:28,7.26,-0.01,29,21054,卖盘
1632,13:15:30,7.26,0.0,21,15248,卖盘
1633,13:15:34,7.27,0.01,5,3635,买盘
1634,13:15:40,7.27,0.0,3,2180,买盘
1635,13:15:43,7.27,0.0,10,7270,买盘
1636,13:15:46,7.27,0.0,1,727,卖盘
1637,13:15:49,7.28,0.01,4,2912,买盘
1638,13:15:52,7.28,0.0,3,2184,买盘
1639,13:15:55,7.28,0.0,3,2184,买盘
1640,13:15:58,7.28,0.0,3,2184,买盘
1641,13:16:01,7.28,0.0,3,2184,买盘
1642,13:16:06,7.28,0.0,2,1456,买盘
1643,13:16:10,7.27,-0.01,4,2909,卖盘
1644,13:16:12,7.28,0.01,12,8736,买盘
1645,13:16:21,7.27,-0.01,22,15994,卖盘
1646,13:16:33,7.28,0.01,2,1456,买盘
1647,13:16:40,7.27,-0.01,1,727,卖盘
1648,13:16:46,7.29,0.02,8,5826,买盘
1649,13:16:57,7.29,0.0,3,2187,买盘
1650,13:17:04,7.28,-0.01,18,13114,卖盘
1651,13:17:06,7.3,0.02,19,13863,买盘
1652,13:17:10,7.27,-0.03,16,11644,卖盘
1653,13:17:13,7.27,0.0,5,3644,卖盘
1654,13:17:15,7.3,0.03,11,8021,买盘
1655,13:17:21,7.31,0.01,100,73056,买盘
1656,13:17:24,7.31,0.0,2,1462,买盘
1657,13:17:31,7.31,0.0,1,731,买盘
1658,13:17:36,7.31,0.0,14,10231,买盘
1659,13:17:42,7.31,0.0,3,2193,买盘
1660,13:17:46,7.32,0.01,2,1464,买盘
1661,13:17:49,7.31,-0.01,6,4389,中性盘
1662,13:17:52,7.31,0.0,53,38743,买盘
1663,13:17:55,7.31,0.0,1,731,买盘
1664,13:18:00,7.27,-0.04,22,16030,卖盘
1665,13:18:04,7.31,0.04,11,8041,买盘
1666,13:18:07,7.31,0.0,2,1462,买盘
1667,13:18:10,7.3,-0.01,4,2920,中性盘
1668,13:18:12,7.32,0.02,4,2928,买盘
1669,13:18:16,7.31,-0.01,30,21930,卖盘
1670,13:18:21,7.31,0.0,30,21853,买盘
1671,13:18:24,7.3,-0.01,4,2920,买盘
1672,13:18:31,7.28,-0.02,1,728,卖盘
1673,13:18:33,7.3,0.02,29,21170,买盘
1674,13:18:37,7.3,0.0,2,1460,买盘
1675,13:18:46,7.3,0.0,22,16060,买盘
1676,13:18:49,7.3,0.0,2,1460,卖盘
1677,13:18:52,7.28,-0.02,50,36465,卖盘
1678,13:18:58,7.27,-0.01,27,19631,卖盘
1679,13:19:01,7.3,0.03,8,5840,买盘
1680,13:19:15,7.29,-0.01,4,2913,买盘
1681,13:19:18,7.28,-0.01,12,8736,卖盘
1682,13:19:22,7.29,0.01,14,10206,买盘
1683,13:19:28,7.3,0.01,3,2190,中性盘
1684,13:19:31,7.3,0.0,22,16060,买盘
1685,13:19:34,7.29,-0.01,6,4374,卖盘
1686,13:19:37,7.27,-0.02,6,4363,卖盘
1687,13:19:39,7.27,0.0,18,13088,卖盘
1688,13:19:43,7.31,0.04,9,6569,买盘
1689,13:19:45,7.3,-0.01,5,3650,卖盘
1690,13:19:49,7.29,-0.01,9,6561,买盘
1691,13:19:52,7.28,-0.01,5,3640,卖盘
1692,13:19:55,7.3,0.02,4,2920,买盘
1693,13:19:58,7.3,0.0,2,1460,买盘
1694,13:20:01,7.3,0.0,1,730,中性盘
1695,13:20:04,7.31,0.01,2,1462,买盘
1696,13:20:06,7.3,-0.01,13,9493,卖盘
1697,13:20:10,7.3,0.0,2,1460,卖盘
1698,13:20:16,7.3,0.0,2,1460,买盘
1699,13:20:22,7.3,0.0,4,2920,买盘
1700,13:20:28,7.29,-0.01,14,10206,卖盘
1701,13:20:31,7.28,-0.01,7,5097,卖盘
1702,13:20:33,7.28,0.0,3,2184,买盘
1703,13:20:37,7.28,0.0,1,728,买盘
1704,13:20:45,7.29,0.01,44,32065,买盘
1705,13:20:49,7.29,0.0,2,1458,买盘
1706,13:21:01,7.29,0.0,4,2916,买盘
1707,13:21:04,7.28,-0.01,6,4368,卖盘
1708,13:21:10,7.28,0.0,4,2912,卖盘
1709,13:21:19,7.29,0.01,11,8019,买盘
1710,13:21:21,7.29,0.0,19,13819,买盘
1711,13:21:34,7.29,0.0,4,2915,买盘
1712,13:21:37,7.28,-0.01,3,2186,卖盘
1713,13:21:40,7.29,0.01,3,2187,买盘
1714,13:21:43,7.29,0.0,2,1458,买盘
1715,13:21:51,7.29,0.0,2,1458,买盘
1716,13:21:58,7.29,0.0,2,1458,买盘
1717,13:22:04,7.27,-0.02,15,10920,卖盘
1718,13:22:07,7.29,0.02,3,2187,买盘
1719,13:22:10,7.29,0.0,4,2916,买盘
1720,13:22:13,7.28,-0.01,20,14541,买盘
1721,13:22:16,7.29,0.01,3,2185,买盘
1722,13:22:22,7.29,0.0,2,1458,买盘
1723,13:22:28,7.29,0.0,4,2916,买盘
1724,13:22:31,7.29,0.0,15,10923,买盘
1725,13:22:37,7.29,0.0,2,1458,买盘
1726,13:22:55,7.29,0.0,4,2916,买盘
1727,13:23:01,7.27,-0.02,23,16732,卖盘
1728,13:23:04,7.29,0.02,2,1458,买盘
1729,13:23:19,7.28,-0.01,1,728,买盘
1730,13:23:22,7.28,0.0,6,4368,买盘
1731,13:23:27,7.27,-0.01,11,8003,卖盘
1732,13:23:37,7.28,0.01,2,1456,买盘
1733,13:23:46,7.29,0.01,44,32075,买盘
1734,13:23:49,7.29,0.0,3,2186,买盘
1735,13:23:51,7.27,-0.02,18,13086,卖盘
1736,13:23:57,7.29,0.02,1,729,买盘
1737,13:24:04,7.29,0.0,14,10194,买盘
1738,13:24:10,7.28,-0.01,7,5099,中性盘
1739,13:24:21,7.28,0.0,3,2184,买盘
1740,13:24:25,7.28,0.0,11,8008,买盘
1741,13:24:27,7.29,0.01,2,1457,买盘
1742,13:24:31,7.29,0.0,1,729,买盘
1743,13:24:43,7.29,0.0,20,14542,买盘
1744,13:24:49,7.29,0.0,38,27702,买盘
1745,13:24:55,7.29,0.0,3,2185,买盘
1746,13:24:58,7.28,-0.01,1,728,卖盘
1747,13:25:10,7.28,0.0,4,2912,卖盘
1748,13:25:12,7.28,0.0,2,1456,卖盘
1749,13:25:16,7.28,0.0,1,728,卖盘
1750,13:25:19,7.28,0.0,3,2184,卖盘
1751,13:25:22,7.28,0.0,3,2184,买盘
1752,13:25:25,7.29,0.01,13,9476,买盘
1753,13:25:30,7.27,-0.02,24,17454,卖盘
1754,13:25:46,7.29,0.02,2,1458,买盘
1755,13:25:58,7.29,0.0,2,1458,买盘
1756,13:26:04,7.29,0.0,1,729,买盘
1757,13:26:09,7.29,0.0,8,5828,买盘
1758,13:26:13,7.29,0.0,4,2916,买盘
1759,13:26:15,7.29,0.0,3,2187,买盘
1760,13:26:22,7.27,-0.02,18,13095,卖盘
1761,13:26:25,7.29,0.02,22,16032,买盘
1762,13:26:28,7.29,0.0,4,2916,买盘
1763,13:26:37,7.28,-0.01,2,1456,买盘
1764,13:26:43,7.28,0.0,4,2912,买盘
1765,13:26:46,7.28,0.0,64,46592,买盘
1766,13:26:52,7.28,0.0,4,2912,买盘
1767,13:26:58,7.27,-0.01,1,727,卖盘
1768,13:27:06,7.29,0.02,15,10923,买盘
1769,13:27:10,7.27,-0.02,19,13821,卖盘
1770,13:27:13,7.27,0.0,3,2182,卖盘
1771,13:27:15,7.29,0.02,5,3643,买盘
1772,13:27:25,7.29,0.0,4,2915,买盘
1773,13:27:28,7.29,0.0,3,2187,买盘
1774,13:27:33,7.28,-0.01,3,2184,卖盘
1775,13:27:40,7.29,0.01,32,23328,买盘
1776,13:27:43,7.29,0.0,21,15312,卖盘
1777,13:27:46,7.26,-0.03,18,13087,卖盘
1778,13:27:55,7.29,0.03,1,729,买盘
1779,13:28:01,7.28,-0.01,22,15985,买盘
1780,13:28:25,7.27,-0.01,2,1454,买盘
1781,13:28:31,7.28,0.01,4,2912,买盘
1782,13:28:33,7.28,0.0,9,6550,买盘
1783,13:28:36,7.28,0.0,4,2912,卖盘
1784,13:28:40,7.28,0.0,43,31264,卖盘
1785,13:28:46,7.26,-0.02,17,12343,卖盘
1786,13:28:52,7.26,0.0,20,14520,卖盘
1787,13:28:55,7.27,0.01,4,2908,买盘
1788,13:28:58,7.26,-0.01,8,5808,卖盘
1789,13:29:01,7.27,0.01,11,7997,买盘
1790,13:29:07,7.26,-0.01,10,7260,卖盘
1791,13:29:10,7.25,-0.01,29,21053,卖盘
1792,13:29:12,7.26,0.01,54,39204,买盘
1793,13:29:19,7.25,-0.01,17,12325,卖盘
1794,13:29:28,7.26,0.01,6,4356,买盘
1795,13:29:31,7.27,0.01,3,2181,买盘
1796,13:29:37,7.26,-0.01,19,13794,卖盘
1797,13:29:40,7.27,0.01,29,21083,买盘
1798,13:29:43,7.26,-0.01,22,15993,卖盘
1799,13:29:46,7.28,0.02,23,16744,买盘
1800,13:29:52,7.28,0.0,31,22568,卖盘
1801,13:29:54,7.28,0.0,33,23937,买盘
1802,13:30:01,7.27,-0.01,13,9455,中性盘
1803,13:30:04,7.27,0.0,4,2911,卖盘
1804,13:30:07,7.27,0.0,2,1454,卖盘
1805,13:30:10,7.25,-0.02,3,2175,卖盘
1806,13:30:18,7.28,0.03,50,36396,买盘
1807,13:30:28,7.27,-0.01,3,2181,买盘
1808,13:30:31,7.25,-0.02,17,12336,卖盘
1809,13:30:43,7.27,0.02,4,2908,买盘
1810,13:30:45,7.27,0.0,2,1454,买盘
1811,13:30:49,7.25,-0.02,22,15950,卖盘
1812,13:30:58,7.27,0.02,37,26899,买盘
1813,13:31:01,7.29,0.02,3,2187,买盘
1814,13:31:04,7.29,0.0,9,6547,买盘
1815,13:31:10,7.29,0.0,2,1458,买盘
1816,13:31:19,7.27,-0.02,6,4362,卖盘
1817,13:31:22,7.27,0.0,19,13813,卖盘
1818,13:31:24,7.28,0.01,5,3638,买盘
1819,13:31:28,7.27,-0.01,16,11632,卖盘
1820,13:31:30,7.26,-0.01,20,14533,卖盘
1821,13:31:33,7.28,0.02,12,8735,买盘
1822,13:31:36,7.28,0.0,29,21077,买盘
1823,13:31:43,7.28,0.0,3,2184,买盘
1824,13:31:52,7.28,0.0,3,2184,买盘
1825,13:32:04,7.28,0.0,1,728,买盘
1826,13:32:10,7.25,-0.03,23,16686,卖盘
1827,13:32:19,7.27,0.02,3,2181,买盘
1828,13:32:22,7.28,0.01,22,15956,买盘
1829,13:32:28,7.28,0.0,3,2184,买盘
1830,13:32:31,7.25,-0.03,1,725,卖盘
1831,13:32:43,7.28,0.03,4,2912,买盘
1832,13:32:49,7.29,0.01,45,32777,买盘
1833,13:33:00,7.26,-0.03,18,13080,卖盘
1834,13:33:04,7.29,0.03,16,11664,买盘
1835,13:33:12,7.28,-0.01,4,2912,买盘
1836,13:33:19,7.26,-0.02,6,4362,卖盘
1837,13:33:31,7.29,0.03,4,2916,买盘
1838,13:33:37,7.29,0.0,3,2187,买盘
1839,13:33:43,7.29,0.0,11,8019,买盘
1840,13:33:49,7.29,0.0,2,1458,买盘
1841,13:33:52,7.26,-0.03,41,29834,卖盘
1842,13:34:04,7.29,0.03,3,2187,买盘
1843,13:34:19,7.28,-0.01,4,2912,买盘
1844,13:34:34,7.28,0.0,2,1456,买盘
1845,13:34:37,7.28,0.0,5,3640,买盘
1846,13:34:40,7.28,0.0,4,2912,卖盘
1847,13:34:43,7.26,-0.02,24,17449,卖盘
1848,13:34:46,7.28,0.02,3,2184,买盘
1849,13:34:48,7.28,0.0,23,16744,买盘
1850,13:35:07,7.28,0.0,1,728,买盘
1851,13:35:10,7.27,-0.01,4,2908,中性盘
1852,13:35:18,7.28,0.01,4,2910,买盘
1853,13:35:22,7.28,0.0,8,5817,买盘
1854,13:35:31,7.26,-0.02,23,16704,卖盘
1855,13:35:34,7.26,0.0,40,29047,卖盘
1856,13:35:40,7.27,0.01,2,1454,买盘
1857,13:35:46,7.28,0.01,1,728,买盘
1858,13:35:49,7.29,0.01,11,8011,买盘
1859,13:35:52,7.28,-0.01,4,2912,卖盘
1860,13:36:01,7.29,0.01,30,21870,买盘
1861,13:36:04,7.28,-0.01,5,3640,卖盘
1862,13:36:10,7.28,0.0,31,22580,买盘
1863,13:36:16,7.28,0.0,1,728,买盘
1864,13:36:18,7.29,0.01,1,729,卖盘
1865,13:36:22,7.3,0.01,42,30563,买盘
1866,13:36:24,7.29,-0.01,5,3645,中性盘
1867,13:36:28,7.29,0.0,1,729,买盘
1868,13:36:37,7.29,0.0,3,2187,买盘
1869,13:36:40,7.28,-0.01,1,728,中性盘
1870,13:36:43,7.29,0.01,3,2187,买盘
1871,13:36:48,7.3,0.01,4,2919,买盘
1872,13:36:54,7.29,-0.01,1,729,卖盘
1873,13:37:01,7.29,0.0,12,8738,买盘
1874,13:37:13,7.28,-0.01,22,15995,买盘
1875,13:37:19,7.28,0.0,6,4368,买盘
1876,13:37:25,7.27,-0.01,1,727,卖盘
1877,13:37:31,7.28,0.01,20,14529,买盘
1878,13:37:37,7.29,0.01,3,2186,买盘
1879,13:37:43,7.29,0.0,3,2187,买盘
1880,13:37:48,7.29,0.0,11,8019,买盘
1881,13:37:55,7.29,0.0,1,729,买盘
1882,13:38:01,7.26,-0.03,21,15261,卖盘
1883,13:38:37,7.27,0.01,7,5089,卖盘
1884,13:38:43,7.28,0.01,10,7280,中性盘
1885,13:38:45,7.29,0.01,48,34992,买盘
1886,13:38:49,7.28,-0.01,4,2912,卖盘
1887,13:38:51,7.27,-0.01,29,21083,卖盘
1888,13:38:55,7.28,0.01,7,5096,买盘
1889,13:39:01,7.27,-0.01,5,3635,卖盘
1890,13:39:04,7.27,0.0,2,1454,买盘
1891,13:39:10,7.26,-0.01,4,2904,卖盘
1892,13:39:13,7.27,0.01,4,2908,买盘
1893,13:39:18,7.27,0.0,8,5816,卖盘
1894,13:39:22,7.28,0.01,11,8008,买盘
1895,13:39:31,7.27,-0.01,3,2181,买盘
1896,13:39:40,7.27,0.0,3,2181,买盘
1897,13:39:43,7.27,0.0,23,16703,买盘
1898,13:39:49,7.27,0.0,8,5819,卖盘
1899,13:39:55,7.28,0.01,3,2184,买盘
1900,13:40:00,7.28,0.0,2,1456,买盘
1901,13:40:07,7.27,-0.01,4,2910,卖盘
1902,13:40:13,7.27,0.0,3,2181,买盘
1903,13:40:16,7.27,0.0,16,11635,中性盘
1904,13:40:22,7.26,-0.01,43,31218,卖盘
1905,13:40:28,7.28,0.02,35,25474,买盘
1906,13:40:31,7.25,-0.03,24,17412,卖盘
1907,13:40:34,7.28,0.03,16,11648,买盘
1908,13:40:40,7.28,0.0,16,11648,买盘
1909,13:40:43,7.29,0.01,1,729,买盘
1910,13:40:57,7.29,0.0,3,2184,买盘
1911,13:41:01,7.29,0.0,1,729,买盘
1912,13:41:04,7.29,0.0,2,1458,买盘
1913,13:41:07,7.29,0.0,16,11664,买盘
1914,13:41:22,7.26,-0.03,23,16724,卖盘
1915,13:41:39,7.29,0.03,2,1458,买盘
1916,13:41:46,7.3,0.01,44,32100,买盘
1917,13:41:55,7.3,0.0,1,730,买盘
1918,13:41:58,7.29,-0.01,11,8019,卖盘
1919,13:42:04,7.3,0.01,4,2920,买盘
1920,13:42:10,7.3,0.0,10,7300,买盘
1921,13:42:13,7.29,-0.01,24,17496,卖盘
1922,13:42:18,7.3,0.01,12,8760,买盘
1923,13:42:22,7.3,0.0,2,1460,买盘
1924,13:42:37,7.3,0.0,4,2920,买盘
1925,13:42:48,7.3,0.0,11,8030,买盘
1926,13:42:52,7.3,0.0,2,1460,买盘
1927,13:42:55,7.3,0.0,3,2190,买盘
1928,13:43:01,7.27,-0.03,24,17478,卖盘
1929,13:43:07,7.3,0.03,3,2190,买盘
1930,13:43:16,7.29,-0.01,2,1458,买盘
1931,13:43:37,7.3,0.01,3,2188,买盘
1932,13:43:52,7.28,-0.02,19,13844,卖盘
1933,13:44:16,7.28,0.0,9,6552,卖盘
1934,13:44:19,7.29,0.01,4,2915,买盘
1935,13:44:22,7.29,0.0,2,1458,买盘
1936,13:44:25,7.27,-0.02,25,18194,卖盘
1937,13:44:28,7.3,0.03,3,2190,买盘
1938,13:44:37,7.27,-0.03,5,3638,卖盘
1939,13:44:43,7.28,0.01,26,18904,买盘
1940,13:44:48,7.3,0.02,47,34294,买盘
1941,13:45:01,7.3,0.0,2,1460,买盘
1942,13:45:07,7.3,0.0,1,730,买盘
1943,13:45:10,7.28,-0.02,2,1456,卖盘
1944,13:45:13,7.28,0.0,3,2184,卖盘
1945,13:45:16,7.28,0.0,1,728,卖盘
1946,13:45:18,7.29,0.01,3,2187,买盘
1947,13:45:22,7.29,0.0,4,2916,买盘
1948,13:45:24,7.3,0.01,2,1460,买盘
1949,13:45:27,7.29,-0.01,2,1458,卖盘
1950,13:45:31,7.28,-0.01,11,8014,卖盘
1951,13:45:40,7.28,0.0,3,2184,买盘
1952,13:45:43,7.28,0.0,1,728,买盘
1953,13:45:46,7.28,0.0,10,7280,买盘
1954,13:45:51,7.28,0.0,1,728,买盘
1955,13:46:04,7.29,0.01,4,2916,买盘
1956,13:46:10,7.28,-0.01,4,2912,卖盘
1957,13:46:19,7.29,0.01,8,5832,买盘
1958,13:46:21,7.27,-0.02,23,16731,卖盘
1959,13:46:25,7.3,0.03,15,10939,买盘
1960,13:46:34,7.3,0.0,3,2190,买盘
1961,13:46:40,7.3,0.0,3,2190,买盘
1962,13:46:48,7.3,0.0,4,2920,买盘
1963,13:46:55,7.3,0.0,1,730,买盘
1964,13:46:58,7.3,0.0,4,2920,买盘
1965,13:47:04,7.27,-0.03,17,12371,卖盘
1966,13:47:07,7.3,0.03,3,2190,买盘
1967,13:47:13,7.27,-0.03,24,17449,卖盘
1968,13:47:19,7.29,0.02,1,729,买盘
1969,13:47:48,7.31,0.02,44,32131,买盘
1970,13:47:58,7.31,0.0,3,2193,买盘
1971,13:48:01,7.28,-0.03,18,13115,卖盘
1972,13:48:09,7.31,0.03,4,2924,买盘
1973,13:48:22,7.3,-0.01,4,2920,买盘
1974,13:48:36,7.3,0.0,4,2920,买盘
1975,13:48:40,7.3,0.0,3,2190,买盘
1976,13:48:48,7.3,0.0,1,730,买盘
1977,13:48:52,7.28,-0.02,22,16028,卖盘
1978,13:48:54,7.31,0.03,6,4384,买盘
1979,13:49:04,7.3,-0.01,7,5110,卖盘
1980,13:49:06,7.3,0.0,1,730,卖盘
1981,13:49:09,7.31,0.01,7,5112,买盘
1982,13:49:21,7.3,-0.01,2,1460,买盘
1983,13:49:28,7.27,-0.03,2,1455,卖盘
1984,13:49:37,7.29,0.02,11,8019,卖盘
1985,13:49:43,7.27,-0.02,43,31261,卖盘
1986,13:49:52,7.29,0.02,3,2187,买盘
1987,13:49:58,7.29,0.0,2,1458,买盘
1988,13:50:06,7.29,0.0,2,1458,买盘
1989,13:50:10,7.28,-0.01,12,8736,卖盘
1990,13:50:22,7.29,0.01,4,2913,买盘
1991,13:50:24,7.29,0.0,3,2187,买盘
1992,13:50:28,7.27,-0.02,4,2908,卖盘
1993,13:50:31,7.26,-0.01,23,16716,卖盘
1994,13:50:55,7.29,0.03,2,1458,买盘
1995,13:51:10,7.28,-0.01,8,5828,卖盘
1996,13:51:16,7.29,0.01,1,729,买盘
1997,13:51:19,7.29,0.0,4,2916,买盘
1998,13:51:21,7.27,-0.02,8,5823,卖盘
1999,13:51:28,7.27,0.0,1,727,买盘
2000,13:51:31,7.27,0.0,12,8724,买盘
2001,13:51:34,7.27,0.0,1,727,买盘
2002,13:51:40,7.29,0.02,3,2187,买盘
2003,13:52:01,7.29,0.0,4,2916,买盘
2004,13:52:12,7.27,-0.02,16,11632,卖盘
2005,13:52:25,7.29,0.02,3,2187,买盘
2006,13:52:27,7.27,-0.02,6,4362,卖盘
2007,13:52:34,7.29,0.02,4,2916,买盘
2008,13:52:37,7.28,-0.01,13,9464,卖盘
2009,13:52:49,7.28,0.0,2,1456,买盘
2010,13:52:52,7.26,-0.02,24,17432,卖盘
2011,13:53:01,7.26,0.0,19,13794,卖盘
2012,13:53:04,7.27,0.01,3,2181,买盘
2013,13:53:07,7.28,0.01,3,2184,买盘
2014,13:53:10,7.27,-0.01,4,2908,卖盘
2015,13:53:12,7.29,0.02,13,9472,买盘
2016,13:53:31,7.29,0.0,2,1458,买盘
2017,13:53:34,7.29,0.0,2,1458,买盘
2018,13:53:40,7.28,-0.01,11,8008,卖盘
2019,13:53:46,7.27,-0.01,4,2908,卖盘
2020,13:53:49,7.27,0.0,1,727,卖盘
2021,13:53:52,7.26,-0.01,16,11616,卖盘
2022,13:53:58,7.26,0.0,5,3630,卖盘
2023,13:54:04,7.27,0.01,15,10905,买盘
2024,13:54:13,7.26,-0.01,3,2178,卖盘
2025,13:54:16,7.27,0.01,10,7270,买盘
2026,13:54:24,7.27,0.0,3,2181,买盘
2027,13:54:30,7.27,0.0,1,727,买盘
2028,13:54:34,7.27,0.0,4,2908,买盘
2029,13:54:37,7.27,0.0,12,8724,买盘
2030,13:54:43,7.26,-0.01,19,13794,卖盘
2031,13:54:46,7.27,0.01,3,2181,买盘
2032,13:54:51,7.27,0.0,3,2181,买盘
2033,13:54:58,7.27,0.0,13,9441,买盘
2034,13:55:04,7.26,-0.01,17,12342,卖盘
2035,13:55:06,7.27,0.01,11,7997,买盘
2036,13:55:09,7.26,-0.01,3,2178,卖盘
2037,13:55:12,7.27,0.01,8,5812,买盘
2038,13:55:25,7.27,0.0,1,727,买盘
2039,13:55:31,7.26,-0.01,22,15972,卖盘
2040,13:55:37,7.27,0.01,11,7997,买盘
2041,13:55:40,7.27,0.0,12,8714,买盘
2042,13:55:49,7.27,0.0,1,727,买盘
2043,13:55:51,7.27,0.0,5,3635,买盘
2044,13:55:54,7.26,-0.01,2,1453,卖盘
2045,13:56:07,7.27,0.01,14,10178,买盘
2046,13:56:10,7.26,-0.01,21,15250,卖盘
2047,13:56:19,7.27,0.01,16,11632,买盘
2048,13:56:22,7.26,-0.01,31,22506,卖盘
2049,13:56:25,7.27,0.01,1,727,买盘
2050,13:56:28,7.27,0.0,2,1454,买盘
2051,13:56:37,7.27,0.0,14,10178,买盘
2052,13:56:42,7.27,0.0,4,2908,买盘
2053,13:56:52,7.27,0.0,52,37804,买盘
2054,13:57:07,7.28,0.01,53,38548,买盘
2055,13:57:10,7.28,0.0,3,2184,买盘
2056,13:57:13,7.26,-0.02,24,17437,卖盘
2057,13:57:25,7.28,0.02,2,1456,买盘
2058,13:57:28,7.28,0.0,2,1456,买盘
2059,13:57:33,7.26,-0.02,4,2904,卖盘
2060,13:57:45,7.27,0.01,7,5089,卖盘
2061,13:57:49,7.27,0.0,5,3635,卖盘
2062,13:58:01,7.26,-0.01,22,15972,卖盘
2063,13:58:10,7.27,0.01,13,9451,买盘
2064,13:58:12,7.26,-0.01,3,2178,卖盘
2065,13:58:19,7.27,0.01,30,21806,买盘
2066,13:58:22,7.27,0.0,1,727,买盘
2067,13:58:25,7.27,0.0,3,2181,买盘
2068,13:58:27,7.27,0.0,12,8724,买盘
2069,13:58:31,7.27,0.0,4,2908,买盘
2070,13:58:37,7.27,0.0,3,2181,买盘
2071,13:58:40,7.27,0.0,11,7997,买盘
2072,13:58:49,7.28,0.01,2,1455,买盘
2073,13:58:51,7.25,-0.03,20,14523,卖盘
2074,13:59:00,7.27,0.02,1,727,买盘
2075,13:59:10,7.26,-0.01,4,2904,中性盘
2076,13:59:16,7.27,0.01,3,2181,买盘
2077,13:59:19,7.27,0.0,1,727,买盘
2078,13:59:25,7.27,0.0,10,7273,卖盘
2079,13:59:28,7.27,0.0,2,1454,中性盘
2080,13:59:37,7.26,-0.01,5,3630,卖盘
2081,13:59:40,7.28,0.02,3,2184,买盘
2082,13:59:43,7.25,-0.03,45,32646,卖盘
2083,13:59:49,7.28,0.03,39,28391,买盘
2084,13:59:55,7.27,-0.01,6,4357,买盘
2085,13:59:58,7.28,0.01,4,2910,买盘
2086,14:00:01,7.26,-0.02,2,1452,卖盘
2087,14:00:04,7.26,0.0,11,7986,卖盘
2088,14:00:06,7.26,0.0,5,3630,卖盘
2089,14:00:10,7.26,0.0,19,13794,卖盘
2090,14:00:12,7.27,0.01,12,8719,中性盘
2091,14:00:19,7.28,0.01,25,18188,买盘
2092,14:00:22,7.26,-0.02,12,8718,卖盘
2093,14:00:25,7.27,0.01,4,2908,中性盘
2094,14:00:28,7.26,-0.01,11,7986,卖盘
2095,14:00:31,7.26,0.0,17,12342,卖盘
2096,14:00:37,7.26,0.0,22,15972,卖盘
2097,14:00:42,7.26,0.0,76,55179,卖盘
2098,14:00:46,7.27,0.01,26,18883,买盘
2099,14:00:51,7.27,0.0,10,7270,卖盘
2100,14:00:58,7.26,-0.01,16,11621,卖盘
2101,14:01:01,7.26,0.0,14,10164,卖盘
2102,14:01:04,7.26,0.0,2,1452,卖盘
2103,14:01:06,7.26,0.0,68,49324,卖盘
2104,14:01:13,7.25,-0.01,4,2900,卖盘
2105,14:01:16,7.26,0.01,11,7986,买盘
2106,14:01:19,7.25,-0.01,30,21750,卖盘
2107,14:01:22,7.25,0.0,20,14500,卖盘
2108,14:01:25,7.25,0.0,11,7975,卖盘
2109,14:01:28,7.23,-0.02,25,18093,卖盘
2110,14:01:31,7.26,0.03,48,34839,买盘
2111,14:01:34,7.26,0.0,2,1452,卖盘
2112,14:01:37,7.25,-0.01,1,725,买盘
2113,14:01:40,7.25,0.0,4,2900,买盘
2114,14:01:42,7.27,0.02,102,74129,买盘
2115,14:01:52,7.27,0.0,13,9446,买盘
2116,14:01:54,7.27,0.0,3,2181,买盘
2117,14:02:01,7.25,-0.02,2,1450,买盘
2118,14:02:04,7.27,0.02,100,72668,买盘
2119,14:02:13,7.26,-0.01,23,16666,买盘
2120,14:02:16,7.26,0.0,12,8712,买盘
2121,14:02:19,7.26,0.0,10,7260,买盘
2122,14:02:28,7.26,0.0,2,1452,买盘
2123,14:02:31,7.26,0.0,4,2904,买盘
2124,14:02:34,7.24,-0.02,17,12308,卖盘
2125,14:02:37,7.26,0.02,3,2178,买盘
2126,14:02:40,7.26,0.0,200,145200,买盘
2127,14:02:46,7.24,-0.02,12,8691,卖盘
2128,14:02:49,7.25,0.01,11,7975,卖盘
2129,14:02:52,7.24,-0.01,21,15204,卖盘
2130,14:02:55,7.23,-0.01,273,197379,卖盘
2131,14:02:58,7.24,0.01,30,21693,买盘
2132,14:03:01,7.22,-0.02,17,12274,卖盘
2133,14:03:07,7.24,0.02,4,2895,买盘
2134,14:03:13,7.24,0.0,177,128145,买盘
2135,14:03:15,7.24,0.0,17,12308,卖盘
2136,14:03:19,7.25,0.01,2,1450,买盘
2137,14:03:21,7.23,-0.02,11,7962,卖盘
2138,14:03:28,7.25,0.02,37,26825,买盘
2139,14:03:31,7.25,0.0,4,2900,买盘
2140,14:03:34,7.25,0.0,12,8700,买盘
2141,14:03:40,7.25,0.0,34,24650,买盘
2142,14:03:49,7.26,0.01,40,29052,卖盘
2143,14:03:52,7.28,0.02,69,50140,买盘
2144,14:03:54,7.3,0.02,200,145916,买盘
2145,14:03:57,7.26,-0.04,27,19600,卖盘
2146,14:04:04,7.25,-0.01,50,36250,卖盘
2147,14:04:06,7.26,0.01,45,32643,买盘
2148,14:04:09,7.26,0.0,164,119049,买盘
2149,14:04:16,7.27,0.01,120,87128,买盘
2150,14:04:25,7.26,-0.01,1,726,卖盘
2151,14:04:31,7.27,0.01,26,18902,买盘
2152,14:04:33,7.28,0.01,120,87341,买盘
2153,14:04:37,7.27,-0.01,11,7997,中性盘
2154,14:04:43,7.25,-0.02,32,23229,卖盘
2155,14:04:49,7.27,0.02,11,7997,买盘
2156,14:04:52,7.27,0.0,85,61795,买盘
2157,14:04:55,7.28,0.01,71,51651,买盘
2158,14:04:58,7.28,0.0,32,23296,买盘
2159,14:05:07,7.28,0.0,77,56056,买盘
2160,14:05:09,7.28,0.0,3,2184,卖盘
2161,14:05:13,7.3,0.02,2,1460,买盘
2162,14:05:16,7.28,-0.02,12,8736,卖盘
2163,14:05:19,7.28,0.0,22,16016,买盘
2164,14:05:22,7.28,0.0,3,2184,买盘
2165,14:05:31,7.25,-0.03,28,20324,卖盘
2166,14:05:37,7.28,0.03,5,3640,买盘
2167,14:05:40,7.29,0.01,13,9467,买盘
2168,14:05:43,7.28,-0.01,1,728,卖盘
2169,14:05:46,7.28,0.0,1,728,卖盘
2170,14:05:49,7.29,0.01,7,5098,买盘
2171,14:05:52,7.29,0.0,14,10197,买盘
2172,14:05:55,7.28,-0.01,5,3641,买盘
2173,14:06:01,7.28,0.0,4,2912,买盘
2174,14:06:04,7.28,0.0,13,9464,买盘
2175,14:06:10,7.28,0.0,9,6552,买盘
2176,14:06:13,7.29,0.01,1,729,买盘
2177,14:06:16,7.28,-0.01,4,2912,卖盘
2178,14:06:22,7.29,0.01,31,22578,买盘
2179,14:06:34,7.29,0.0,35,25495,买盘
2180,14:06:39,7.29,0.0,11,8018,买盘
2181,14:06:43,7.29,0.0,2,1458,卖盘
2182,14:06:46,7.29,0.0,1,729,卖盘
2183,14:06:49,7.29,0.0,11,8020,卖盘
2184,14:06:52,7.3,0.01,14,10212,买盘
2185,14:06:55,7.29,-0.01,48,35004,卖盘
2186,14:06:58,7.29,0.0,33,24057,卖盘
2187,14:07:01,7.29,0.0,2,1458,买盘
2188,14:07:04,7.29,0.0,14,10206,买盘
2189,14:07:07,7.29,0.0,4,2916,买盘
2190,14:07:12,7.25,-0.04,16,11604,卖盘
2191,14:07:19,7.29,0.04,24,17491,买盘
2192,14:07:25,7.29,0.0,7,5103,卖盘
2193,14:07:28,7.29,0.0,2,1458,卖盘
2194,14:07:31,7.29,0.0,2,1458,卖盘
2195,14:07:34,7.3,0.01,66,48178,买盘
2196,14:07:37,7.29,-0.01,10,7290,卖盘
2197,14:07:40,7.29,0.0,2,1458,卖盘
2198,14:07:43,7.26,-0.03,11,8010,卖盘
2199,14:07:46,7.29,0.03,2,1457,买盘
2200,14:07:49,7.26,-0.03,13,9438,卖盘
2201,14:07:55,7.28,0.02,29,21041,买盘
2202,14:08:01,7.29,0.01,21,15309,卖盘
2203,14:08:04,7.3,0.01,88,64080,买盘
2204,14:08:07,7.28,-0.02,2,1456,中性盘
2205,14:08:10,7.24,-0.04,20,14518,卖盘
2206,14:08:22,7.28,0.04,10,7280,买盘
2207,14:08:34,7.29,0.01,25,18225,买盘
2208,14:08:43,7.29,0.0,3,2187,买盘
2209,14:08:46,7.26,-0.03,12,8712,卖盘
2210,14:08:49,7.29,0.03,34,24785,买盘
2211,14:08:52,7.3,0.01,24,17490,买盘
2212,14:08:55,7.3,0.0,4,2917,买盘
2213,14:08:57,7.3,0.0,3,2190,买盘
2214,14:09:04,7.3,0.0,38,27740,买盘
2215,14:09:09,7.3,0.0,3,2190,买盘
2216,14:09:13,7.29,-0.01,3,2187,买盘
2217,14:09:19,7.3,0.01,2,1460,买盘
2218,14:09:25,7.28,-0.02,2,1456,卖盘
2219,14:09:28,7.3,0.02,2,1460,买盘
2220,14:09:34,7.3,0.0,26,18979,买盘
2221,14:09:37,7.3,0.0,4,2919,买盘
2222,14:09:40,7.3,0.0,4,2919,买盘
2223,14:09:43,7.27,-0.03,17,12375,卖盘
2224,14:09:45,7.3,0.03,2,1459,买盘
2225,14:09:55,7.29,-0.01,4,2916,买盘
2226,14:10:01,7.29,0.0,2,1458,买盘
2227,14:10:07,7.29,0.0,2,1458,买盘
2228,14:10:10,7.29,0.0,8,5828,买盘
2229,14:10:16,7.3,0.01,2,1459,买盘
2230,14:10:22,7.3,0.0,4,2920,买盘
2231,14:10:31,7.28,-0.02,20,14571,卖盘
2232,14:10:55,7.29,0.01,4,2916,买盘
2233,14:10:58,7.29,0.0,2,1458,买盘
2234,14:11:10,7.29,0.0,4,2916,买盘
2235,14:11:12,7.28,-0.01,3,2184,卖盘
2236,14:11:15,7.29,0.01,3,2187,买盘
2237,14:11:18,7.29,0.0,2,1458,买盘
2238,14:11:22,7.27,-0.02,21,15275,卖盘
2239,14:11:24,7.29,0.02,4,2916,买盘
2240,14:11:27,7.29,0.0,1,729,买盘
2241,14:11:31,7.29,0.0,2,1458,买盘
2242,14:11:37,7.29,0.0,2,1458,买盘
2243,14:11:42,7.27,-0.02,10,7270,卖盘
2244,14:11:45,7.29,0.02,3,2186,买盘
2245,14:11:51,7.29,0.0,2,1458,买盘
2246,14:12:01,7.29,0.0,25,18225,买盘
2247,14:12:07,7.29,0.0,2,1458,买盘
2248,14:12:09,7.28,-0.01,1,728,卖盘
2249,14:12:12,7.28,0.0,20,14542,买盘
2250,14:12:19,7.29,0.01,4,2914,买盘
2251,14:12:21,7.25,-0.04,72,52248,卖盘
2252,14:12:25,7.25,0.0,3,2176,卖盘
2253,14:12:28,7.29,0.04,10,7290,买盘
2254,14:12:31,7.3,0.01,4,2917,买盘
2255,14:12:37,7.3,0.0,4,2918,买盘
2256,14:12:39,7.29,-0.01,8,5816,中性盘
2257,14:12:46,7.28,-0.01,2,1456,买盘
2258,14:12:52,7.29,0.01,1,729,买盘
2259,14:12:55,7.26,-0.03,21,15282,卖盘
2260,14:12:58,7.26,0.0,1,726,卖盘
2261,14:13:04,7.25,-0.01,22,15960,卖盘
2262,14:13:13,7.28,0.03,7,5093,买盘
2263,14:13:16,7.29,0.01,3,2187,买盘
2264,14:13:19,7.29,0.0,3,2186,买盘
2265,14:13:25,7.29,0.0,2,1458,买盘
2266,14:13:31,7.27,-0.02,12,8730,卖盘
2267,14:13:37,7.29,0.02,4,2915,买盘
2268,14:13:40,7.26,-0.03,11,8006,卖盘
2269,14:13:45,7.29,0.03,3,2187,买盘
2270,14:13:49,7.29,0.0,4,2916,买盘
2271,14:13:52,7.26,-0.03,17,12342,卖盘
2272,14:13:55,7.26,0.0,10,7287,卖盘
2273,14:13:58,7.29,0.03,2,1458,买盘
2274,14:14:04,7.29,0.0,2,1458,买盘
2275,14:14:16,7.28,-0.01,1,728,买盘
2276,14:14:22,7.26,-0.02,17,12353,卖盘
2277,14:14:25,7.28,0.02,3,2184,买盘
2278,14:14:42,7.26,-0.02,20,14532,卖盘
2279,14:14:49,7.29,0.03,4,2916,买盘
2280,14:14:52,7.29,0.0,3,2187,买盘
2281,14:14:55,7.29,0.0,42,30618,买盘
2282,14:14:58,7.26,-0.03,1,726,卖盘
2283,14:15:00,7.29,0.03,8,5832,买盘
2284,14:15:04,7.29,0.0,1,729,买盘
2285,14:15:06,7.29,0.0,2,1458,买盘
2286,14:15:10,7.29,0.0,20,14543,买盘
2287,14:15:19,7.29,0.0,4,2913,买盘
2288,14:15:22,7.25,-0.04,61,44262,卖盘
2289,14:15:28,7.29,0.04,2,1458,买盘
2290,14:15:31,7.25,-0.04,24,17403,卖盘
2291,14:15:34,7.25,0.0,1,725,卖盘
2292,14:15:37,7.29,0.04,11,8018,买盘
2293,14:15:40,7.25,-0.04,2,1450,卖盘
2294,14:15:49,7.29,0.04,4,2916,买盘
2295,14:15:52,7.29,0.0,3,2187,买盘
2296,14:15:55,7.29,0.0,61,44469,买盘
2297,14:15:58,7.29,0.0,2,1458,买盘
2298,14:16:01,7.29,0.0,2,1458,买盘
2299,14:16:04,7.29,0.0,2,1458,买盘
2300,14:16:10,7.28,-0.01,3,2184,中性盘
2301,14:16:13,7.29,0.01,2,1457,买盘
2302,14:16:19,7.29,0.0,2,1458,买盘
2303,14:16:22,7.26,-0.03,19,13800,卖盘
2304,14:16:25,7.29,0.03,28,20412,买盘
2305,14:16:31,7.29,0.0,3,2187,买盘
2306,14:16:55,7.27,-0.02,6,4367,卖盘
2307,14:17:07,7.28,0.01,4,2912,买盘
2308,14:17:09,7.28,0.0,4,2912,卖盘
2309,14:17:12,7.26,-0.02,23,16732,卖盘
2310,14:17:15,7.26,0.0,6,4356,卖盘
2311,14:17:19,7.28,0.02,4,2912,买盘
2312,14:17:25,7.28,0.0,8,5824,买盘
2313,14:17:28,7.28,0.0,1,728,买盘
2314,14:17:36,7.27,-0.01,3,2181,买盘
2315,14:17:40,7.27,0.0,5,3635,买盘
2316,14:17:43,7.28,0.01,5,3640,买盘
2317,14:17:49,7.28,0.0,4,2912,买盘
2318,14:17:52,7.29,0.01,16,11661,买盘
2319,14:17:58,7.26,-0.03,27,19618,卖盘
2320,14:18:07,7.28,0.02,3,2184,卖盘
2321,14:18:10,7.29,0.01,135,98291,买盘
2322,14:18:22,7.26,-0.03,16,11616,卖盘
2323,14:18:28,7.26,0.0,46,33396,买盘
2324,14:18:34,7.29,0.03,3,2187,买盘
2325,14:18:37,7.29,0.0,3,2187,买盘
2326,14:18:40,7.29,0.0,4,2916,买盘
2327,14:18:43,7.29,0.0,5,3645,买盘
2328,14:18:46,7.29,0.0,1,729,买盘
2329,14:18:49,7.29,0.0,28,20360,买盘
2330,14:18:52,7.29,0.0,4,2916,买盘
2331,14:18:58,7.29,0.0,5,3645,买盘
2332,14:19:04,7.29,0.0,4,2916,买盘
2333,14:19:13,7.28,-0.01,4,2912,中性盘
2334,14:19:34,7.29,0.01,3,2187,买盘
2335,14:19:37,7.27,-0.02,18,13094,卖盘
2336,14:19:40,7.27,0.0,5,3635,买盘
2337,14:19:43,7.29,0.02,15,10926,买盘
2338,14:19:46,7.28,-0.01,1,728,卖盘
2339,14:19:52,7.29,0.01,3,2187,买盘
2340,14:19:55,7.29,0.0,1,729,买盘
2341,14:19:58,7.29,0.0,19,13827,买盘
2342,14:20:00,7.3,0.01,4,2918,买盘
2343,14:20:06,7.29,-0.01,1,729,中性盘
2344,14:20:09,7.29,0.0,3,2187,买盘
2345,14:20:12,7.29,0.0,3,2187,买盘
2346,14:20:28,7.27,-0.02,22,16013,卖盘
2347,14:20:31,7.29,0.02,3,2187,买盘
2348,14:20:37,7.29,0.0,1,729,买盘
2349,14:20:40,7.29,0.0,2,1458,买盘
2350,14:20:42,7.29,0.0,2,1458,买盘
2351,14:20:49,7.29,0.0,4,2916,买盘
2352,14:20:52,7.29,0.0,2,1458,买盘
2353,14:20:55,7.28,-0.01,8,5826,卖盘
2354,14:20:58,7.29,0.01,4,2916,买盘
2355,14:21:01,7.29,0.0,3,2187,买盘
2356,14:21:04,7.29,0.0,4,2916,买盘
2357,14:21:07,7.29,0.0,2,1458,买盘
2358,14:21:10,7.28,-0.01,4,2912,卖盘
2359,14:21:16,7.27,-0.01,37,26923,卖盘
2360,14:21:22,7.26,-0.01,63,45744,卖盘
2361,14:21:34,7.28,0.02,4,2912,买盘
2362,14:21:40,7.28,0.0,2,1456,买盘
2363,14:21:45,7.27,-0.01,8,5819,中性盘
2364,14:21:49,7.28,0.01,3,2184,买盘
2365,14:21:52,7.29,0.01,2,1458,买盘
2366,14:21:58,7.29,0.0,4,2916,买盘
2367,14:22:04,7.29,0.0,3,2187,买盘
2368,14:22:06,7.26,-0.03,31,22522,卖盘
2369,14:22:10,7.29,0.03,3,2187,买盘
2370,14:22:15,7.28,-0.01,1,728,买盘
2371,14:22:31,7.27,-0.01,12,8724,卖盘
2372,14:22:34,7.27,0.0,3,2181,买盘
2373,14:22:37,7.26,-0.01,1,726,卖盘
2374,14:22:40,7.27,0.01,2,1454,买盘
2375,14:22:43,7.27,0.0,3,2181,买盘
2376,14:22:46,7.27,0.0,13,9451,买盘
2377,14:22:49,7.26,-0.01,2,1452,卖盘
2378,14:22:52,7.27,0.01,3,2181,买盘
2379,14:22:55,7.27,0.0,3,2181,买盘
2380,14:22:58,7.27,0.0,26,18875,买盘
2381,14:23:01,7.27,0.0,3,2181,买盘
2382,14:23:04,7.27,0.0,2,1454,买盘
2383,14:23:07,7.27,0.0,1,727,买盘
2384,14:23:09,7.27,0.0,62,44954,买盘
2385,14:23:19,7.26,-0.01,7,5082,买盘
2386,14:23:22,7.26,0.0,2,1452,卖盘
2387,14:23:25,7.26,0.0,3,2178,卖盘
2388,14:23:40,7.26,0.0,3,2178,买盘
2389,14:23:42,7.26,0.0,2,1452,买盘
2390,14:23:46,7.25,-0.01,24,17400,卖盘
2391,14:23:48,7.27,0.02,13,9441,买盘
2392,14:23:52,7.27,0.0,1,727,买盘
2393,14:23:55,7.27,0.0,3,2180,买盘
2394,14:23:58,7.26,-0.01,1,726,卖盘
2395,14:24:01,7.27,0.01,4,2908,买盘
2396,14:24:04,7.26,-0.01,1,726,卖盘
2397,14:24:06,7.27,0.01,2,1454,买盘
2398,14:24:10,7.26,-0.01,2,1452,中性盘
2399,14:24:12,7.26,0.0,3,2178,买盘
2400,14:24:16,7.26,0.0,2,1452,买盘
2401,14:24:18,7.26,0.0,12,8712,买盘
2402,14:24:22,7.27,0.01,65,47098,买盘
2403,14:24:28,7.26,-0.01,1,726,卖盘
2404,14:24:37,7.27,0.01,33,23904,买盘
2405,14:24:43,7.27,0.0,1,727,买盘
2406,14:24:46,7.27,0.0,4,2907,买盘
2407,14:24:49,7.27,0.0,4,2906,买盘
2408,14:24:55,7.27,0.0,2,1454,买盘
2409,14:24:57,7.27,0.0,4,2908,买盘
2410,14:25:04,7.27,0.0,3,2180,买盘
2411,14:25:06,7.27,0.0,4,2908,买盘
2412,14:25:09,7.27,0.0,6,4352,买盘
2413,14:25:16,7.26,-0.01,1,726,买盘
2414,14:25:22,7.26,0.0,5,3630,买盘
2415,14:25:25,7.26,0.0,2,1452,卖盘
2416,14:25:28,7.24,-0.02,22,15944,卖盘
2417,14:25:40,7.24,0.0,16,11584,卖盘
2418,14:25:43,7.26,0.02,2,1452,买盘
2419,14:25:49,7.26,0.0,6,4356,买盘
2420,14:25:55,7.26,0.0,21,15223,买盘
2421,14:26:01,7.26,0.0,4,2904,买盘
2422,14:26:07,7.27,0.01,3,2181,买盘
2423,14:26:13,7.26,-0.01,1,726,买盘
2424,14:26:16,7.27,0.01,4,2905,买盘
2425,14:26:18,7.27,0.0,31,22450,买盘
2426,14:26:22,7.27,0.0,2,1454,买盘
2427,14:26:42,7.27,0.0,4,2908,买盘
2428,14:26:46,7.27,0.0,3,2181,买盘
2429,14:26:52,7.27,0.0,3,2181,买盘
2430,14:26:55,7.27,0.0,2,1454,买盘
2431,14:26:58,7.25,-0.02,14,10162,卖盘
2432,14:27:01,7.24,-0.01,15,10875,卖盘
2433,14:27:04,7.26,0.02,2,1452,买盘
2434,14:27:07,7.24,-0.02,24,17381,卖盘
2435,14:27:09,7.27,0.03,3,2181,买盘
2436,14:27:13,7.25,-0.02,2,1450,中性盘
2437,14:27:18,7.27,0.02,4,2906,买盘
2438,14:27:22,7.24,-0.03,62,44888,卖盘
2439,14:27:37,7.25,0.01,11,7975,卖盘
2440,14:27:43,7.27,0.02,4,2907,买盘
2441,14:27:48,7.27,0.0,3,2181,买盘
2442,14:27:57,7.26,-0.01,29,21024,买盘
2443,14:28:00,7.26,0.0,3,2178,买盘
2444,14:28:07,7.26,0.0,4,2904,买盘
2445,14:28:13,7.23,-0.03,9,6507,卖盘
2446,14:28:19,7.25,0.02,4,2900,买盘
2447,14:28:25,7.23,-0.02,1,723,卖盘
2448,14:28:27,7.25,0.02,2,1450,买盘
2449,14:28:31,7.25,0.0,2,1450,买盘
2450,14:28:37,7.25,0.0,7,5071,买盘
2451,14:28:40,7.25,0.0,1,725,买盘
2452,14:28:46,7.24,-0.01,67,48617,卖盘
2453,14:28:52,7.24,0.0,1,724,买盘
2454,14:28:55,7.24,0.0,13,9412,买盘
2455,14:28:58,7.27,0.03,5,3626,买盘
2456,14:29:01,7.27,0.0,2,1454,买盘
2457,14:29:04,7.27,0.0,2,1453,买盘
2458,14:29:07,7.27,0.0,4,2908,买盘
2459,14:29:12,7.26,-0.01,3,2178,买盘
2460,14:29:19,7.26,0.0,16,11586,买盘
2461,14:29:28,7.26,0.0,4,2904,买盘
2462,14:29:30,7.26,0.0,2,1452,买盘
2463,14:29:34,7.27,0.01,3,2181,买盘
2464,14:29:36,7.23,-0.04,22,15917,卖盘
2465,14:30:07,7.27,0.04,2,1454,买盘
2466,14:30:13,7.26,-0.01,2,1452,中性盘
2467,14:30:16,7.27,0.01,3,2179,买盘
2468,14:30:19,7.27,0.0,3,2181,买盘
2469,14:30:21,7.23,-0.04,28,20257,卖盘
2470,14:30:25,7.28,0.05,432,314167,买盘
2471,14:30:27,7.27,-0.01,30,21810,卖盘
2472,14:30:30,7.27,0.0,50,36353,卖盘
2473,14:30:34,7.27,0.0,148,107599,卖盘
2474,14:30:37,7.25,-0.02,52,37567,卖盘
2475,14:30:40,7.25,0.0,7,5075,卖盘
2476,14:30:43,7.27,0.02,9,6519,买盘
2477,14:30:46,7.22,-0.05,4,2888,卖盘
2478,14:30:49,7.22,0.0,10,7220,卖盘
2479,14:30:52,7.23,0.01,13,9392,中性盘
2480,14:30:55,7.23,0.0,25,18077,卖盘
2481,14:30:58,7.23,0.0,13,9407,卖盘
2482,14:31:01,7.22,-0.01,16,11562,卖盘
2483,14:31:04,7.23,0.01,28,20236,买盘
2484,14:31:07,7.23,0.0,5,3615,卖盘
2485,14:31:10,7.23,0.0,50,36150,卖盘
2486,14:31:16,7.22,-0.01,54,39250,卖盘
2487,14:31:19,7.25,0.03,12,8698,买盘
2488,14:31:25,7.25,0.0,8,5800,卖盘
2489,14:31:28,7.25,0.0,2,1448,买盘
2490,14:31:31,7.25,0.0,12,8700,买盘
2491,14:31:34,7.25,0.0,3,2175,买盘
2492,14:31:40,7.27,0.02,14,10124,买盘
2493,14:31:46,7.25,-0.02,10,7250,卖盘
2494,14:31:49,7.26,0.01,3,2175,买盘
2495,14:31:52,7.25,-0.01,3,2176,中性盘
2496,14:31:55,7.23,-0.02,1,723,卖盘
2497,14:31:58,7.23,0.0,12,8676,卖盘
2498,14:32:01,7.25,0.02,3,2175,买盘
2499,14:32:04,7.24,-0.01,2,1448,卖盘
2500,14:32:07,7.22,-0.02,20,14468,卖盘
2501,14:32:13,7.23,0.01,3,2169,买盘
2502,14:32:16,7.22,-0.01,10,7222,卖盘
2503,14:32:19,7.23,0.01,4,2892,买盘
2504,14:32:22,7.24,0.01,10,7236,买盘
2505,14:32:25,7.24,0.0,2,1448,卖盘
2506,14:32:28,7.24,0.0,36,26064,卖盘
2507,14:32:31,7.24,0.0,263,190423,卖盘
2508,14:32:34,7.24,0.0,200,144895,买盘
2509,14:32:37,7.22,-0.02,25,18060,卖盘
2510,14:32:40,7.24,0.02,4,2896,买盘
2511,14:32:45,7.22,-0.02,44,31769,卖盘
2512,14:32:49,7.22,0.0,5,3613,卖盘
2513,14:32:52,7.23,0.01,2,1446,买盘
2514,14:32:58,7.22,-0.01,265,191333,卖盘
2515,14:33:01,7.23,0.01,14,10122,买盘
2516,14:33:07,7.23,0.0,14,10104,买盘
2517,14:33:16,7.23,0.0,3,2169,买盘
2518,14:33:22,7.22,-0.01,3,2166,买盘
2519,14:33:25,7.21,-0.01,62,44702,卖盘
2520,14:33:31,7.22,0.01,13,9384,买盘
2521,14:33:34,7.21,-0.01,11,7931,卖盘
2522,14:33:37,7.22,0.01,6,4330,买盘
2523,14:33:40,7.21,-0.01,19,13468,卖盘
2524,14:33:43,7.21,0.0,4,2884,买盘
2525,14:33:46,7.2,-0.01,8,5760,卖盘
2526,14:33:49,7.2,0.0,24,17280,卖盘
2527,14:33:52,7.2,0.0,5,3602,卖盘
2528,14:33:58,7.2,0.0,11,7924,卖盘
2529,14:34:01,7.21,0.01,11,7931,买盘
2530,14:34:04,7.2,-0.01,6,4324,卖盘
2531,14:34:07,7.21,0.01,2,1442,买盘
2532,14:34:13,7.2,-0.01,26,18724,卖盘
2533,14:34:16,7.2,0.0,11,7920,卖盘
2534,14:34:19,7.2,0.0,3,2160,卖盘
2535,14:34:22,7.21,0.01,85,61285,买盘
2536,14:34:25,7.21,0.0,4,2884,买盘
2537,14:34:28,7.21,0.0,25,18025,买盘
2538,14:34:34,7.21,0.0,12,8652,买盘
2539,14:34:37,7.2,-0.01,24,17280,卖盘
2540,14:34:40,7.22,0.02,200,144341,买盘
2541,14:34:43,7.21,-0.01,14,10094,中性盘
2542,14:34:46,7.22,0.01,3,2166,买盘
2543,14:34:49,7.24,0.02,120,86665,买盘
2544,14:34:52,7.23,-0.01,3,2169,买盘
2545,14:34:55,7.23,0.0,120,86760,买盘
2546,14:34:58,7.23,0.0,3,2169,买盘
2547,14:35:01,7.26,0.03,120,86809,买盘
2548,14:35:09,7.27,0.01,104,75660,买盘
2549,14:35:13,7.26,-0.01,30,21780,卖盘
2550,14:35:16,7.28,0.02,194,140852,买盘
2551,14:35:19,7.28,0.0,2,1456,买盘
2552,14:35:25,7.29,0.01,200,145749,买盘
2553,14:35:28,7.29,0.0,32,23101,买盘
2554,14:35:33,7.3,0.01,209,152899,买盘
2555,14:35:37,7.3,0.0,4,2533,卖盘
2556,14:35:39,7.29,-0.01,216,157260,买盘
2557,14:35:43,7.26,-0.03,5,3621,买盘
2558,14:35:45,7.29,0.03,19,13848,买盘
2559,14:35:48,7.31,0.02,129,94219,买盘
2560,14:35:52,7.27,-0.04,4,2909,中性盘
2561,14:35:58,7.29,0.02,1,729,卖盘
2562,14:36:01,7.27,-0.02,2,1454,卖盘
2563,14:36:04,7.3,0.03,25,18237,买盘
2564,14:36:07,7.3,0.0,2,1460,卖盘
2565,14:36:10,7.27,-0.03,53,38687,卖盘
2566,14:36:13,7.27,0.0,93,68336,卖盘
2567,14:36:16,7.23,-0.04,82,59495,卖盘
2568,14:36:19,7.28,0.05,1,728,中性盘
2569,14:36:22,7.29,0.01,79,57605,卖盘
2570,14:36:25,7.3,0.01,15,10936,中性盘
2571,14:36:28,7.29,-0.01,1,729,卖盘
2572,14:36:30,7.24,-0.05,3,2172,中性盘
2573,14:36:34,7.24,0.0,4,2902,卖盘
2574,14:36:37,7.29,0.05,3,2187,买盘
2575,14:36:43,7.29,0.0,2,1458,买盘
2576,14:36:46,7.29,0.0,11,8019,买盘
2577,14:36:52,7.3,0.01,3,2190,买盘
2578,14:36:55,7.3,0.0,2,1460,买盘
2579,14:37:01,7.3,0.0,10,7265,买盘
2580,14:37:04,7.3,0.0,5,3650,买盘
2581,14:37:07,7.3,0.0,34,24705,买盘
2582,14:37:10,7.24,-0.06,10,7240,卖盘
2583,14:37:13,7.3,0.06,4,2920,买盘
2584,14:37:16,7.24,-0.06,7,5069,卖盘
2585,14:37:19,7.24,0.0,10,7240,卖盘
2586,14:37:25,7.24,0.0,14,10136,卖盘
2587,14:37:31,7.25,0.01,2,1450,中性盘
2588,14:37:40,7.25,0.0,5,3625,卖盘
2589,14:37:46,7.29,0.04,80,58320,买盘
2590,14:37:52,7.29,0.0,11,7979,买盘
2591,14:37:58,7.29,0.0,30,21758,买盘
2592,14:38:04,7.29,0.0,104,75799,买盘
2593,14:38:07,7.29,0.0,3,2187,买盘
2594,14:38:13,7.28,-0.01,8,5824,买盘
2595,14:38:19,7.28,0.0,2,1456,买盘
2596,14:38:22,7.28,0.0,3,2184,买盘
2597,14:38:25,7.28,0.0,4,2912,买盘
2598,14:38:28,7.27,-0.01,6,4365,卖盘
2599,14:38:31,7.28,0.01,5,3640,买盘
2600,14:38:34,7.28,0.0,6,4368,买盘
2601,14:38:46,7.27,-0.01,24,17448,卖盘
2602,14:38:49,7.26,-0.01,25,18156,卖盘
2603,14:38:52,7.26,0.0,9,6542,卖盘
2604,14:38:58,7.28,0.02,3,2184,买盘
2605,14:39:04,7.28,0.0,31,22568,买盘
2606,14:39:10,7.28,0.0,2,1456,买盘
2607,14:39:16,7.28,0.0,1,728,买盘
2608,14:39:19,7.28,0.0,4,2912,买盘
2609,14:39:22,7.28,0.0,2,1456,买盘
2610,14:39:25,7.26,-0.02,26,18888,卖盘
2611,14:39:28,7.26,0.0,2,1452,买盘
2612,14:39:31,7.26,0.0,9,6526,买盘
2613,14:39:34,7.26,0.0,51,36993,买盘
2614,14:39:37,7.24,-0.02,28,20281,卖盘
2615,14:39:40,7.26,0.02,8,5808,买盘
2616,14:40:04,7.27,0.01,10,7270,买盘
2617,14:40:10,7.27,0.0,11,7997,买盘
2618,14:40:13,7.26,-0.01,1,726,卖盘
2619,14:40:16,7.26,0.0,7,5082,卖盘
2620,14:40:25,7.27,0.01,2,1454,买盘
2621,14:40:28,7.24,-0.03,21,15211,卖盘
2622,14:40:31,7.27,0.03,21,15267,买盘
2623,14:40:34,7.24,-0.03,5,3620,卖盘
2624,14:40:40,7.27,0.03,10,7255,买盘
2625,14:40:43,7.25,-0.02,5,3625,卖盘
2626,14:40:46,7.27,0.02,5,3633,买盘
2627,14:40:49,7.27,0.0,6,4360,买盘
2628,14:40:52,7.26,-0.01,5,3630,中性盘
2629,14:40:58,7.26,0.0,4,2904,买盘
2630,14:41:01,7.27,0.01,222,161384,买盘
2631,14:41:04,7.27,0.0,14,10178,卖盘
2632,14:41:07,7.27,0.0,1,727,卖盘
2633,14:41:09,7.28,0.01,8,5823,买盘
2634,14:41:13,7.27,-0.01,1,727,卖盘
2635,14:41:16,7.24,-0.03,32,23202,卖盘
2636,14:41:19,7.24,0.0,8,5792,卖盘
2637,14:41:55,7.28,0.04,5,3636,买盘
2638,14:42:01,7.25,-0.03,17,12325,卖盘
2639,14:42:04,7.26,0.01,4,2904,买盘
2640,14:42:07,7.24,-0.02,33,23926,卖盘
2641,14:42:10,7.26,0.02,4,2904,买盘
2642,14:42:13,7.26,0.0,7,5082,买盘
2643,14:42:19,7.26,0.0,4,2904,买盘
2644,14:42:22,7.26,0.0,6,4356,买盘
2645,14:42:25,7.28,0.02,5,3638,买盘
2646,14:42:31,7.28,0.0,10,7280,买盘
2647,14:42:33,7.27,-0.01,3,2181,中性盘
2648,14:42:40,7.24,-0.03,9,6517,卖盘
2649,14:42:58,7.28,0.04,26,18848,买盘
2650,14:43:01,7.28,0.0,104,75312,买盘
2651,14:43:04,7.24,-0.04,2,1448,卖盘
2652,14:43:07,7.28,0.04,5,3639,买盘
2653,14:43:13,7.28,0.0,7,5095,买盘
2654,14:43:16,7.28,0.0,3,2178,买盘
2655,14:43:19,7.27,-0.01,6,4362,买盘
2656,14:43:22,7.27,0.0,7,5089,买盘
2657,14:43:25,7.28,0.01,7,5095,买盘
2658,14:43:31,7.28,0.0,2,1456,买盘
2659,14:43:42,7.24,-0.04,9,6516,卖盘
2660,14:43:46,7.23,-0.01,25,18075,卖盘
2661,14:43:49,7.24,0.01,20,14480,买盘
2662,14:43:55,7.24,0.0,21,15204,买盘
2663,14:44:00,7.27,0.03,5,3633,买盘
2664,14:44:04,7.27,0.0,3,2181,买盘
2665,14:44:06,7.27,0.0,3,2181,买盘
2666,14:44:13,7.27,0.0,6,4360,买盘
2667,14:44:16,7.26,-0.01,4,2904,买盘
2668,14:44:19,7.23,-0.03,42,29983,卖盘
2669,14:44:22,7.23,0.0,9,6507,买盘
2670,14:44:28,7.23,0.0,6,4338,买盘
2671,14:44:34,7.23,0.0,6,4338,买盘
2672,14:44:37,7.22,-0.01,25,18055,卖盘
2673,14:44:40,7.22,0.0,59,42598,卖盘
2674,14:44:45,7.23,0.01,45,32918,买盘
2675,14:45:01,7.25,0.02,1,725,买盘
2676,14:45:04,7.27,0.02,4,2908,买盘
2677,14:45:07,7.26,-0.01,2,1452,卖盘
2678,14:45:10,7.26,0.0,2,1452,买盘
2679,14:45:12,7.26,0.0,3,2178,买盘
2680,14:45:16,7.26,0.0,5,3630,买盘
2681,14:45:19,7.26,0.0,2,1452,买盘
2682,14:45:22,7.23,-0.03,6,4349,卖盘
2683,14:45:25,7.27,0.04,6,4362,买盘
2684,14:45:28,7.23,-0.04,1,723,卖盘
2685,14:45:31,7.27,0.04,6,4358,买盘
2686,14:45:34,7.23,-0.04,14,9770,卖盘
2687,14:45:37,7.23,0.0,5,3615,买盘
2688,14:45:40,7.26,0.03,2,1450,卖盘
2689,14:46:07,7.25,-0.01,13,9421,买盘
2690,14:46:10,7.23,-0.02,9,6515,卖盘
2691,14:46:16,7.25,0.02,8,5796,买盘
2692,14:46:19,7.25,0.0,6,4348,买盘
2693,14:46:22,7.25,0.0,7,5073,买盘
2694,14:46:25,7.23,-0.02,1,723,卖盘
2695,14:46:28,7.22,-0.01,21,15172,卖盘
2696,14:46:31,7.25,0.03,19,13731,买盘
2697,14:46:34,7.22,-0.03,42,30324,卖盘
2698,14:46:37,7.23,0.01,4,2892,买盘
2699,14:46:40,7.22,-0.01,9,6498,卖盘
2700,14:46:43,7.22,0.0,19,13719,卖盘
2701,14:46:49,7.22,0.0,20,14429,买盘
2702,14:46:52,7.21,-0.01,6,4326,卖盘
2703,14:46:55,7.21,0.0,15,10815,卖盘
2704,14:46:58,7.21,0.0,6,4326,卖盘
2705,14:47:01,7.21,0.0,7,5047,卖盘
2706,14:47:04,7.22,0.01,10,7214,买盘
2707,14:47:07,7.22,0.0,14,10098,买盘
2708,14:47:10,7.21,-0.01,30,21630,卖盘
2709,14:47:13,7.21,0.0,9,6494,卖盘
2710,14:47:16,7.22,0.01,3,2166,买盘
2711,14:47:19,7.21,-0.01,1,721,卖盘
2712,14:47:22,7.21,0.0,23,16583,卖盘
2713,14:47:25,7.22,0.01,3,2165,买盘
2714,14:47:31,7.21,-0.01,9,6492,中性盘
2715,14:47:34,7.21,0.0,6,4326,买盘
2716,14:47:37,7.22,0.01,6,4331,买盘
2717,14:47:40,7.2,-0.02,9,6492,卖盘
2718,14:47:43,7.21,0.01,2,1442,买盘
2719,14:47:55,7.2,-0.01,5,3600,卖盘
2720,14:48:07,7.21,0.01,5,3605,买盘
2721,14:48:10,7.21,0.0,18,12978,买盘
2722,14:48:13,7.21,0.0,56,40380,卖盘
2723,14:48:16,7.21,0.0,1,721,卖盘
2724,14:48:19,7.22,0.01,67,48316,买盘
2725,14:48:22,7.21,-0.01,7,5047,卖盘
2726,14:48:25,7.22,0.01,6,4332,买盘
2727,14:48:28,7.21,-0.01,1,721,卖盘
2728,14:48:31,7.2,-0.01,3,2162,卖盘
2729,14:48:34,7.2,0.0,4,2880,卖盘
2730,14:48:37,7.21,0.01,4,2884,卖盘
2731,14:48:40,7.2,-0.01,5,3601,卖盘
2732,14:48:46,7.22,0.02,65,46918,买盘
2733,14:49:01,7.21,-0.01,1,721,卖盘
2734,14:49:04,7.21,0.0,4,2884,卖盘
2735,14:49:07,7.21,0.0,1,721,卖盘
2736,14:49:10,7.21,0.0,1,721,卖盘
2737,14:49:13,7.21,0.0,12,8652,卖盘
2738,14:49:16,7.2,-0.01,4,2882,卖盘
2739,14:49:19,7.2,0.0,4,2880,卖盘
2740,14:49:22,7.2,0.0,12,8640,卖盘
2741,14:49:25,7.2,0.0,2,1440,卖盘
2742,14:49:28,7.21,0.01,9,6481,买盘
2743,14:49:31,7.2,-0.01,4,2880,卖盘
2744,14:49:34,7.2,0.0,7,5045,卖盘
2745,14:49:37,7.21,0.01,2,1442,中性盘
2746,14:49:40,7.2,-0.01,76,54720,卖盘
2747,14:49:43,7.2,0.0,4,2880,卖盘
2748,14:49:46,7.2,0.0,12,8640,卖盘
2749,14:49:49,7.2,0.0,50,36000,卖盘
2750,14:50:10,7.2,0.0,3,2160,买盘
2751,14:50:13,7.2,0.0,38,27360,买盘
2752,14:50:16,7.2,0.0,6,4320,中性盘
2753,14:50:19,7.2,0.0,43,30962,卖盘
2754,14:50:25,7.18,-0.02,10,7196,卖盘
2755,14:50:28,7.21,0.03,6,4326,买盘
2756,14:50:34,7.21,0.0,4,2884,卖盘
2757,14:50:40,7.21,0.0,11,7936,卖盘
2758,14:50:43,7.22,0.01,102,73548,买盘
2759,14:50:46,7.22,0.0,4,2888,卖盘
2760,14:50:49,7.21,-0.01,12,8662,卖盘
2761,14:50:55,7.19,-0.02,102,73646,卖盘
2762,14:51:01,7.21,0.02,10,7210,买盘
2763,14:51:07,7.23,0.02,61,44086,买盘
2764,14:51:10,7.21,-0.02,100,72190,卖盘
2765,14:51:13,7.18,-0.03,38,27303,卖盘
2766,14:51:19,7.21,0.03,46,33258,中性盘
2767,14:51:31,7.21,0.0,101,72821,买盘
2768,14:51:46,7.19,-0.02,6,4324,卖盘
2769,14:51:49,7.21,0.02,1,721,买盘
2770,14:51:52,7.21,0.0,103,74263,买盘
2771,14:51:55,7.18,-0.03,229,164747,卖盘
2772,14:52:07,7.24,0.06,110,79636,买盘
2773,14:52:13,7.24,0.0,6,4344,卖盘
2774,14:52:16,7.24,0.0,8,5795,卖盘
2775,14:52:19,7.18,-0.06,71,51172,卖盘
2776,14:52:22,7.25,0.07,50,36132,买盘
2777,14:52:28,7.18,-0.07,1,718,卖盘
2778,14:52:34,7.25,0.07,41,29717,买盘
2779,14:52:37,7.25,0.0,10,7250,卖盘
2780,14:52:40,7.2,-0.05,1,720,卖盘
2781,14:52:43,7.2,0.0,1,720,卖盘
2782,14:52:46,7.25,0.05,11,7970,中性盘
2783,14:52:49,7.2,-0.05,2,1445,卖盘
2784,14:52:52,7.2,0.0,1,720,卖盘
2785,14:52:55,7.2,0.0,7,5040,卖盘
2786,14:52:58,7.25,0.05,53,38410,买盘
2787,14:53:01,7.21,-0.04,12,8652,卖盘
2788,14:53:04,7.25,0.04,18,13018,买盘
2789,14:53:07,7.21,-0.04,13,9373,卖盘
2790,14:53:10,7.21,0.0,10,7210,卖盘
2791,14:53:13,7.21,0.0,19,13699,卖盘
2792,14:53:16,7.21,0.0,4,2884,卖盘
2793,14:53:19,7.21,0.0,2,1442,卖盘
2794,14:53:25,7.25,0.04,180,130395,买盘
2795,14:53:28,7.25,0.0,22,15950,卖盘
2796,14:53:31,7.22,-0.03,9,6522,卖盘
2797,14:53:37,7.26,0.04,81,58732,买盘
2798,14:53:49,7.2,-0.06,1,720,卖盘
2799,14:53:52,7.25,0.05,50,36186,买盘
2800,14:54:01,7.25,0.0,43,31171,买盘
2801,14:54:07,7.25,0.0,6,4350,卖盘
2802,14:54:10,7.25,0.0,5,3625,卖盘
2803,14:54:13,7.25,0.0,95,68875,卖盘
2804,14:54:19,7.25,0.0,10,7246,买盘
2805,14:54:31,7.21,-0.04,1,721,卖盘
2806,14:54:34,7.21,0.0,35,25235,卖盘
2807,14:54:37,7.25,0.04,72,52166,买盘
2808,14:54:40,7.25,0.0,2,1450,卖盘
2809,14:54:43,7.25,0.0,4,2900,卖盘
2810,14:54:46,7.25,0.0,12,8700,卖盘
2811,14:54:49,7.25,0.0,13,9435,卖盘
2812,14:54:52,7.25,0.0,17,12335,卖盘
2813,14:54:55,7.23,-0.02,2,1448,卖盘
2814,14:54:58,7.23,0.0,1,723,卖盘
2815,14:55:01,7.23,0.0,1,723,卖盘
2816,14:55:07,7.25,0.02,50,36250,买盘
2817,14:55:13,7.21,-0.04,1,721,卖盘
2818,14:55:22,7.21,0.0,1,721,卖盘
2819,14:55:25,7.25,0.04,56,40518,买盘
2820,14:55:31,7.25,0.0,13,9425,卖盘
2821,14:55:37,7.25,0.0,31,22475,卖盘
2822,14:55:40,7.26,0.01,100,72557,买盘
2823,14:55:46,7.23,-0.03,2,1446,卖盘
2824,14:55:49,7.23,0.0,1,723,卖盘
2825,14:55:52,7.23,0.0,2,1446,卖盘
2826,14:55:55,7.27,0.04,21,15238,买盘
2827,14:55:58,7.25,-0.02,1,725,卖盘
2828,14:56:01,7.25,0.0,16,11600,卖盘
2829,14:56:05,7.23,-0.02,17,12872,卖盘
2830,14:56:07,7.23,0.0,3,2169,卖盘
2831,14:56:13,7.25,0.02,10,7250,买盘
2832,14:56:16,7.23,-0.02,2,1446,卖盘
2833,14:56:22,7.23,0.0,5,3615,卖盘
2834,14:56:25,7.26,0.03,10,7260,买盘
2835,14:56:31,7.23,-0.03,4,2343,卖盘
2836,14:56:37,7.21,-0.02,3,2163,卖盘
2837,14:56:40,7.23,0.02,10,7779,买盘
2838,14:56:43,7.25,0.02,50,36250,买盘
2839,14:56:46,7.23,-0.02,1,723,卖盘
2840,14:56:49,7.26,0.03,100,72570,买盘
2841,14:56:52,7.23,-0.03,3,2169,卖盘
2842,14:56:58,7.23,0.0,6,3789,卖盘
2843,14:57:03,7.25,0.02,20,14478,买盘
2844,15:00:04,7.26,0.01,800,580800,卖盘
