,time,price,change,volume,amount,type
0,09:25:04,10.14,0.0,70,70980,卖盘
1,09:30:07,10.14,0.0,13,13182,买盘
2,09:30:25,10.15,0.01,18,18270,买盘
3,09:30:34,10.15,0.0,11,11165,买盘
4,09:30:37,10.14,-0.01,5,5070,卖盘
5,09:30:40,10.15,0.01,4,4060,买盘
6,09:30:55,10.16,0.01,3,3048,卖盘
7,09:30:58,10.16,0.0,1,1016,卖盘
8,09:31:01,10.16,0.0,1,1016,卖盘
9,09:31:04,10.16,0.0,7,7112,卖盘
10,09:31:07,10.18,0.02,7,7122,买盘
11,09:31:16,10.19,0.01,10,10190,买盘
12,09:31:19,10.18,-0.01,3,3258,卖盘
13,09:31:22,10.18,0.0,3,3054,卖盘
14,09:31:25,10.18,0.0,3,2850,卖盘
15,09:31:34,10.16,-0.02,1,1016,卖盘
16,09:31:40,10.18,0.02,1,1018,卖盘
17,09:31:43,10.18,0.0,6,6108,卖盘
18,09:31:46,10.17,-0.01,1,1017,卖盘
19,09:31:49,10.17,0.0,1,1017,卖盘
20,09:31:52,10.17,0.0,1,1017,卖盘
21,09:31:55,10.17,0.0,2,2034,卖盘
22,09:32:10,10.18,0.01,20,20360,买盘
23,09:32:22,10.16,-0.02,5,5080,卖盘
24,09:32:34,10.16,0.0,38,38608,买盘
25,09:32:46,10.16,0.0,15,15235,买盘
26,09:32:49,10.15,-0.01,40,40600,卖盘
27,09:32:52,10.15,0.0,10,10150,卖盘
28,09:33:16,10.14,-0.01,32,32449,卖盘
29,09:33:22,10.14,0.0,8,8112,卖盘
30,09:33:40,10.13,-0.01,18,18217,买盘
31,09:33:43,10.1,-0.03,30,30327,卖盘
32,09:33:58,10.12,0.02,10,10120,买盘
33,09:34:01,10.1,-0.02,57,57570,卖盘
34,09:34:04,10.1,0.0,2,2020,买盘
35,09:34:06,10.1,0.0,26,26260,买盘
36,09:34:25,10.09,-0.01,35,35315,卖盘
37,09:34:49,10.1,0.01,58,58580,卖盘
38,09:35:07,10.1,0.0,2,2020,买盘
39,09:35:13,10.1,0.0,26,26260,买盘
40,09:35:16,10.1,0.0,15,15150,买盘
41,09:35:22,10.09,-0.01,25,25230,卖盘
42,09:35:25,10.1,0.01,41,41410,买盘
43,09:35:34,10.1,0.0,10,10100,卖盘
44,09:35:52,10.1,0.0,59,59596,卖盘
45,09:36:04,10.12,0.02,2,2024,买盘
46,09:36:06,10.1,-0.02,35,35356,卖盘
47,09:36:31,10.11,0.01,24,24264,卖盘
48,09:36:37,10.11,0.0,1,1011,卖盘
49,09:36:43,10.11,0.0,1,1011,卖盘
50,09:37:01,10.12,0.01,20,20240,买盘
51,09:37:28,10.12,0.0,15,15180,买盘
52,09:37:31,10.12,0.0,3,3036,买盘
53,09:37:40,10.12,0.0,5,5060,卖盘
54,09:38:01,10.13,0.01,2,2026,买盘
55,09:38:19,10.12,-0.01,25,25315,卖盘
56,09:38:22,10.13,0.01,25,25325,买盘
57,09:38:25,10.12,-0.01,3,3036,卖盘
58,09:38:31,10.12,0.0,105,106260,卖盘
59,09:38:34,10.13,0.01,2,2026,买盘
60,09:38:55,10.13,0.0,11,11143,卖盘
61,09:39:13,10.14,0.01,30,30420,买盘
62,09:39:31,10.14,0.0,5,5070,买盘
63,09:39:37,10.14,0.0,9,9126,买盘
64,09:39:40,10.14,0.0,2,2028,买盘
65,09:39:52,10.14,0.0,20,20280,买盘
66,09:40:22,10.14,0.0,17,17238,买盘
67,09:40:52,10.15,0.01,15,15225,买盘
68,09:41:04,10.15,0.0,45,45675,买盘
69,09:41:37,10.15,0.0,5,5075,卖盘
70,09:41:52,10.16,0.01,20,20320,买盘
71,09:42:07,10.16,0.0,16,16256,买盘
72,09:42:13,10.15,-0.01,50,50750,卖盘
73,09:42:25,10.15,0.0,10,10150,卖盘
74,09:42:31,10.16,0.01,27,27431,买盘
75,09:42:43,10.16,0.0,1,1016,卖盘
76,09:42:46,10.16,0.0,1,1016,卖盘
77,09:42:49,10.16,0.0,1,1016,卖盘
78,09:42:52,10.16,0.0,51,51816,卖盘
79,09:42:58,10.16,0.0,1,1016,卖盘
80,09:43:01,10.16,0.0,3,3048,卖盘
81,09:43:04,10.16,0.0,1,1016,卖盘
82,09:43:07,10.16,0.0,1,1016,卖盘
83,09:43:10,10.16,0.0,1,1016,卖盘
84,09:43:13,10.16,0.0,1,1016,卖盘
85,09:43:16,10.16,0.0,2,2032,卖盘
86,09:43:31,10.16,0.0,10,10160,买盘
87,09:44:19,10.16,0.0,9,9144,买盘
88,09:44:34,10.15,-0.01,250,253750,卖盘
89,09:44:40,10.15,0.0,16,16240,卖盘
90,09:44:52,10.16,0.01,50,50800,买盘
91,09:44:58,10.15,-0.01,30,30450,卖盘
92,09:45:07,10.16,0.01,4,4064,买盘
93,09:46:04,10.16,0.0,208,211128,买盘
94,09:46:10,10.16,0.0,3,3048,买盘
95,09:46:16,10.15,-0.01,46,46701,卖盘
96,09:46:52,10.17,0.02,2,2034,买盘
97,09:47:01,10.15,-0.02,27,27405,卖盘
98,09:47:58,10.15,0.0,10,10150,卖盘
99,09:48:07,10.15,0.0,30,30473,卖盘
100,09:48:25,10.17,0.02,33,33561,买盘
101,09:48:40,10.18,0.01,8,8144,买盘
102,09:48:58,10.18,0.0,10,10180,买盘
103,09:49:13,10.18,0.0,10,10180,买盘
104,09:49:22,10.18,0.0,50,50900,买盘
105,09:49:31,10.17,-0.01,10,10170,卖盘
106,09:49:37,10.17,0.0,9,9158,卖盘
107,09:49:43,10.17,0.0,4,4068,卖盘
108,09:50:07,10.16,-0.01,3,3048,卖盘
109,09:50:13,10.15,-0.01,20,20300,卖盘
110,09:50:19,10.16,0.01,27,27432,买盘
111,09:50:28,10.16,0.0,3,3048,卖盘
112,09:50:43,10.15,-0.01,10,10150,卖盘
113,09:51:01,10.15,0.0,2,2030,卖盘
114,09:51:31,10.16,0.01,31,31494,买盘
115,09:51:40,10.17,0.01,20,20340,买盘
116,09:51:58,10.17,0.0,1,1017,买盘
117,09:52:07,10.16,-0.01,5,5080,卖盘
118,09:52:19,10.16,0.0,63,64008,买盘
119,09:52:28,10.16,0.0,3,3048,卖盘
120,09:53:16,10.16,0.0,18,18288,卖盘
121,09:53:25,10.16,0.0,21,21336,买盘
122,09:53:34,10.15,-0.01,55,55825,卖盘
123,09:54:16,10.15,0.0,14,14210,卖盘
124,09:54:30,10.14,-0.01,20,20280,卖盘
125,09:54:46,10.14,0.0,2,2028,卖盘
126,09:54:52,10.14,0.0,44,44616,卖盘
127,09:55:01,10.14,0.0,51,51714,卖盘
128,09:55:06,10.14,0.0,11,11154,卖盘
129,09:55:22,10.14,0.0,5,5070,卖盘
130,09:55:37,10.14,0.0,10,10140,买盘
131,09:55:43,10.14,0.0,5,5070,买盘
132,09:56:07,10.14,0.0,13,13182,买盘
133,09:56:34,10.14,0.0,2,2028,买盘
134,09:57:10,10.13,-0.01,16,16208,卖盘
135,09:57:16,10.13,0.0,5,5065,卖盘
136,09:57:19,10.13,0.0,6,6078,卖盘
137,09:57:37,10.13,0.0,13,13169,卖盘
138,09:57:40,10.13,0.0,4,4052,卖盘
139,09:57:58,10.13,0.0,22,22286,卖盘
140,09:58:16,10.13,0.0,24,24312,卖盘
141,09:58:45,10.13,0.0,4,4052,卖盘
142,09:59:31,10.14,0.01,5,5070,买盘
143,09:59:40,10.14,0.0,28,28392,买盘
144,09:59:52,10.14,0.0,11,11153,买盘
145,10:00:01,10.13,-0.01,5,5065,卖盘
146,10:00:43,10.13,0.0,16,16208,卖盘
147,10:00:58,10.13,0.0,10,10130,买盘
148,10:01:49,10.13,0.0,3,3039,买盘
149,10:02:00,10.13,0.0,15,15195,卖盘
150,10:02:13,10.13,0.0,2,2026,卖盘
151,10:02:22,10.13,0.0,14,14182,卖盘
152,10:02:43,10.12,-0.01,28,28336,卖盘
153,10:03:21,10.14,0.02,26,26326,买盘
154,10:03:31,10.14,0.0,15,15210,买盘
155,10:03:52,10.14,0.0,16,16224,卖盘
156,10:05:31,10.13,-0.01,7,7091,买盘
157,10:05:39,10.13,0.0,13,13169,买盘
158,10:05:42,10.13,0.0,7,7091,卖盘
159,10:06:06,10.12,-0.01,18,18216,卖盘
160,10:06:19,10.12,0.0,7,7894,买盘
161,10:07:48,10.12,0.0,5,5060,卖盘
162,10:11:22,10.12,0.0,3,3036,卖盘
163,10:12:04,10.1,-0.02,235,237568,卖盘
164,10:12:19,10.1,0.0,9,9090,卖盘
165,10:12:34,10.1,0.0,10,10100,卖盘
166,10:15:16,10.1,0.0,40,40400,卖盘
167,10:15:19,10.1,0.0,3,3030,卖盘
168,10:16:01,10.09,-0.01,30,30270,买盘
169,10:16:24,10.11,0.02,6,6066,卖盘
170,10:17:04,10.1,-0.01,3,3030,卖盘
171,10:17:07,10.1,0.0,10,10100,卖盘
172,10:17:43,10.1,0.0,7,7070,卖盘
173,10:17:58,10.1,0.0,27,27270,买盘
174,10:18:04,10.1,0.0,10,10100,买盘
175,10:18:13,10.1,0.0,8,8080,卖盘
176,10:18:34,10.1,0.0,10,10100,买盘
177,10:18:42,10.09,-0.01,11,11099,卖盘
178,10:18:46,10.08,-0.01,34,33466,买盘
179,10:18:48,10.1,0.02,18,18148,买盘
180,10:19:07,10.07,-0.03,10,10074,卖盘
181,10:19:13,10.1,0.03,13,13130,买盘
182,10:20:13,10.09,-0.01,20,20180,卖盘
183,10:20:25,10.1,0.01,14,14136,买盘
184,10:20:28,10.07,-0.03,89,89633,卖盘
185,10:20:31,10.06,-0.01,47,47282,卖盘
186,10:20:49,10.06,0.0,47,47282,卖盘
187,10:21:04,10.07,0.01,1,1007,买盘
188,10:21:06,10.06,-0.01,38,38228,卖盘
189,10:21:16,10.07,0.01,7,7049,买盘
190,10:21:31,10.07,0.0,13,13091,卖盘
191,10:21:37,10.07,0.0,5,5035,买盘
192,10:21:52,10.07,0.0,3,3021,买盘
193,10:22:07,10.06,-0.01,60,60360,卖盘
194,10:22:34,10.07,0.01,9,9063,买盘
195,10:23:22,10.07,0.0,3,3021,卖盘
196,10:23:37,10.07,0.0,3,3021,卖盘
197,10:23:42,10.07,0.0,71,71497,卖盘
198,10:24:30,10.07,0.0,20,20140,卖盘
199,10:24:33,10.07,0.0,6,6042,卖盘
200,10:24:40,10.07,0.0,10,10070,卖盘
201,10:24:45,10.07,0.0,2,2014,卖盘
202,10:24:55,10.07,0.0,8,8056,卖盘
203,10:25:04,10.07,0.0,5,5035,买盘
204,10:25:30,10.06,-0.01,10,10060,卖盘
205,10:25:43,10.07,0.01,13,13091,买盘
206,10:25:46,10.07,0.0,20,20140,买盘
207,10:26:09,10.07,0.0,31,31217,买盘
208,10:26:28,10.06,-0.01,20,20120,卖盘
209,10:26:46,10.06,0.0,20,20120,卖盘
210,10:27:19,10.07,0.01,20,20140,买盘
211,10:27:30,10.07,0.0,30,30210,买盘
212,10:27:43,10.07,0.0,6,6042,买盘
213,10:27:45,10.07,0.0,10,10070,买盘
214,10:27:52,10.07,0.0,8,8056,买盘
215,10:29:00,10.07,0.0,31,31217,卖盘
216,10:29:25,10.07,0.0,22,22154,买盘
217,10:29:54,10.08,0.01,55,55440,买盘
218,10:30:06,10.08,0.0,10,10080,买盘
219,10:30:37,10.08,0.0,8,8064,买盘
220,10:32:37,10.1,0.02,6,6060,买盘
221,10:33:10,10.1,0.0,1,1818,卖盘
222,10:33:45,10.1,0.0,2,2020,卖盘
223,10:33:52,10.1,0.0,1,1010,卖盘
224,10:33:58,10.1,0.0,1,1010,卖盘
225,10:35:01,10.1,0.0,5,5050,卖盘
226,10:35:09,10.1,0.0,30,30300,卖盘
227,10:35:52,10.1,0.0,1,202,买盘
228,10:37:27,10.09,-0.01,16,16144,卖盘
229,10:37:40,10.09,0.0,4,4036,卖盘
230,10:37:45,10.09,0.0,2,2018,卖盘
231,10:39:13,10.1,0.01,3,3030,买盘
232,10:40:01,10.09,-0.01,20,20180,卖盘
233,10:41:30,10.09,0.0,68,68612,卖盘
234,10:42:12,10.09,0.0,3,3027,买盘
235,10:42:30,10.09,0.0,2,2018,卖盘
236,10:43:10,10.09,0.0,6,6054,卖盘
237,10:44:31,10.08,-0.01,22,22176,卖盘
238,10:44:57,10.07,-0.01,2,2014,卖盘
239,10:45:58,10.07,0.0,1,1007,卖盘
240,10:46:01,10.08,0.01,1,1008,买盘
241,10:47:15,10.08,0.0,6,6048,卖盘
242,10:47:18,10.08,0.0,9,9072,卖盘
243,10:47:21,10.08,0.0,6,6250,卖盘
244,10:47:25,10.08,0.0,6,6048,卖盘
245,10:47:28,10.08,0.0,5,5040,卖盘
246,10:47:31,10.08,0.0,2,2016,卖盘
247,10:47:34,10.08,0.0,3,3024,卖盘
248,10:47:37,10.08,0.0,11,11088,卖盘
249,10:47:40,10.08,0.0,16,15926,卖盘
250,10:47:42,10.07,-0.01,5,5035,卖盘
251,10:47:45,10.07,0.0,14,14098,卖盘
252,10:47:49,10.07,0.0,11,11077,卖盘
253,10:47:52,10.07,0.0,9,9063,卖盘
254,10:47:55,10.07,0.0,16,16112,卖盘
255,10:47:58,10.07,0.0,13,13091,卖盘
256,10:48:01,10.07,0.0,19,19133,卖盘
257,10:48:04,10.06,-0.01,13,13086,卖盘
258,10:48:07,10.06,0.0,14,14084,卖盘
259,10:48:10,10.06,0.0,7,7042,卖盘
260,10:48:12,10.06,0.0,2,2012,卖盘
261,10:48:16,10.06,0.0,13,13078,卖盘
262,10:48:18,10.06,0.0,3,3018,卖盘
263,10:48:21,10.06,0.0,3,3018,卖盘
264,10:48:25,10.06,0.0,22,22132,卖盘
265,10:48:28,10.06,0.0,4,4024,卖盘
266,10:48:31,10.06,0.0,8,8048,卖盘
267,10:48:34,10.06,0.0,5,5030,卖盘
268,10:48:37,10.06,0.0,6,6036,卖盘
269,10:48:39,10.06,0.0,3,3018,卖盘
270,10:48:43,10.06,0.0,2,2012,卖盘
271,10:48:46,10.06,0.0,3,3018,卖盘
272,10:48:48,10.06,0.0,2,2012,卖盘
273,10:48:52,10.06,0.0,32,32192,卖盘
274,10:48:58,10.06,0.0,1,1006,卖盘
275,10:49:04,10.06,0.0,1,1006,卖盘
276,10:49:10,10.06,0.0,1,1006,卖盘
277,10:49:16,10.06,0.0,1,1006,卖盘
278,10:49:19,10.06,0.0,7,7042,卖盘
279,10:49:55,10.05,-0.01,10,10050,卖盘
280,10:50:19,10.04,-0.01,25,25100,卖盘
281,10:50:46,10.03,-0.01,20,20060,卖盘
282,10:50:49,10.03,0.0,10,10030,买盘
283,10:50:52,10.03,0.0,14,14042,买盘
284,10:50:58,10.03,0.0,1,1003,卖盘
285,10:51:12,10.03,0.0,42,42146,卖盘
286,10:51:15,10.03,0.0,1,1003,买盘
287,10:51:27,10.04,0.01,5,5020,买盘
288,10:51:39,10.04,0.0,18,18072,买盘
289,10:51:52,10.04,0.0,2,2008,卖盘
290,10:52:06,10.04,0.0,13,13052,卖盘
291,10:52:10,10.04,0.0,4,4016,买盘
292,10:52:22,10.04,0.0,1,1004,买盘
293,10:52:46,10.04,0.0,2,2008,卖盘
294,10:53:55,10.08,0.04,10,10080,买盘
295,10:54:28,10.08,0.0,2,2016,买盘
296,10:54:40,10.08,0.0,4,4032,买盘
297,10:55:37,10.08,0.0,25,25402,买盘
298,10:55:51,10.08,0.0,12,12096,卖盘
299,10:55:54,10.08,0.0,13,12902,卖盘
300,10:57:03,10.08,0.0,34,34474,买盘
301,10:58:54,10.08,0.0,5,5040,卖盘
302,10:59:10,10.08,0.0,9,9072,卖盘
303,10:59:18,10.08,0.0,33,33264,卖盘
304,10:59:27,10.08,0.0,4,3830,卖盘
305,11:01:25,10.08,0.0,5,5040,买盘
306,11:04:01,10.07,-0.01,8,8056,卖盘
307,11:04:16,10.08,0.01,30,30240,买盘
308,11:04:46,10.08,0.0,5,5040,买盘
309,11:04:52,10.08,0.0,7,7056,买盘
310,11:05:10,10.09,0.01,20,20180,买盘
311,11:06:40,10.1,0.01,40,41208,买盘
312,11:07:31,10.12,0.02,2,2024,买盘
313,11:07:36,10.1,-0.02,50,50500,卖盘
314,11:07:54,10.11,0.01,12,12132,卖盘
315,11:08:01,10.11,0.0,1,1011,卖盘
316,11:08:04,10.11,0.0,5,5055,买盘
317,11:08:06,10.1,-0.01,3,3030,卖盘
318,11:08:09,10.1,0.0,1,1010,卖盘
319,11:08:51,10.1,0.0,12,12120,卖盘
320,11:09:04,10.1,0.0,6,6060,卖盘
321,11:09:09,10.1,0.0,17,16362,卖盘
322,11:09:33,10.09,0.0,1,1009,卖盘
323,11:10:27,10.08,-0.01,10,10080,卖盘
324,11:12:07,10.09,0.01,4,4036,卖盘
325,11:13:13,10.08,-0.01,2,2016,卖盘
326,11:14:06,10.09,0.01,10,10090,买盘
327,11:14:22,10.09,0.0,3,3027,买盘
328,11:14:37,10.09,0.0,5,4843,买盘
329,11:15:13,10.11,0.02,20,20199,买盘
330,11:16:01,10.09,-0.02,15,15135,卖盘
331,11:17:40,10.12,0.03,49,49167,买盘
332,11:17:55,10.12,0.0,9,9108,卖盘
333,11:18:19,10.13,0.01,20,20260,买盘
334,11:18:24,10.13,0.0,13,13169,买盘
335,11:18:54,10.13,0.0,6,6078,买盘
336,11:19:07,10.13,0.0,2,2026,买盘
337,11:19:34,10.13,0.0,10,10130,买盘
338,11:19:45,10.12,-0.01,50,50600,卖盘
339,11:20:10,10.13,0.01,4,4052,买盘
340,11:20:45,10.13,0.0,4,4052,买盘
341,11:21:01,10.13,0.0,5,5065,买盘
342,11:21:25,10.12,-0.01,10,10120,卖盘
343,11:21:48,10.12,0.0,2,2024,卖盘
344,11:22:19,10.12,0.0,6,6072,卖盘
345,11:22:55,10.12,0.0,10,10120,卖盘
346,11:24:42,10.12,0.0,71,71852,卖盘
347,11:25:27,10.13,0.01,12,12156,买盘
348,11:27:46,10.13,0.0,1,1013,卖盘
349,11:27:49,10.13,0.0,19,19247,卖盘
350,11:27:52,10.13,0.0,20,20260,买盘
351,11:27:55,10.13,0.0,11,11143,买盘
352,11:28:13,10.12,-0.01,10,10120,卖盘
353,13:00:07,10.13,0.01,65,65767,买盘
354,13:03:52,10.13,0.0,5,5065,买盘
355,13:09:24,10.1,-0.03,3,3030,卖盘
356,13:14:09,10.1,0.0,29,29300,卖盘
357,13:14:12,10.1,0.0,10,10100,买盘
358,13:14:42,10.1,0.0,13,13130,买盘
359,13:16:24,10.11,0.01,20,20220,买盘
360,13:19:06,10.1,-0.01,23,23230,卖盘
361,13:20:01,10.09,-0.01,1,1009,卖盘
362,13:20:55,10.09,0.0,30,30270,卖盘
363,13:21:43,10.1,0.01,7,7070,买盘
364,13:21:46,10.1,0.0,6,6060,卖盘
365,13:22:16,10.1,0.0,7,7070,卖盘
366,13:22:43,10.09,-0.01,1,1009,卖盘
367,13:24:21,10.09,0.0,16,16144,卖盘
368,13:24:45,10.09,0.0,28,28252,卖盘
369,13:24:52,10.1,0.01,10,10100,买盘
370,13:25:40,10.1,0.0,33,33330,买盘
371,13:26:09,10.1,0.0,3,3030,卖盘
372,13:27:07,10.09,-0.01,1,1009,卖盘
373,13:27:27,10.09,0.0,10,10090,卖盘
374,13:28:15,10.09,0.0,50,50450,卖盘
375,13:30:58,10.1,0.01,20,20200,买盘
376,13:32:45,10.1,0.0,5,5050,买盘
377,13:33:03,10.09,-0.01,10,10090,卖盘
378,13:38:36,10.09,0.0,14,14136,卖盘
379,13:38:42,10.09,0.0,70,70630,卖盘
380,13:40:16,10.08,-0.01,15,15120,卖盘
381,13:40:34,10.08,0.0,17,17136,卖盘
382,13:40:58,10.08,0.0,5,5040,卖盘
383,13:41:10,10.08,0.0,8,8064,卖盘
384,13:41:21,10.08,0.0,108,108964,卖盘
385,13:44:09,10.1,0.02,15,15150,买盘
386,13:44:58,10.1,0.0,50,50500,卖盘
387,13:45:13,10.1,0.0,10,10100,卖盘
388,13:45:31,10.1,0.0,40,40400,卖盘
389,13:45:49,10.1,0.0,30,30300,卖盘
390,13:45:52,10.1,0.0,2,2020,卖盘
391,13:47:09,10.1,0.0,2,2020,买盘
392,13:47:46,10.1,0.0,26,26260,买盘
393,13:47:57,10.09,-0.01,4,4038,卖盘
394,13:50:46,10.09,0.0,10,10090,卖盘
395,13:51:28,10.09,0.0,28,28252,卖盘
396,13:52:10,10.09,0.0,1,1009,买盘
397,13:52:16,10.09,0.0,1,1009,卖盘
398,13:52:22,10.09,0.0,1,1009,卖盘
399,13:52:28,10.09,0.0,1,1009,卖盘
400,13:52:34,10.09,0.0,1,1009,卖盘
401,13:52:39,10.09,0.0,1,1009,卖盘
402,13:52:46,10.09,0.0,1,1009,卖盘
403,13:52:58,10.09,0.0,1,1009,卖盘
404,13:54:00,10.08,-0.01,10,10080,卖盘
405,13:54:10,10.08,0.0,6,6048,卖盘
406,13:54:16,10.08,0.0,8,8064,卖盘
407,13:54:19,10.08,0.0,3,3024,卖盘
408,13:54:21,10.08,0.0,8,8064,卖盘
409,13:54:25,10.08,0.0,4,4032,卖盘
410,13:54:27,10.08,0.0,9,9072,卖盘
411,13:54:30,10.08,0.0,17,17136,卖盘
412,13:54:34,10.08,0.0,7,7056,卖盘
413,13:54:37,10.08,0.0,8,8064,卖盘
414,13:54:40,10.08,0.0,2,2016,卖盘
415,13:54:42,10.08,0.0,11,11088,卖盘
416,13:54:46,10.07,-0.01,18,18131,卖盘
417,13:54:49,10.07,0.0,15,15105,卖盘
418,13:54:52,10.07,0.0,11,11077,卖盘
419,13:54:55,10.07,0.0,16,16112,卖盘
420,13:54:58,10.07,0.0,13,13695,卖盘
421,13:55:01,10.07,0.0,8,8056,卖盘
422,13:55:40,10.06,-0.01,20,20120,卖盘
423,13:58:19,10.07,0.01,63,63381,买盘
424,13:59:15,10.07,0.0,117,117819,买盘
425,14:00:39,10.06,-0.01,122,122765,卖盘
426,14:00:55,10.06,0.0,15,15090,买盘
427,14:02:34,10.06,0.0,20,20120,卖盘
428,14:02:45,10.08,0.02,2,2016,买盘
429,14:03:04,10.08,0.0,16,16128,买盘
430,14:04:16,10.08,0.0,6,6048,卖盘
431,14:04:37,10.09,0.01,7,7063,买盘
432,14:04:43,10.09,0.0,6,6054,卖盘
433,14:05:10,10.09,0.0,22,22198,卖盘
434,14:06:10,10.09,0.0,2,2018,买盘
435,14:06:31,10.09,0.0,52,52468,买盘
436,14:06:52,10.09,0.0,100,100900,卖盘
437,14:06:55,10.09,0.0,60,60540,卖盘
438,14:07:28,10.09,0.0,100,100900,卖盘
439,14:07:31,10.11,0.02,18,18191,买盘
440,14:07:42,10.11,0.0,29,29319,买盘
441,14:08:04,10.11,0.0,10,10110,买盘
442,14:08:33,10.11,0.0,3,3033,买盘
443,14:09:13,10.1,-0.01,10,10100,中性盘
444,14:09:37,10.1,0.0,3,3030,卖盘
445,14:10:00,10.1,0.0,10,10100,卖盘
446,14:10:09,10.1,0.0,20,20200,卖盘
447,14:10:22,10.1,0.0,9,9090,卖盘
448,14:10:43,10.09,-0.01,40,40360,卖盘
449,14:11:01,10.09,0.0,9,9081,卖盘
450,14:11:40,10.09,0.0,17,17153,买盘
451,14:12:46,10.1,0.01,2,2020,买盘
452,14:13:19,10.1,0.0,24,24240,买盘
453,14:14:36,10.1,0.0,10,10100,买盘
454,14:15:07,10.1,0.0,10,10100,卖盘
455,14:15:27,10.11,0.01,47,47517,买盘
456,14:18:27,10.1,-0.01,43,43430,卖盘
457,14:18:40,10.1,0.0,22,22220,卖盘
458,14:18:58,10.06,-0.04,88,88622,卖盘
459,14:20:37,10.08,0.02,24,24192,卖盘
460,14:21:36,10.08,0.0,1,1008,卖盘
461,14:24:51,10.08,0.0,1,1008,买盘
462,14:25:15,10.07,-0.01,139,139973,卖盘
463,14:25:34,10.06,-0.01,11,11066,卖盘
464,14:26:34,10.07,0.01,10,10070,买盘
465,14:26:52,10.07,0.0,59,59413,买盘
466,14:28:49,10.08,0.01,10,10080,买盘
467,14:29:22,10.08,0.0,23,23184,买盘
468,14:29:31,10.08,0.0,2,2016,卖盘
469,14:31:00,10.1,0.02,1,1010,买盘
470,14:31:57,10.08,-0.02,25,25200,卖盘
471,14:32:09,10.08,0.0,5,5040,买盘
472,14:32:25,10.08,0.0,7,7056,买盘
473,14:32:34,10.07,-0.01,4,4028,卖盘
474,14:32:58,10.08,0.01,18,18144,买盘
475,14:33:09,10.08,0.0,6,6048,买盘
476,14:33:42,10.07,-0.01,3,3021,卖盘
477,14:34:04,10.07,0.0,20,20140,卖盘
478,14:35:15,10.08,0.01,9,8659,买盘
479,14:35:28,10.09,0.01,17,17153,买盘
480,14:35:34,10.08,-0.01,12,12509,卖盘
481,14:35:40,10.08,0.0,24,24192,买盘
482,14:35:55,10.08,0.0,22,22176,买盘
483,14:36:01,10.07,-0.01,61,60823,卖盘
484,14:36:13,10.07,0.0,32,32224,卖盘
485,14:36:24,10.08,0.01,93,93744,买盘
486,14:36:27,10.08,0.0,4,4032,买盘
487,14:36:43,10.08,0.0,9,9072,买盘
488,14:36:46,10.08,0.0,35,35875,买盘
489,14:36:58,10.09,0.01,20,20180,买盘
490,14:37:48,10.09,0.0,10,10090,买盘
491,14:38:04,10.09,0.0,10,10090,卖盘
492,14:38:07,10.09,0.0,1,1009,买盘
493,14:38:46,10.08,-0.01,56,56448,卖盘
494,14:39:00,10.08,0.0,30,30240,买盘
495,14:40:10,10.08,0.0,81,81648,买盘
496,14:40:13,10.07,-0.01,115,115823,卖盘
497,14:40:58,10.08,0.01,1,1008,卖盘
498,14:41:28,10.08,0.0,9,9072,买盘
499,14:41:52,10.08,0.0,11,11088,卖盘
500,14:42:45,10.07,-0.01,173,174211,卖盘
501,14:42:54,10.07,0.0,18,18126,卖盘
502,14:42:58,10.07,0.0,77,77539,卖盘
503,14:43:30,10.08,0.01,7,7056,买盘
504,14:43:52,10.08,0.0,20,20160,卖盘
505,14:43:58,10.08,0.0,7,7056,卖盘
506,14:44:43,10.08,0.0,3,3024,卖盘
507,14:45:25,10.08,0.0,144,145275,卖盘
508,14:45:37,10.09,0.01,74,74666,买盘
509,14:45:49,10.1,0.01,10,10100,买盘
510,14:46:25,10.1,0.0,7,7070,买盘
511,14:46:34,10.1,0.0,44,44440,买盘
512,14:47:07,10.1,0.0,12,12120,买盘
513,14:47:25,10.1,0.0,2,2020,卖盘
514,14:47:28,10.1,0.0,13,13130,卖盘
515,14:47:40,10.11,0.01,39,39429,买盘
516,14:47:49,10.1,-0.01,10,10108,卖盘
517,14:48:01,10.1,0.0,10,10100,卖盘
518,14:48:07,10.11,0.01,10,10110,买盘
519,14:48:25,10.12,0.01,45,45540,买盘
520,14:48:49,10.12,0.0,50,50600,买盘
521,14:49:13,10.12,0.0,10,10120,卖盘
522,14:49:22,10.12,0.0,10,10120,卖盘
523,14:49:31,10.12,0.0,138,139656,卖盘
524,14:49:37,10.12,0.0,10,10120,买盘
525,14:49:55,10.12,0.0,52,52624,买盘
526,14:50:04,10.12,0.0,2,2024,卖盘
527,14:50:07,10.12,0.0,7,7084,卖盘
528,14:50:40,10.12,0.0,19,19228,卖盘
529,14:51:22,10.11,-0.01,20,20220,卖盘
530,14:51:25,10.13,0.02,126,127527,买盘
531,14:51:31,10.12,-0.01,18,18216,卖盘
532,14:52:10,10.12,0.0,20,20240,卖盘
533,14:52:25,10.13,0.01,15,15185,买盘
534,14:52:28,10.13,0.0,131,132672,买盘
535,14:52:34,10.13,0.0,43,43559,买盘
536,14:52:37,10.13,0.0,10,10130,卖盘
537,14:53:16,10.14,0.01,9,9126,买盘
538,14:53:19,10.13,-0.01,23,23299,卖盘
539,14:53:31,10.13,0.0,6,6078,卖盘
540,14:53:37,10.14,0.01,5,5070,买盘
541,14:53:46,10.13,-0.01,20,20260,卖盘
542,14:53:58,10.14,0.01,33,33462,买盘
543,14:54:22,10.14,0.0,1,1014,买盘
544,14:54:31,10.14,0.0,2,2028,买盘
545,14:54:40,10.14,0.0,20,20280,买盘
546,14:54:43,10.13,-0.01,29,29377,卖盘
547,14:54:52,10.13,0.0,59,59767,卖盘
548,14:55:13,10.13,0.0,7,7091,买盘
549,14:55:22,10.13,0.0,18,18234,买盘
550,14:55:25,10.13,0.0,47,47582,买盘
551,14:55:37,10.13,0.0,10,10130,买盘
552,14:55:46,10.13,0.0,20,20260,买盘
553,14:55:49,10.13,0.0,10,10130,买盘
554,14:55:58,10.12,-0.01,37,37444,卖盘
555,14:56:01,10.14,0.02,5,5066,买盘
556,14:56:22,10.13,-0.01,25,25325,买盘
557,14:56:28,10.13,0.0,1,1013,买盘
558,14:56:31,10.13,0.0,19,19247,卖盘
559,14:56:34,10.13,0.0,14,14182,买盘
560,14:56:40,10.13,0.0,15,15195,卖盘
561,14:56:43,10.13,0.0,31,31403,卖盘
562,14:56:52,10.13,0.0,22,22286,卖盘
563,14:56:55,10.14,0.01,67,67938,买盘
564,14:56:58,10.13,-0.01,1,1013,卖盘
565,15:00:04,10.14,0.01,304,308256,卖盘
