,time,price,change,volume,amount,type
0,09:25:04,6.08,0.07,441,268128,买盘
1,09:30:01,6.08,0.0,40,24318,买盘
2,09:30:04,6.06,-0.02,1794,1089612,卖盘
3,09:30:07,6.09,0.03,733,444816,买盘
4,09:30:10,6.06,-0.03,312,189136,卖盘
5,09:30:16,6.05,-0.01,12,7260,卖盘
6,09:30:19,6.05,0.0,1,605,买盘
7,09:30:22,6.07,0.02,177,107332,买盘
8,09:30:25,6.02,-0.05,213,128410,卖盘
9,09:30:28,6.07,0.05,157,95279,买盘
10,09:30:31,6.07,0.0,108,65277,买盘
11,09:30:33,6.03,-0.04,2,1206,买盘
12,09:30:37,6.02,-0.01,73,43955,卖盘
13,09:30:39,6.02,0.0,99,59682,卖盘
14,09:30:43,6.02,0.0,5,3010,买盘
15,09:30:46,6.03,0.01,84,50618,买盘
16,09:30:49,6.02,-0.01,7,4214,卖盘
17,09:30:52,6.03,0.01,190,114570,买盘
18,09:30:55,6.03,0.0,41,24723,卖盘
19,09:30:57,6.03,0.0,206,124334,卖盘
20,09:31:00,6.02,-0.01,122,73525,卖盘
21,09:31:04,6.03,0.01,45,27135,卖盘
22,09:31:06,6.02,-0.01,69,41538,买盘
23,09:31:10,6.02,0.0,8,4816,买盘
24,09:31:13,6.02,0.0,35,21070,卖盘
25,09:31:22,6.02,0.0,93,56025,卖盘
26,09:31:25,6.03,0.01,34,20502,买盘
27,09:31:28,6.02,-0.01,200,120486,卖盘
28,09:31:31,6.03,0.01,416,250850,卖盘
29,09:31:34,6.03,0.0,45,27135,卖盘
30,09:31:37,6.03,0.0,19,11457,买盘
31,09:31:40,6.02,-0.01,22,13244,卖盘
32,09:31:43,6.03,0.01,457,275471,买盘
33,09:31:49,6.02,-0.01,16,9632,买盘
34,09:31:51,6.02,0.0,140,84230,买盘
35,09:31:54,6.02,0.0,30,18060,买盘
36,09:31:58,6.01,-0.01,32,19238,卖盘
37,09:32:01,6.02,0.01,36,21672,卖盘
38,09:32:04,6.02,0.0,37,22273,买盘
39,09:32:07,6.02,0.0,75,45158,买盘
40,09:32:13,6.02,0.0,40,24080,卖盘
41,09:32:16,6.03,0.01,234,140937,买盘
42,09:32:19,6.03,0.0,41,24723,卖盘
43,09:32:22,6.03,0.0,42,25334,卖盘
44,09:32:25,6.02,-0.01,61,36773,卖盘
45,09:32:30,6.03,0.01,24,14472,买盘
46,09:32:37,6.03,0.0,52,31356,买盘
47,09:32:40,6.04,0.01,26,15685,买盘
48,09:32:43,6.04,0.0,5,3016,买盘
49,09:32:48,6.05,0.01,146,88250,买盘
50,09:32:51,6.06,0.01,14,8478,买盘
51,09:32:54,6.05,-0.01,46,27830,卖盘
52,09:32:58,6.05,0.0,43,26026,卖盘
53,09:33:01,6.04,-0.01,6,3624,卖盘
54,09:33:04,6.05,0.01,78,47154,买盘
55,09:33:07,6.04,-0.01,15,9069,卖盘
56,09:33:10,6.03,-0.01,28,16884,卖盘
57,09:33:13,6.03,0.0,5,3015,买盘
58,09:33:16,6.02,-0.01,42,25284,卖盘
59,09:33:21,6.02,0.0,102,61466,卖盘
60,09:33:25,6.02,0.0,139,83678,卖盘
61,09:33:28,6.02,0.0,110,66220,卖盘
62,09:33:31,6.02,0.0,5,3010,买盘
63,09:33:37,6.02,0.0,23,13846,买盘
64,09:33:40,6.01,-0.01,91,54691,卖盘
65,09:33:43,6.02,0.01,105,63210,买盘
66,09:33:46,6.01,-0.01,120,72120,卖盘
67,09:33:52,6.02,0.01,167,100534,买盘
68,09:33:54,6.01,-0.01,40,24048,卖盘
69,09:33:57,6.01,0.0,116,69721,买盘
70,09:34:01,6.01,0.0,44,26444,卖盘
71,09:34:07,6.02,0.01,39,23448,买盘
72,09:34:10,6.02,0.0,1,602,买盘
73,09:34:12,6.01,-0.01,8,4814,卖盘
74,09:34:16,6.01,0.0,122,73342,卖盘
75,09:34:22,6.02,0.01,8,4816,买盘
76,09:34:25,6.01,-0.01,54,32454,卖盘
77,09:34:28,6.02,0.01,58,34868,买盘
78,09:34:34,6.02,0.0,8,4816,买盘
79,09:34:36,6.01,-0.01,69,41477,卖盘
80,09:34:46,6.01,0.0,46,27656,卖盘
81,09:34:48,6.01,0.0,67,40267,卖盘
82,09:34:52,6.02,0.01,52,31257,买盘
83,09:34:58,6.01,-0.01,8,4808,买盘
84,09:35:01,6.01,0.0,40,24040,买盘
85,09:35:04,6.01,0.0,49,29449,卖盘
86,09:35:06,6.02,0.01,8,4816,买盘
87,09:35:10,6.02,0.0,122,73392,买盘
88,09:35:12,6.02,0.0,8,4816,买盘
89,09:35:16,6.02,0.0,1,602,买盘
90,09:35:19,6.01,-0.01,35,21050,卖盘
91,09:35:22,6.02,0.01,17,10234,买盘
92,09:35:25,6.03,0.01,101,60819,买盘
93,09:35:28,6.02,-0.01,37,22274,卖盘
94,09:35:30,6.02,0.0,21,12642,买盘
95,09:35:33,6.02,0.0,49,29498,买盘
96,09:35:37,6.02,0.0,28,16856,买盘
97,09:35:40,6.02,0.0,25,15050,买盘
98,09:35:43,6.02,0.0,14,8428,买盘
99,09:35:46,6.02,0.0,66,39732,买盘
100,09:35:48,6.02,0.0,18,10836,卖盘
101,09:35:51,6.03,0.01,58,34974,买盘
102,09:35:54,6.03,0.0,67,40401,买盘
103,09:35:58,6.03,0.0,2,1206,买盘
104,09:36:01,6.03,0.0,90,54270,买盘
105,09:36:04,6.03,0.0,21,12663,买盘
106,09:36:06,6.03,0.0,8,4824,买盘
107,09:36:13,6.03,0.0,23,13869,买盘
108,09:36:16,6.03,0.0,3,1809,买盘
109,09:36:19,6.03,0.0,37,22311,买盘
110,09:36:21,6.03,0.0,82,49446,买盘
111,09:36:25,6.03,0.0,61,36783,卖盘
112,09:36:31,6.03,0.0,176,106128,卖盘
113,09:36:34,6.03,0.0,18,10854,卖盘
114,09:36:36,6.03,0.0,8,4824,买盘
115,09:36:46,6.02,-0.01,54,32508,卖盘
116,09:36:49,6.03,0.01,176,106128,买盘
117,09:36:52,6.02,-0.01,85,51189,卖盘
118,09:36:58,6.02,0.0,30,18060,买盘
119,09:37:04,6.02,0.0,42,25284,买盘
120,09:37:06,6.02,0.0,87,52454,卖盘
121,09:37:09,6.02,0.0,29,17450,买盘
122,09:37:12,6.02,0.0,11,6622,买盘
123,09:37:16,6.02,0.0,3,1806,买盘
124,09:37:19,6.02,0.0,24,14448,买盘
125,09:37:22,6.02,0.0,17,10234,买盘
126,09:37:25,6.02,0.0,3,1806,买盘
127,09:37:27,6.02,0.0,63,37921,买盘
128,09:37:31,6.0,-0.02,758,455101,卖盘
129,09:37:34,6.0,0.0,3,1800,买盘
130,09:37:36,5.99,-0.01,153,91669,卖盘
131,09:37:40,5.99,0.0,25,14975,买盘
132,09:37:42,5.98,-0.01,59,35300,卖盘
133,09:37:46,5.99,0.01,4,2396,买盘
134,09:37:49,5.98,-0.01,198,118404,卖盘
135,09:37:51,5.98,0.0,21,12558,买盘
136,09:37:55,5.97,-0.01,227,135519,卖盘
137,09:37:58,5.97,0.0,43,25671,卖盘
138,09:38:01,5.97,0.0,30,17910,卖盘
139,09:38:04,5.97,0.0,121,72270,卖盘
140,09:38:06,5.96,-0.01,270,161104,卖盘
141,09:38:09,5.96,0.0,126,75122,卖盘
142,09:38:13,5.97,0.01,746,444657,买盘
143,09:38:16,5.97,0.0,187,111454,买盘
144,09:38:19,5.96,-0.01,309,184162,卖盘
145,09:38:22,5.96,0.0,27,16092,买盘
146,09:38:25,5.96,0.0,23,13708,买盘
147,09:38:27,5.95,-0.01,331,196949,卖盘
148,09:38:31,5.95,0.0,47,27965,买盘
149,09:38:34,5.95,0.0,50,29750,买盘
150,09:38:37,5.94,-0.01,31,18435,卖盘
151,09:38:39,5.95,0.01,18,10710,买盘
152,09:38:43,5.95,0.0,234,139224,买盘
153,09:38:46,5.94,-0.01,16,9517,卖盘
154,09:38:49,5.95,0.01,94,55969,中性盘
155,09:38:51,5.96,0.01,48,28608,买盘
156,09:38:54,5.96,0.0,64,38114,买盘
157,09:38:58,5.96,0.0,25,14900,买盘
158,09:39:00,5.96,0.0,18,10728,买盘
159,09:39:04,5.96,0.0,115,68510,买盘
160,09:39:07,5.96,0.0,113,67255,买盘
161,09:39:10,5.96,0.0,4,2384,买盘
162,09:39:13,5.95,-0.01,18,10711,卖盘
163,09:39:16,5.96,0.01,8,4768,买盘
164,09:39:19,5.97,0.01,41,24452,买盘
165,09:39:22,5.95,-0.02,41,24413,卖盘
166,09:39:24,5.96,0.01,34,20260,买盘
167,09:39:28,5.97,0.01,14,8358,买盘
168,09:39:31,5.97,0.0,4,2388,买盘
169,09:39:33,5.97,0.0,2,1194,买盘
170,09:39:37,5.97,0.0,10,5970,买盘
171,09:39:40,5.97,0.0,32,19104,买盘
172,09:39:42,5.97,0.0,33,19671,买盘
173,09:39:46,5.97,0.0,22,13117,买盘
174,09:39:49,5.97,0.0,1,597,买盘
175,09:39:52,5.97,0.0,40,23863,买盘
176,09:39:55,5.97,0.0,3,1791,卖盘
177,09:40:01,5.96,-0.01,52,30992,卖盘
178,09:40:04,5.97,0.01,82,48954,买盘
179,09:40:07,5.98,0.01,8,4784,买盘
180,09:40:10,5.97,-0.01,36,21492,卖盘
181,09:40:16,5.97,0.0,40,23880,卖盘
182,09:40:19,5.97,0.0,33,19701,卖盘
183,09:40:22,5.97,0.0,76,45381,卖盘
184,09:40:31,5.97,0.0,236,140608,卖盘
185,09:40:34,5.97,0.0,13,7761,卖盘
186,09:40:37,5.97,0.0,32,19112,卖盘
187,09:40:42,5.97,0.0,12,7164,买盘
188,09:40:52,5.98,0.01,8,4784,买盘
189,09:40:58,5.98,0.0,8,4784,买盘
190,09:41:04,5.97,-0.01,14,8358,卖盘
191,09:41:06,5.98,0.01,18,10763,买盘
192,09:41:19,5.98,0.0,47,28105,买盘
193,09:41:21,6.0,0.02,8,4800,买盘
194,09:41:28,5.99,-0.01,2,1198,买盘
195,09:41:31,5.98,-0.01,103,61624,卖盘
196,09:41:34,5.97,-0.01,28,16734,卖盘
197,09:41:36,5.98,0.01,13,7783,中性盘
198,09:41:40,5.97,-0.01,41,24477,卖盘
199,09:41:42,5.98,0.01,2,1196,买盘
200,09:41:46,5.97,-0.01,10,5970,卖盘
201,09:41:49,5.96,-0.01,11,6556,卖盘
202,09:41:52,5.97,0.01,16,9552,买盘
203,09:41:55,5.97,0.0,20,11940,买盘
204,09:41:58,5.96,-0.01,28,16711,卖盘
205,09:42:01,5.97,0.01,2,1194,买盘
206,09:42:04,5.96,-0.01,1,596,卖盘
207,09:42:06,5.96,0.0,61,36365,卖盘
208,09:42:13,5.96,0.0,10,5960,卖盘
209,09:42:16,5.96,0.0,31,18476,卖盘
210,09:42:19,5.96,0.0,129,76964,卖盘
211,09:42:22,5.98,0.02,8,4784,买盘
212,09:42:25,5.96,-0.02,39,23244,卖盘
213,09:42:28,5.96,0.0,94,56024,买盘
214,09:42:31,5.95,-0.01,13,7735,卖盘
215,09:42:34,5.95,0.0,144,85705,卖盘
216,09:42:36,5.96,0.01,86,51186,买盘
217,09:42:40,5.95,-0.01,31,18445,卖盘
218,09:42:43,5.95,0.0,62,36890,卖盘
219,09:42:46,5.95,0.0,2,1190,卖盘
220,09:42:49,5.95,0.0,170,101150,卖盘
221,09:42:52,5.95,0.0,136,80928,卖盘
222,09:42:54,5.93,-0.02,1062,630503,卖盘
223,09:42:57,5.93,0.0,104,61712,卖盘
224,09:43:04,5.91,-0.02,922,545784,卖盘
225,09:43:06,5.93,0.02,14,8292,买盘
226,09:43:09,5.93,0.0,50,29650,买盘
227,09:43:13,5.91,-0.02,68,40188,卖盘
228,09:43:16,5.91,0.0,28,16548,买盘
229,09:43:18,5.91,0.0,139,82031,买盘
230,09:43:22,5.91,0.0,9,5319,买盘
231,09:43:25,5.9,-0.01,73,43070,卖盘
232,09:43:28,5.9,0.0,30,17700,卖盘
233,09:43:31,5.9,0.0,23,13580,卖盘
234,09:43:33,5.89,-0.01,114,67171,卖盘
235,09:43:36,5.9,0.01,8,4720,买盘
236,09:43:40,5.89,-0.01,16,9424,卖盘
237,09:43:43,5.9,0.01,30,17700,买盘
238,09:43:45,5.9,0.0,31,18290,买盘
239,09:43:48,5.9,0.0,79,46587,买盘
240,09:43:52,5.9,0.0,58,34210,买盘
241,09:43:54,5.89,-0.01,84,49551,卖盘
242,09:43:57,5.89,0.0,407,239773,卖盘
243,09:44:04,5.89,0.0,62,36518,买盘
244,09:44:06,5.89,0.0,98,57666,买盘
245,09:44:10,5.89,0.0,9,5301,买盘
246,09:44:12,5.88,-0.01,117,68909,卖盘
247,09:44:16,5.89,0.01,103,60567,买盘
248,09:44:21,5.89,0.0,9,5301,买盘
249,09:44:24,5.88,-0.01,17,9997,卖盘
250,09:44:28,5.88,0.0,282,165816,卖盘
251,09:44:31,5.88,0.0,26,15275,买盘
252,09:44:33,5.88,0.0,15,8820,买盘
253,09:44:36,5.88,0.0,18,10584,买盘
254,09:44:40,5.88,0.0,5,2936,买盘
255,09:44:46,5.88,0.0,5,2940,买盘
256,09:44:49,5.88,0.0,25,14699,买盘
257,09:44:52,5.88,0.0,71,41748,买盘
258,09:44:54,5.88,0.0,24,14132,卖盘
259,09:45:04,5.88,0.0,191,112308,卖盘
260,09:45:07,5.88,0.0,103,60564,买盘
261,09:45:09,5.9,0.02,49,28828,买盘
262,09:45:16,5.88,-0.02,5,2940,卖盘
263,09:45:19,5.88,0.0,1,588,卖盘
264,09:45:22,5.9,0.02,8,4720,买盘
265,09:45:25,5.91,0.01,180,106349,买盘
266,09:45:28,5.88,-0.03,15,8820,卖盘
267,09:45:31,5.89,0.01,51,30115,卖盘
268,09:45:37,5.91,0.02,30,17730,买盘
269,09:45:40,5.91,0.0,3,1773,卖盘
270,09:45:49,5.91,0.0,6,3541,买盘
271,09:45:52,5.89,-0.02,15,8867,卖盘
272,09:45:54,5.93,0.04,8,4744,买盘
273,09:46:04,5.9,-0.03,1,590,卖盘
274,09:46:07,5.92,0.02,9,5328,买盘
275,09:46:10,5.93,0.01,52,30794,买盘
276,09:46:12,5.92,-0.01,10,5920,卖盘
277,09:46:22,5.92,0.0,11,6520,卖盘
278,09:46:25,5.92,0.0,15,8880,卖盘
279,09:46:30,5.93,0.01,17,10068,买盘
280,09:46:36,5.92,-0.01,39,23097,卖盘
281,09:46:45,5.93,0.01,21,12453,买盘
282,09:46:49,5.92,-0.01,109,64557,卖盘
283,09:46:52,5.95,0.03,37,21937,买盘
284,09:47:04,5.95,0.0,13,7733,买盘
285,09:47:06,5.95,0.0,8,4760,买盘
286,09:47:22,5.94,-0.01,9,5346,中性盘
287,09:47:27,5.92,-0.02,19,11248,卖盘
288,09:47:31,5.91,-0.01,13,7683,卖盘
289,09:47:37,5.95,0.04,8,4748,买盘
290,09:47:46,5.94,-0.01,7,4154,买盘
291,09:47:52,5.93,-0.01,9,5337,买盘
292,09:48:07,5.92,-0.01,9,5336,卖盘
293,09:48:10,5.93,0.01,45,26685,买盘
294,09:48:19,5.92,-0.01,2,1184,卖盘
295,09:48:21,5.93,0.01,9,5334,买盘
296,09:48:30,5.91,-0.02,21,12426,卖盘
297,09:48:36,5.93,0.02,8,4744,买盘
298,09:48:46,5.93,0.0,2,1186,买盘
299,09:48:51,5.93,0.0,9,5337,买盘
300,09:48:54,5.92,-0.01,11,6512,卖盘
301,09:49:01,5.93,0.01,6,3558,买盘
302,09:49:04,5.93,0.0,4,2372,买盘
303,09:49:06,5.93,0.0,8,4744,买盘
304,09:49:21,5.94,0.01,8,4749,买盘
305,09:49:25,5.92,-0.02,17,10078,卖盘
306,09:49:31,5.92,0.0,13,7696,卖盘
307,09:49:37,5.94,0.02,9,5346,买盘
308,09:49:43,5.94,0.0,5,2970,买盘
309,09:49:52,5.94,0.0,38,22572,买盘
310,09:49:57,5.93,-0.01,28,16604,买盘
311,09:50:01,5.93,0.0,2,1186,卖盘
312,09:50:07,5.94,0.01,57,33858,买盘
313,09:50:10,5.93,-0.01,9,5337,卖盘
314,09:50:16,5.94,0.01,55,32670,买盘
315,09:50:22,5.94,0.0,8,4752,买盘
316,09:50:25,5.94,0.0,2,1188,买盘
317,09:50:30,5.93,-0.01,13,7709,卖盘
318,09:50:36,5.95,0.02,9,5351,买盘
319,09:50:45,5.95,0.0,8,4760,买盘
320,09:50:52,5.94,-0.01,29,17234,卖盘
321,09:50:55,5.95,0.01,3,1785,买盘
322,09:51:01,5.95,0.0,2,1190,买盘
323,09:51:04,5.93,-0.02,378,224363,卖盘
324,09:51:06,5.95,0.02,23,13685,买盘
325,09:51:09,5.93,-0.02,19,11267,卖盘
326,09:51:13,5.93,0.0,30,17790,买盘
327,09:51:16,5.93,0.0,51,30243,买盘
328,09:51:19,5.93,0.0,54,32022,买盘
329,09:51:22,5.93,0.0,13,7709,买盘
330,09:51:30,5.93,0.0,48,28480,卖盘
331,09:51:33,5.94,0.01,9,5346,卖盘
332,09:51:37,5.95,0.01,8,4760,买盘
333,09:51:43,5.94,-0.01,22,13068,卖盘
334,09:51:49,5.94,0.0,38,22572,卖盘
335,09:51:51,5.95,0.01,9,5355,买盘
336,09:52:06,5.95,0.0,8,4760,买盘
337,09:52:15,5.95,0.0,7,4165,买盘
338,09:52:22,5.95,0.0,9,5355,买盘
339,09:52:24,5.94,-0.01,8,4752,卖盘
340,09:52:30,5.94,0.0,58,34452,卖盘
341,09:52:37,5.94,0.0,8,4752,买盘
342,09:52:40,5.93,-0.01,45,26685,卖盘
343,09:52:43,5.93,0.0,48,28464,卖盘
344,09:52:52,5.94,0.01,15,8910,买盘
345,09:52:57,5.94,0.0,9,5346,买盘
346,09:53:04,5.93,-0.01,13,7709,卖盘
347,09:53:07,5.94,0.01,25,14850,买盘
348,09:53:21,5.94,0.0,8,4752,买盘
349,09:53:31,5.93,-0.01,13,7709,卖盘
350,09:53:36,5.94,0.01,17,10098,买盘
351,09:53:40,5.93,-0.01,15,8895,卖盘
352,09:53:45,5.94,0.01,17,10098,买盘
353,09:53:52,5.93,-0.01,47,27879,卖盘
354,09:53:57,5.94,0.01,4,2376,买盘
355,09:54:06,5.94,0.0,47,27913,买盘
356,09:54:12,5.93,-0.01,48,28464,卖盘
357,09:54:16,5.93,0.0,28,16604,卖盘
358,09:54:22,5.94,0.01,8,4752,买盘
359,09:54:25,5.94,0.0,17,10098,买盘
360,09:54:27,5.93,-0.01,16,9488,卖盘
361,09:54:31,5.93,0.0,26,15418,卖盘
362,09:54:34,5.93,0.0,8,4744,买盘
363,09:54:37,5.93,0.0,10,5930,买盘
364,09:54:52,5.93,0.0,8,4744,买盘
365,09:55:07,5.93,0.0,26,15418,买盘
366,09:55:09,5.92,-0.01,26,15392,卖盘
367,09:55:18,5.93,0.01,8,4744,买盘
368,09:55:22,5.92,-0.01,15,8888,卖盘
369,09:55:30,5.92,0.0,13,7696,卖盘
370,09:55:37,5.93,0.01,8,4744,买盘
371,09:55:42,5.93,0.0,17,10081,买盘
372,09:55:45,5.93,0.0,70,41510,买盘
373,09:55:49,5.93,0.0,161,95473,买盘
374,09:55:51,5.94,0.01,9,5346,买盘
375,09:55:55,5.92,-0.02,120,71040,卖盘
376,09:55:58,5.93,0.01,4,2372,中性盘
377,09:56:01,5.93,0.0,1,593,买盘
378,09:56:04,5.93,0.0,34,20162,买盘
379,09:56:06,5.93,0.0,8,4744,买盘
380,09:56:16,5.93,0.0,36,21348,买盘
381,09:56:22,5.93,0.0,39,23127,买盘
382,09:56:24,5.93,0.0,17,10081,买盘
383,09:56:31,5.92,-0.01,13,7696,卖盘
384,09:56:34,5.92,0.0,58,34386,卖盘
385,09:56:37,5.93,0.01,8,4744,买盘
386,09:56:46,5.93,0.0,1,593,买盘
387,09:56:49,5.93,0.0,18,10674,买盘
388,09:56:52,5.94,0.01,9,5338,买盘
389,09:57:01,5.94,0.0,8,4752,买盘
390,09:57:04,5.94,0.0,218,129492,买盘
391,09:57:07,5.93,-0.01,96,56980,卖盘
392,09:57:15,5.94,0.01,1,594,卖盘
393,09:57:22,5.95,0.01,32,19040,买盘
394,09:57:30,5.94,-0.01,13,7722,卖盘
395,09:57:33,5.95,0.01,50,29750,买盘
396,09:57:37,5.94,-0.01,122,72487,卖盘
397,09:57:43,5.94,0.0,17,10098,买盘
398,09:57:45,5.94,0.0,7,4158,买盘
399,09:57:49,5.94,0.0,180,106920,买盘
400,09:57:52,5.95,0.01,8,4760,买盘
401,09:57:54,5.95,0.0,17,10115,买盘
402,09:57:58,5.94,-0.01,114,67716,卖盘
403,09:58:06,5.95,0.01,9,5355,买盘
404,09:58:16,5.95,0.0,1,595,买盘
405,09:58:19,5.95,0.0,6,3570,买盘
406,09:58:22,5.95,0.0,8,4760,买盘
407,09:58:24,5.95,0.0,28,16660,买盘
408,09:58:27,5.95,0.0,4,2380,买盘
409,09:58:31,5.94,-0.01,21,12482,卖盘
410,09:58:33,5.95,0.01,17,10115,买盘
411,09:58:37,5.95,0.0,44,26145,买盘
412,09:58:40,5.95,0.0,12,7140,买盘
413,09:58:46,5.94,-0.01,115,68410,卖盘
414,09:58:49,5.94,0.0,52,30890,卖盘
415,09:58:51,5.95,0.01,28,16660,买盘
416,09:58:54,5.94,-0.01,96,57024,卖盘
417,09:58:58,5.95,0.01,17,10627,买盘
418,09:59:01,5.95,0.0,23,13685,卖盘
419,09:59:07,5.96,0.01,9,5364,买盘
420,09:59:10,5.95,-0.01,10,5950,卖盘
421,09:59:13,5.95,0.0,24,13785,买盘
422,09:59:15,5.98,0.03,8,4769,买盘
423,09:59:22,5.94,-0.04,56,33296,卖盘
424,09:59:31,5.94,0.0,13,7722,卖盘
425,09:59:37,5.98,0.04,8,4780,买盘
426,09:59:46,5.98,0.0,26,15548,买盘
427,09:59:49,5.98,0.0,7,4186,买盘
428,09:59:52,5.99,0.01,9,5386,买盘
429,09:59:54,5.95,-0.04,34,20281,卖盘
430,10:00:04,5.96,0.01,21,12516,卖盘
431,10:00:07,5.96,0.0,63,37578,中性盘
432,10:00:10,5.96,0.0,1,596,卖盘
433,10:00:22,5.98,0.02,48,28642,买盘
434,10:00:25,5.95,-0.03,1,595,卖盘
435,10:00:31,5.95,0.0,51,30348,卖盘
436,10:00:36,5.95,0.0,49,29233,卖盘
437,10:00:40,5.98,0.03,17,10166,买盘
438,10:00:43,5.96,-0.02,2,1192,卖盘
439,10:00:52,5.96,0.0,37,22017,卖盘
440,10:00:54,5.96,0.0,9,5364,卖盘
441,10:00:58,5.97,0.01,17,10149,买盘
442,10:01:00,5.97,0.0,17,10149,买盘
443,10:01:04,5.98,0.01,8,4784,买盘
444,10:01:07,5.98,0.0,9,5382,买盘
445,10:01:10,5.98,0.0,6,3588,买盘
446,10:01:16,5.96,-0.02,52,31066,卖盘
447,10:01:19,5.96,0.0,35,20860,卖盘
448,10:01:25,5.95,-0.01,67,39865,卖盘
449,10:01:28,5.97,0.02,27,16109,中性盘
450,10:01:31,5.95,-0.02,13,7735,卖盘
451,10:01:40,5.97,0.02,65,38687,买盘
452,10:01:45,5.97,0.0,17,10149,买盘
453,10:01:52,5.94,-0.03,45,26730,卖盘
454,10:01:58,5.97,0.03,8,4776,买盘
455,10:02:07,5.97,0.0,9,5373,买盘
456,10:02:09,5.97,0.0,17,10149,买盘
457,10:02:25,5.97,0.0,7,4179,买盘
458,10:02:31,5.95,-0.02,13,7735,卖盘
459,10:02:33,5.97,0.02,17,10149,买盘
460,10:02:36,5.96,-0.01,2,1192,中性盘
461,10:02:39,5.97,0.01,15,8955,买盘
462,10:02:42,5.95,-0.02,26,15496,卖盘
463,10:02:46,5.97,0.02,13,7761,买盘
464,10:02:49,5.97,0.0,4,2388,卖盘
465,10:02:52,5.95,-0.02,60,35700,卖盘
466,10:02:55,5.97,0.02,6,3582,买盘
467,10:03:01,5.95,-0.02,61,36401,卖盘
468,10:03:06,5.97,0.02,7,4179,买盘
469,10:03:13,5.95,-0.02,38,22610,卖盘
470,10:03:18,5.97,0.02,17,10149,买盘
471,10:03:27,5.95,-0.02,97,57749,卖盘
472,10:03:30,5.94,-0.01,17,10103,卖盘
473,10:03:36,5.94,0.0,52,30888,卖盘
474,10:03:39,5.97,0.03,9,5373,买盘
475,10:03:51,5.94,-0.03,3,1782,卖盘
476,10:04:04,5.97,0.03,43,25641,买盘
477,10:04:06,5.97,0.0,8,4776,买盘
478,10:04:15,5.94,-0.03,34,20196,卖盘
479,10:04:22,5.97,0.03,17,10149,买盘
480,10:04:24,5.97,0.0,8,4776,买盘
481,10:04:30,5.95,-0.02,3,1785,卖盘
482,10:04:33,5.95,0.0,10,5950,买盘
483,10:04:46,5.96,0.01,8,4768,买盘
484,10:04:51,5.97,0.01,114,68058,买盘
485,10:04:57,5.98,0.01,8,4784,买盘
486,10:05:00,5.98,0.0,469,280462,买盘
487,10:05:04,5.97,-0.01,79,47218,卖盘
488,10:05:09,5.99,0.02,6,3594,买盘
489,10:05:12,5.98,-0.01,58,34684,卖盘
490,10:05:16,5.97,-0.01,253,151211,卖盘
491,10:05:21,5.98,0.01,83,49634,买盘
492,10:05:25,5.97,-0.01,258,154048,卖盘
493,10:05:28,5.98,0.01,3,1794,中性盘
494,10:05:31,5.98,0.0,13,7774,卖盘
495,10:05:36,5.99,0.01,51,30549,买盘
496,10:05:40,5.98,-0.01,71,42458,卖盘
497,10:05:43,5.99,0.01,8,4792,买盘
498,10:05:46,5.99,0.0,60,35940,买盘
499,10:05:52,5.99,0.0,267,160448,买盘
500,10:05:54,5.99,0.0,41,24052,卖盘
501,10:05:58,5.99,0.0,268,160281,买盘
502,10:06:01,5.99,0.0,42,25673,买盘
503,10:06:04,6.0,0.01,66,39600,买盘
504,10:06:10,5.99,-0.01,43,25242,卖盘
505,10:06:16,5.99,0.0,8,4792,买盘
506,10:06:18,5.99,0.0,17,10183,买盘
507,10:06:21,5.98,-0.01,3,1794,卖盘
508,10:06:27,5.99,0.01,68,40680,买盘
509,10:06:30,5.98,-0.01,13,7774,卖盘
510,10:06:39,5.99,0.01,8,4792,买盘
511,10:06:42,5.99,0.0,178,107137,买盘
512,10:06:48,5.98,-0.01,248,147837,卖盘
513,10:06:54,5.98,0.0,124,74152,卖盘
514,10:06:58,5.98,0.0,3,1794,买盘
515,10:07:07,5.98,0.0,7,4186,买盘
516,10:07:09,5.98,0.0,6,3588,卖盘
517,10:07:12,5.99,0.01,17,10183,买盘
518,10:07:25,5.99,0.0,8,4792,买盘
519,10:07:28,5.99,0.0,13,7787,买盘
520,10:07:31,5.99,0.0,38,22736,买盘
521,10:07:39,5.99,0.0,10,5990,买盘
522,10:07:45,5.99,0.0,1,599,买盘
523,10:07:55,5.98,-0.01,40,23920,卖盘
524,10:07:58,5.99,0.01,30,17970,买盘
525,10:08:07,5.94,-0.05,508,303363,卖盘
526,10:08:10,5.98,0.04,7,4186,买盘
527,10:08:13,5.98,0.0,62,36920,中性盘
528,10:08:15,5.94,-0.04,51,29807,卖盘
529,10:08:18,6.0,0.06,104,62385,买盘
530,10:08:27,5.99,-0.01,178,106232,买盘
531,10:08:31,5.94,-0.05,13,7722,卖盘
532,10:08:39,5.99,0.05,8,4792,买盘
533,10:08:42,5.94,-0.05,49,29106,卖盘
534,10:08:46,5.94,0.0,25,14850,卖盘
535,10:08:52,5.94,0.0,65,38683,卖盘
536,10:09:16,5.94,0.0,43,25542,卖盘
537,10:09:30,5.95,0.01,13,7735,卖盘
538,10:09:33,5.98,0.03,242,144716,买盘
539,10:09:37,5.95,-0.03,33,19683,卖盘
540,10:09:39,5.95,0.0,31,18445,卖盘
541,10:09:54,5.96,0.01,44,26224,卖盘
542,10:09:57,5.96,0.0,11,6556,买盘
543,10:10:00,5.98,0.02,8,4784,买盘
544,10:10:03,5.98,0.0,6,3588,买盘
545,10:10:07,5.98,0.0,26,15548,买盘
546,10:10:13,5.98,0.0,4,2392,买盘
547,10:10:19,5.98,0.0,107,63986,买盘
548,10:10:28,5.98,0.0,20,11960,买盘
549,10:10:31,5.97,-0.01,13,7761,卖盘
550,10:10:40,5.98,0.01,24,14352,买盘
551,10:10:45,5.98,0.0,7,4186,买盘
552,10:10:49,5.98,0.0,61,36434,买盘
553,10:10:52,5.98,0.0,37,22126,买盘
554,10:10:54,5.98,0.0,102,60996,买盘
555,10:10:57,5.98,0.0,25,14950,买盘
556,10:11:00,5.98,0.0,80,47840,买盘
557,10:11:06,5.97,-0.01,90,53759,卖盘
558,10:11:13,5.99,0.02,17,10183,买盘
559,10:11:31,5.97,-0.02,57,34029,卖盘
560,10:11:33,5.99,0.02,7,4193,买盘
561,10:11:36,5.99,0.0,2,1198,买盘
562,10:11:42,5.97,-0.02,2,1194,卖盘
563,10:11:46,5.99,0.02,8,4792,买盘
564,10:11:52,5.99,0.0,17,10183,买盘
565,10:11:54,5.99,0.0,4,2396,买盘
566,10:12:04,5.97,-0.02,3,1791,卖盘
567,10:12:07,5.99,0.02,25,14975,买盘
568,10:12:21,5.97,-0.02,34,20298,卖盘
569,10:12:31,5.99,0.02,71,42403,买盘
570,10:12:57,5.98,-0.01,20,11960,买盘
571,10:13:07,5.98,0.0,9,5382,买盘
572,10:13:10,5.97,-0.01,3,1792,卖盘
573,10:13:19,5.98,0.01,22,13156,买盘
574,10:13:24,5.98,0.0,42,25116,卖盘
575,10:13:30,5.97,-0.01,13,7761,卖盘
576,10:13:34,5.98,0.01,42,25116,买盘
577,10:13:37,5.98,0.0,3,1794,买盘
578,10:13:39,5.97,-0.01,79,47168,卖盘
579,10:13:51,5.98,0.01,27,16146,买盘
580,10:14:01,5.99,0.01,83,49696,买盘
581,10:14:04,5.99,0.0,55,32945,买盘
582,10:14:06,5.99,0.0,9,5391,买盘
583,10:14:15,5.98,-0.01,74,44252,卖盘
584,10:14:30,5.98,0.0,13,7774,卖盘
585,10:14:33,5.98,0.0,1,598,卖盘
586,10:14:39,5.98,0.0,9,5382,卖盘
587,10:14:49,5.98,0.0,50,29900,卖盘
588,10:14:52,5.99,0.01,35,20965,买盘
589,10:14:55,5.98,-0.01,10,5980,卖盘
590,10:15:00,5.98,0.0,43,25714,卖盘
591,10:15:04,5.98,0.0,17,10166,买盘
592,10:15:13,5.98,0.0,14,8372,卖盘
593,10:15:21,5.99,0.01,17,10183,买盘
594,10:15:31,5.98,-0.01,13,7774,卖盘
595,10:15:37,5.99,0.01,8,4792,买盘
596,10:15:52,5.98,-0.01,2,1196,卖盘
597,10:15:57,5.98,0.0,1,598,买盘
598,10:16:06,5.98,0.0,25,14950,卖盘
599,10:16:09,5.98,0.0,1,598,卖盘
600,10:16:12,5.99,0.01,1,599,买盘
601,10:16:15,5.98,-0.01,69,41262,卖盘
602,10:16:25,5.98,0.0,15,8978,卖盘
603,10:16:30,5.97,-0.01,513,307329,卖盘
604,10:16:37,5.96,-0.01,59,35213,卖盘
605,10:16:39,5.96,0.0,17,10133,卖盘
606,10:16:43,5.97,0.01,5,2985,买盘
607,10:16:46,5.96,-0.01,25,14924,卖盘
608,10:16:54,5.97,0.01,1,597,买盘
609,10:16:58,5.96,-0.01,52,30993,卖盘
610,10:17:04,5.96,0.0,11,6556,卖盘
611,10:17:06,6.0,0.04,503,301393,买盘
612,10:17:12,5.96,-0.04,138,82276,卖盘
613,10:17:24,5.99,0.03,1,599,买盘
614,10:17:28,5.99,0.0,16,9584,卖盘
615,10:17:30,5.97,-0.02,13,7761,卖盘
616,10:17:54,5.99,0.02,3,1797,买盘
617,10:18:04,6.0,0.01,8,4800,买盘
618,10:18:06,6.0,0.0,17,10200,买盘
619,10:18:09,5.99,-0.01,37,22163,卖盘
620,10:18:27,6.0,0.01,26,15580,买盘
621,10:18:30,5.98,-0.02,13,7774,卖盘
622,10:18:33,5.98,0.0,45,26910,卖盘
623,10:18:42,5.98,0.0,19,11362,卖盘
624,10:18:45,6.0,0.02,504,302282,买盘
625,10:18:51,5.98,-0.02,85,50854,卖盘
626,10:18:54,5.98,0.0,1,598,买盘
627,10:18:57,5.98,0.0,1,598,买盘
628,10:19:00,5.98,0.0,3,1794,买盘
629,10:19:04,5.98,0.0,1,598,买盘
630,10:19:07,5.98,0.0,10,5980,买盘
631,10:19:09,5.98,0.0,1,598,买盘
632,10:19:12,5.98,0.0,12,7176,买盘
633,10:19:33,5.98,0.0,13,7774,卖盘
634,10:19:36,5.99,0.01,32,19168,买盘
635,10:19:42,5.98,-0.01,3,1794,卖盘
636,10:19:45,5.99,0.01,39,23361,买盘
637,10:19:51,5.99,0.0,8,4792,买盘
638,10:20:04,5.99,0.0,9,5391,买盘
639,10:20:30,5.99,0.0,1,599,买盘
640,10:20:34,5.98,-0.01,13,7774,卖盘
641,10:20:54,5.99,0.01,8,4792,买盘
642,10:20:57,5.99,0.0,82,49057,买盘
643,10:21:04,5.99,0.0,8,4792,买盘
644,10:21:12,5.98,-0.01,5,2990,卖盘
645,10:21:24,5.99,0.01,16,9584,买盘
646,10:21:33,5.98,-0.01,13,7774,卖盘
647,10:21:49,5.98,0.0,25,14950,卖盘
648,10:21:54,5.98,0.0,1,598,买盘
649,10:21:58,5.98,0.0,1,598,买盘
650,10:22:01,5.98,0.0,1,598,买盘
651,10:22:04,5.98,0.0,2,1196,买盘
652,10:22:16,5.99,0.01,6,3594,买盘
653,10:22:22,5.98,-0.01,2,1196,卖盘
654,10:22:25,5.98,0.0,5,2990,卖盘
655,10:22:30,5.99,0.01,8,4792,买盘
656,10:22:33,5.98,-0.01,3,1794,卖盘
657,10:22:36,5.98,0.0,1,598,买盘
658,10:22:39,5.98,0.0,1,598,买盘
659,10:22:43,5.98,0.0,4,2392,买盘
660,10:22:45,5.98,0.0,4,2392,买盘
661,10:22:57,5.98,0.0,13,7774,卖盘
662,10:23:00,5.98,0.0,1,598,买盘
663,10:23:04,5.98,0.0,17,10166,买盘
664,10:23:27,5.98,0.0,2,1196,卖盘
665,10:23:33,5.98,0.0,28,16744,卖盘
666,10:23:54,5.98,0.0,13,7774,卖盘
667,10:24:04,5.98,0.0,9,5382,买盘
668,10:24:34,5.97,-0.01,13,7761,卖盘
669,10:25:00,5.97,0.0,120,71640,卖盘
670,10:25:04,5.97,0.0,8,4776,买盘
671,10:25:09,5.96,-0.01,20,11920,卖盘
672,10:25:12,5.96,0.0,64,38144,卖盘
673,10:25:18,5.96,0.0,18,10728,卖盘
674,10:25:33,5.96,0.0,13,7748,卖盘
675,10:25:48,5.96,0.0,10,5960,卖盘
676,10:25:54,5.96,0.0,2,1192,卖盘
677,10:26:09,5.98,0.02,200,119522,买盘
678,10:26:12,5.97,-0.01,5,2985,卖盘
679,10:26:15,5.97,0.0,1,597,卖盘
680,10:26:21,5.97,0.0,89,53133,卖盘
681,10:26:24,5.98,0.01,150,89700,买盘
682,10:26:33,5.97,-0.01,13,7761,卖盘
683,10:26:36,5.97,0.0,31,18507,卖盘
684,10:26:54,5.96,-0.01,52,30992,卖盘
685,10:26:57,5.97,0.01,4,2388,买盘
686,10:27:01,5.97,0.0,1,597,买盘
687,10:27:04,5.97,0.0,76,45242,买盘
688,10:27:10,5.97,0.0,667,396869,买盘
689,10:27:12,5.97,0.0,56,33432,卖盘
690,10:27:22,5.94,-0.03,2,1188,卖盘
691,10:27:25,5.94,0.0,224,133056,卖盘
692,10:27:33,5.94,0.0,13,7722,卖盘
693,10:27:42,5.95,0.01,14,8330,卖盘
694,10:27:45,5.95,0.0,4,2380,买盘
695,10:27:49,5.95,0.0,22,13084,买盘
696,10:27:52,5.94,-0.01,29,17238,卖盘
697,10:27:54,5.95,0.01,9,5355,买盘
698,10:27:57,5.95,0.0,15,8925,买盘
699,10:28:00,5.95,0.0,14,8330,买盘
700,10:28:04,5.95,0.0,26,15470,买盘
701,10:28:06,5.95,0.0,17,10115,买盘
702,10:28:09,5.94,-0.01,244,145131,卖盘
703,10:28:12,5.95,0.01,6,3570,买盘
704,10:28:16,5.95,0.0,6,3570,买盘
705,10:28:18,5.95,0.0,66,39270,买盘
706,10:28:24,5.95,0.0,5,2976,卖盘
707,10:28:27,5.95,0.0,41,24396,卖盘
708,10:28:30,5.95,0.0,16,9520,卖盘
709,10:28:33,5.95,0.0,1,595,买盘
710,10:28:37,5.95,0.0,3,1785,买盘
711,10:28:40,5.95,0.0,32,19040,买盘
712,10:28:45,5.95,0.0,1,595,卖盘
713,10:28:48,5.95,0.0,81,48195,卖盘
714,10:28:51,5.95,0.0,1,595,买盘
715,10:28:54,5.95,0.0,5,2975,买盘
716,10:28:58,5.95,0.0,10,5950,买盘
717,10:29:00,5.94,-0.01,45,26730,卖盘
718,10:29:06,5.95,0.01,40,23800,买盘
719,10:29:09,5.95,0.0,3,1785,买盘
720,10:29:16,5.94,-0.01,12,7128,卖盘
721,10:29:24,5.95,0.01,61,36295,买盘
722,10:29:36,5.95,0.0,44,26180,卖盘
723,10:30:10,5.96,0.01,13,7741,买盘
724,10:30:16,5.97,0.01,55,32835,买盘
725,10:30:19,5.97,0.0,1,597,买盘
726,10:30:25,5.97,0.0,30,17910,买盘
727,10:30:36,5.97,0.0,33,19701,卖盘
728,10:30:52,5.97,0.0,26,15522,卖盘
729,10:30:54,5.97,0.0,97,57909,买盘
730,10:31:00,5.96,-0.01,22,13112,卖盘
731,10:31:06,5.96,0.0,41,24436,卖盘
732,10:31:21,5.96,0.0,30,17885,卖盘
733,10:31:24,5.96,0.0,20,11920,卖盘
734,10:31:40,5.97,0.01,92,54924,买盘
735,10:31:58,5.96,-0.01,12,7152,卖盘
736,10:32:04,5.96,0.0,43,25628,买盘
737,10:32:16,5.97,0.01,30,17910,买盘
738,10:32:24,5.97,0.0,30,17910,卖盘
739,10:32:27,5.98,0.01,26,15548,买盘
740,10:32:40,5.96,-0.02,1,596,卖盘
741,10:33:36,5.96,0.0,29,17284,卖盘
742,10:33:55,5.96,0.0,19,11324,卖盘
743,10:33:58,5.97,0.01,12,7164,买盘
744,10:34:09,5.97,0.0,64,38208,卖盘
745,10:34:22,5.96,-0.01,31,18499,卖盘
746,10:34:39,5.98,0.02,5,2990,买盘
747,10:34:42,5.98,0.0,79,47242,买盘
748,10:34:48,5.96,-0.02,42,25032,卖盘
749,10:35:28,5.98,0.02,73,43654,买盘
750,10:35:33,5.96,-0.02,114,67944,卖盘
751,10:35:42,5.98,0.02,500,298558,买盘
752,10:35:46,5.96,-0.02,62,36952,卖盘
753,10:35:48,5.96,0.0,2,1192,买盘
754,10:35:52,5.96,0.0,2,1192,买盘
755,10:35:57,5.96,0.0,7,4172,买盘
756,10:36:04,5.96,0.0,20,11920,买盘
757,10:36:12,5.96,0.0,60,35760,买盘
758,10:36:18,5.99,0.03,500,299268,买盘
759,10:36:25,5.96,-0.03,37,22052,卖盘
760,10:36:27,5.96,0.0,2,1192,买盘
761,10:36:39,5.95,-0.01,49,29175,卖盘
762,10:36:48,5.96,0.01,20,11920,买盘
763,10:36:54,5.95,-0.01,10,5950,卖盘
764,10:36:57,5.96,0.01,60,35757,买盘
765,10:37:04,5.96,0.0,9,5364,买盘
766,10:37:10,5.96,0.0,10,5960,买盘
767,10:37:19,5.96,0.0,28,16688,买盘
768,10:37:24,5.95,-0.01,200,119070,卖盘
769,10:37:33,5.95,0.0,17,10115,卖盘
770,10:37:48,5.94,-0.01,6,3564,卖盘
771,10:37:57,5.94,0.0,1,594,卖盘
772,10:38:39,5.95,0.01,1,595,买盘
773,10:38:48,5.95,0.0,224,133280,买盘
774,10:38:54,5.94,-0.01,100,59400,卖盘
775,10:38:57,5.94,0.0,83,49302,卖盘
776,10:39:00,5.95,0.01,8,4760,买盘
777,10:39:04,5.95,0.0,15,8925,买盘
778,10:39:09,5.94,-0.01,41,24354,卖盘
779,10:39:42,5.95,0.01,8,4760,买盘
780,10:39:57,5.95,0.0,5,2975,买盘
781,10:40:03,5.95,0.0,9,5355,买盘
782,10:40:07,5.94,-0.01,45,26730,卖盘
783,10:40:10,5.95,0.01,11,6545,买盘
784,10:40:12,5.94,-0.01,110,65340,卖盘
785,10:40:16,5.94,0.0,52,30888,买盘
786,10:40:18,5.94,0.0,68,40392,买盘
787,10:40:21,5.93,-0.01,58,34394,卖盘
788,10:40:27,5.93,0.0,41,24313,卖盘
789,10:40:30,5.93,0.0,121,71753,卖盘
790,10:40:33,5.93,0.0,2,1186,卖盘
791,10:40:36,5.93,0.0,54,32022,卖盘
792,10:40:39,5.93,0.0,50,29650,卖盘
793,10:40:48,5.92,-0.01,62,36709,卖盘
794,10:40:51,5.93,0.01,40,23720,中性盘
795,10:40:54,5.93,0.0,2,1186,买盘
796,10:40:57,5.93,0.0,16,9488,买盘
797,10:41:04,5.94,0.01,35,20759,买盘
798,10:41:33,5.92,-0.02,30,17762,卖盘
799,10:41:45,5.92,0.0,42,24864,卖盘
800,10:41:51,5.92,0.0,30,17760,卖盘
801,10:42:07,5.94,0.02,27,16038,买盘
802,10:42:18,5.95,0.01,74,44030,买盘
803,10:42:24,5.94,-0.01,43,25542,卖盘
804,10:42:51,5.93,-0.01,237,140639,卖盘
805,10:42:57,5.93,0.0,42,24906,卖盘
806,10:43:00,5.93,0.0,60,35580,买盘
807,10:43:04,5.94,0.01,5,2970,买盘
808,10:43:06,5.92,-0.02,81,47978,卖盘
809,10:43:12,5.92,0.0,31,18352,卖盘
810,10:43:27,5.92,0.0,32,18944,卖盘
811,10:43:36,5.93,0.01,10,5930,卖盘
812,10:43:42,5.93,0.0,10,5930,卖盘
813,10:43:45,5.94,0.01,52,30888,买盘
814,10:43:51,5.94,0.0,21,12474,卖盘
815,10:43:54,5.95,0.01,67,39819,买盘
816,10:44:04,5.94,-0.01,9,5346,买盘
817,10:44:09,5.93,-0.01,10,5930,卖盘
818,10:44:18,5.93,0.0,8,4744,买盘
819,10:44:24,5.93,0.0,46,27278,买盘
820,10:44:30,5.93,0.0,18,10674,买盘
821,10:44:33,5.95,0.02,8,4756,买盘
822,10:44:36,5.93,-0.02,31,18383,卖盘
823,10:44:55,5.93,0.0,5,2965,卖盘
824,10:45:16,5.93,0.0,22,13046,卖盘
825,10:45:18,5.94,0.01,54,32075,买盘
826,10:45:21,5.94,0.0,7,4158,卖盘
827,10:45:30,5.95,0.01,22,13090,买盘
828,10:45:36,5.92,-0.03,36,21312,卖盘
829,10:45:40,5.94,0.02,8,4752,买盘
830,10:45:45,5.92,-0.02,40,23683,卖盘
831,10:46:01,5.94,0.02,5,2970,买盘
832,10:46:04,5.94,0.0,9,5346,买盘
833,10:46:06,5.92,-0.02,10,5920,卖盘
834,10:46:15,5.92,0.0,20,11840,卖盘
835,10:46:21,5.92,0.0,43,25459,卖盘
836,10:46:36,5.92,0.0,31,18352,卖盘
837,10:46:46,5.94,0.02,36,21370,买盘
838,10:46:49,5.94,0.0,23,13662,卖盘
839,10:47:09,5.95,0.01,8,4760,买盘
840,10:47:15,5.94,-0.01,23,13662,卖盘
841,10:47:27,5.94,0.0,90,53460,卖盘
842,10:47:30,5.95,0.01,6,3570,买盘
843,10:47:33,5.94,-0.01,74,43824,中性盘
844,10:47:36,5.92,-0.02,30,17760,卖盘
845,10:47:42,5.94,0.02,1,594,买盘
846,10:47:48,5.94,0.0,6,3564,买盘
847,10:48:00,5.92,-0.02,14,8288,卖盘
848,10:48:04,5.92,0.0,24,14208,卖盘
849,10:48:16,5.94,0.02,8,4752,买盘
850,10:48:30,5.94,0.0,8,4752,买盘
851,10:48:33,5.92,-0.02,100,59200,卖盘
852,10:48:39,5.92,0.0,94,55648,卖盘
853,10:48:42,5.92,0.0,39,23088,卖盘
854,10:48:57,5.92,0.0,31,18352,卖盘
855,10:49:06,5.93,0.01,4,2372,中性盘
856,10:49:09,5.92,-0.01,10,5920,卖盘
857,10:49:27,5.92,0.0,5,2960,卖盘
858,10:49:36,5.93,0.01,8,4744,买盘
859,10:49:39,5.92,-0.01,35,20720,卖盘
860,10:49:48,5.93,0.01,69,40856,买盘
861,10:49:58,5.93,0.0,49,29013,买盘
862,10:50:04,5.93,0.0,9,5337,买盘
863,10:50:15,5.92,-0.01,3,1776,卖盘
864,10:50:18,5.93,0.01,10,5930,买盘
865,10:50:30,5.93,0.0,5,2965,买盘
866,10:50:33,5.92,-0.01,132,78219,卖盘
867,10:50:39,5.92,0.0,54,31968,卖盘
868,10:50:45,5.92,0.0,46,27232,卖盘
869,10:50:54,5.92,0.0,20,11840,买盘
870,10:51:00,5.92,0.0,8,4736,买盘
871,10:51:04,5.92,0.0,15,8880,买盘
872,10:51:06,5.92,0.0,4,2368,卖盘
873,10:51:15,5.92,0.0,38,22496,买盘
874,10:51:22,5.92,0.0,12,7104,卖盘
875,10:51:30,5.92,0.0,15,8880,卖盘
876,10:51:33,5.93,0.01,5,2965,买盘
877,10:51:48,5.93,0.0,49,29057,买盘
878,10:51:54,5.93,0.0,21,12453,卖盘
879,10:51:57,5.93,0.0,31,18383,卖盘
880,10:52:04,5.94,0.01,77,45738,买盘
881,10:52:09,5.93,-0.01,33,19569,卖盘
882,10:52:19,5.95,0.02,6,3570,买盘
883,10:52:42,5.94,-0.01,5,2970,买盘
884,10:52:45,5.94,0.0,7,4158,买盘
885,10:52:48,5.94,0.0,80,47520,买盘
886,10:52:54,5.93,-0.01,136,80648,卖盘
887,10:53:00,5.93,0.0,32,18976,卖盘
888,10:53:12,5.94,0.01,7,4158,买盘
889,10:53:15,5.93,-0.01,46,27278,卖盘
890,10:53:30,5.94,0.01,49,29106,买盘
891,10:54:04,5.94,0.0,9,5346,买盘
892,10:54:06,5.94,0.0,14,8316,买盘
893,10:54:18,5.93,-0.01,26,15436,卖盘
894,10:54:36,5.97,0.04,86,51182,买盘
895,10:54:39,5.95,-0.02,13,7735,卖盘
896,10:54:51,5.95,0.0,74,44030,卖盘
897,10:55:04,5.95,0.0,12,7140,买盘
898,10:55:09,5.95,0.0,6,3570,买盘
899,10:55:30,5.95,0.0,49,29155,买盘
900,10:55:42,5.95,0.0,7,4165,买盘
901,10:55:45,5.94,-0.01,32,19008,卖盘
902,10:55:51,5.93,-0.01,105,62265,卖盘
903,10:55:54,5.94,0.01,4,2376,买盘
904,10:56:00,5.93,-0.01,36,21353,卖盘
905,10:56:09,5.93,0.0,48,28464,卖盘
906,10:56:12,5.93,0.0,12,7116,买盘
907,10:56:30,5.94,0.01,71,42174,买盘
908,10:56:39,5.93,-0.01,36,21348,卖盘
909,10:56:42,5.93,0.0,1,593,买盘
910,10:56:54,5.93,0.0,11,6452,买盘
911,10:57:00,5.95,0.02,16,9505,买盘
912,10:57:03,5.95,0.0,9,5355,买盘
913,10:57:06,5.93,-0.02,48,28535,卖盘
914,10:57:16,5.93,0.0,8,4744,买盘
915,10:57:27,5.93,0.0,45,26614,买盘
916,10:57:37,5.93,0.0,31,18454,卖盘
917,10:57:40,5.93,0.0,2,1186,买盘
918,10:57:45,5.93,0.0,8,4744,买盘
919,10:58:00,5.94,0.01,10,5867,买盘
920,10:58:03,5.94,0.0,9,5346,买盘
921,10:58:12,5.94,0.0,6,3564,买盘
922,10:58:21,5.93,-0.01,41,24384,卖盘
923,10:58:27,5.93,0.0,35,20755,买盘
924,10:58:48,5.93,0.0,50,29650,买盘
925,10:58:51,5.92,-0.01,33,19536,卖盘
926,10:58:54,5.94,0.02,7,4154,买盘
927,10:58:57,5.92,-0.02,6,3552,卖盘
928,10:59:04,5.94,0.02,9,5346,买盘
929,10:59:06,5.94,0.0,13,7722,买盘
930,10:59:09,5.93,-0.01,1,593,卖盘
931,10:59:12,5.94,0.01,10,5931,买盘
932,10:59:21,5.93,-0.01,32,18976,卖盘
933,10:59:33,5.94,0.01,17,10098,买盘
934,10:59:36,5.94,0.0,6,3564,买盘
935,11:00:03,5.94,0.0,1,523,卖盘
936,11:00:36,5.94,0.0,5,2970,卖盘
937,11:00:49,5.95,0.01,64,38080,买盘
938,11:00:57,5.94,-0.01,31,18414,卖盘
939,11:01:03,5.95,0.01,3,1785,买盘
940,11:01:06,5.95,0.0,25,14875,买盘
941,11:01:16,5.95,0.0,78,46410,买盘
942,11:01:33,5.95,0.0,33,19635,买盘
943,11:01:39,5.95,0.0,30,17850,卖盘
944,11:01:42,5.95,0.0,14,8330,卖盘
945,11:01:51,5.95,0.0,8,4760,买盘
946,11:01:54,5.95,0.0,8,4760,买盘
947,11:02:19,5.95,0.0,11,6545,买盘
948,11:02:34,5.96,0.01,56,33376,买盘
949,11:02:48,5.96,0.0,9,5364,买盘
950,11:02:51,5.95,-0.01,34,20230,卖盘
951,11:03:01,5.96,0.01,70,41720,买盘
952,11:03:21,5.96,0.0,21,12523,中性盘
953,11:03:27,5.95,-0.01,41,24395,卖盘
954,11:03:33,5.96,0.01,7,4172,买盘
955,11:03:36,5.94,-0.02,47,27918,卖盘
956,11:03:45,5.96,0.02,8,4768,买盘
957,11:04:15,5.94,-0.02,72,42839,卖盘
958,11:04:18,5.94,0.0,3,1782,买盘
959,11:04:22,5.94,0.0,8,4752,买盘
960,11:04:33,5.93,-0.01,2,1186,卖盘
961,11:04:49,5.94,0.01,19,11279,买盘
962,11:05:31,5.94,0.0,7,4158,买盘
963,11:05:42,5.94,0.0,52,30888,买盘
964,11:05:48,5.93,-0.01,39,23127,卖盘
965,11:05:51,5.96,0.03,53,31496,买盘
966,11:06:04,5.96,0.0,6,3576,买盘
967,11:06:48,5.96,0.0,7,4172,买盘
968,11:07:21,5.93,-0.03,18,10687,卖盘
969,11:07:30,5.95,0.02,6,3570,买盘
970,11:07:36,5.95,0.0,13,7735,买盘
971,11:07:54,5.94,-0.01,31,18414,卖盘
972,11:07:57,5.94,0.0,2,1188,卖盘
973,11:08:36,5.95,0.01,10,5950,买盘
974,11:09:03,5.95,0.0,48,28568,卖盘
975,11:09:33,5.96,0.01,10,5960,买盘
976,11:09:48,5.96,0.0,1,596,买盘
977,11:10:06,5.95,-0.01,15,8925,卖盘
978,11:10:09,5.95,0.0,1,595,卖盘
979,11:10:18,5.95,0.0,21,12495,卖盘
980,11:11:24,5.96,0.01,15,8940,买盘
981,11:11:27,5.94,-0.02,3,1782,卖盘
982,11:11:45,5.94,0.0,1,594,卖盘
983,11:11:48,5.95,0.01,6,3570,买盘
984,11:12:04,5.95,0.0,75,44625,买盘
985,11:12:06,5.95,0.0,8,4760,买盘
986,11:12:33,5.95,0.0,7,4165,买盘
987,11:12:36,5.95,0.0,12,7140,买盘
988,11:12:46,5.95,0.0,12,7140,买盘
989,11:12:51,5.95,0.0,32,19040,卖盘
990,11:13:04,5.96,0.01,6,3576,买盘
991,11:13:15,5.96,0.0,8,4768,买盘
992,11:13:24,5.96,0.0,101,60196,买盘
993,11:13:33,5.97,0.01,75,44751,买盘
994,11:13:48,5.97,0.0,7,4179,买盘
995,11:14:12,5.95,-0.02,29,17255,卖盘
996,11:14:15,5.97,0.02,6,3582,买盘
997,11:14:18,5.97,0.0,72,42984,买盘
998,11:14:33,5.95,-0.02,15,8925,卖盘
999,11:14:42,5.97,0.02,48,28656,买盘
1000,11:14:45,5.95,-0.02,10,5950,卖盘
1001,11:14:48,5.95,0.0,21,12495,买盘
1002,11:14:54,5.97,0.02,8,4776,买盘
1003,11:15:03,5.97,0.0,51,30447,买盘
1004,11:15:36,5.97,0.0,96,57312,买盘
1005,11:15:39,5.97,0.0,30,17910,卖盘
1006,11:15:45,5.97,0.0,17,10149,卖盘
1007,11:15:52,5.97,0.0,28,16716,卖盘
1008,11:16:12,5.97,0.0,26,15522,卖盘
1009,11:16:15,5.97,0.0,217,129549,卖盘
1010,11:16:21,5.96,-0.01,15,8940,卖盘
1011,11:16:30,5.96,0.0,17,10132,卖盘
1012,11:17:01,5.95,-0.01,46,27370,卖盘
1013,11:17:48,5.95,0.0,35,20825,卖盘
1014,11:17:51,5.96,0.01,49,29204,买盘
1015,11:18:00,5.95,-0.01,8,4760,卖盘
1016,11:18:12,5.97,0.02,69,41193,买盘
1017,11:18:33,5.96,-0.01,69,41124,卖盘
1018,11:18:51,5.96,0.0,66,39336,买盘
1019,11:18:54,5.95,-0.01,40,23800,卖盘
1020,11:18:57,5.96,0.01,3,1788,买盘
1021,11:19:24,5.96,0.0,18,10728,买盘
1022,11:19:54,5.97,0.01,81,48311,买盘
1023,11:19:57,5.97,0.0,13,7761,卖盘
1024,11:20:00,5.97,0.0,32,19104,卖盘
1025,11:20:04,5.97,0.0,45,26865,卖盘
1026,11:20:18,5.96,-0.01,58,34594,卖盘
1027,11:20:27,5.96,0.0,18,10728,买盘
1028,11:20:48,5.97,0.01,78,46566,买盘
1029,11:21:00,5.96,-0.01,35,20860,卖盘
1030,11:21:10,5.97,0.01,44,26268,买盘
1031,11:21:15,5.98,0.01,68,40664,买盘
1032,11:21:37,5.97,-0.01,32,19104,卖盘
1033,11:21:54,5.97,0.0,65,38805,买盘
1034,11:22:30,5.97,0.0,1,597,买盘
1035,11:22:42,5.97,0.0,38,22686,买盘
1036,11:22:54,5.96,-0.01,33,19668,卖盘
1037,11:23:27,5.96,0.0,20,11920,卖盘
1038,11:23:30,5.96,0.0,5,2980,买盘
1039,11:23:33,5.96,0.0,3,1788,买盘
1040,11:23:43,5.96,0.0,5,2980,买盘
1041,11:23:45,5.96,0.0,7,4172,买盘
1042,11:23:54,5.96,0.0,37,22052,买盘
1043,11:24:00,5.96,0.0,58,34576,卖盘
1044,11:24:09,5.95,-0.01,45,26775,卖盘
1045,11:24:42,5.96,0.01,15,8940,买盘
1046,11:25:03,5.96,0.0,7,4172,卖盘
1047,11:25:21,5.97,0.01,9,5372,买盘
1048,11:25:43,5.96,-0.01,1,596,卖盘
1049,11:26:21,5.97,0.01,8,4776,买盘
1050,11:26:42,5.97,0.0,203,121191,买盘
1051,11:26:55,5.96,-0.01,81,48276,卖盘
1052,11:27:21,5.97,0.01,8,4776,买盘
1053,11:27:30,5.97,0.0,20,11940,买盘
1054,11:28:27,5.97,0.0,11,6567,买盘
1055,11:28:33,5.97,0.0,148,88356,买盘
1056,11:28:45,5.97,0.0,75,44713,买盘
1057,11:28:57,5.97,0.0,11,6567,买盘
1058,11:29:15,5.98,0.01,8,4784,买盘
1059,11:29:24,5.97,-0.01,19,11343,卖盘
1060,11:29:45,5.96,-0.01,111,66156,卖盘
1061,11:29:54,5.96,0.0,10,5960,卖盘
1062,13:00:04,5.96,0.0,95,56600,买盘
1063,13:02:09,5.98,0.02,8,4784,买盘
1064,13:02:30,5.98,0.0,16,9568,买盘
1065,13:02:45,5.98,0.0,1,598,买盘
1066,13:02:48,5.97,-0.01,5,2985,卖盘
1067,13:03:12,5.97,0.0,8,4776,买盘
1068,13:03:21,5.96,-0.01,164,97744,卖盘
1069,13:03:24,5.95,-0.01,91,54181,卖盘
1070,13:03:33,5.98,0.03,55,32876,买盘
1071,13:03:42,5.96,-0.02,2,1192,卖盘
1072,13:03:45,5.96,0.0,25,14900,买盘
1073,13:04:06,5.98,0.02,8,4784,买盘
1074,13:04:21,5.98,0.0,13,7774,买盘
1075,13:04:28,5.98,0.0,7,4186,买盘
1076,13:05:09,5.96,-0.02,13,7748,卖盘
1077,13:05:18,5.98,0.02,855,511290,买盘
1078,13:05:21,5.96,-0.02,200,119200,卖盘
1079,13:05:27,5.95,-0.01,231,137448,卖盘
1080,13:05:30,5.96,0.01,10,5960,买盘
1081,13:05:51,5.96,0.0,172,102512,买盘
1082,13:06:10,5.96,0.0,18,10728,卖盘
1083,13:06:12,5.96,0.0,2,1192,买盘
1084,13:06:57,5.95,-0.01,25,14875,卖盘
1085,13:07:12,5.96,0.01,7,4172,卖盘
1086,13:07:15,5.96,0.0,132,78672,买盘
1087,13:07:24,5.96,0.0,5,2980,买盘
1088,13:07:39,5.96,0.0,56,33376,买盘
1089,13:07:48,5.96,0.0,34,20264,卖盘
1090,13:08:12,5.98,0.02,500,299000,买盘
1091,13:08:24,5.96,-0.02,123,73308,卖盘
1092,13:08:27,5.96,0.0,23,13708,买盘
1093,13:09:12,5.98,0.02,42,25116,买盘
1094,13:09:18,5.99,0.01,73,43727,买盘
1095,13:09:24,5.98,-0.01,34,20332,卖盘
1096,13:09:39,5.98,0.0,1,598,卖盘
1097,13:10:00,5.99,0.01,48,28752,买盘
1098,13:10:04,5.98,-0.01,1,598,卖盘
1099,13:10:06,5.99,0.01,48,28752,买盘
1100,13:10:09,5.98,-0.01,41,24518,卖盘
1101,13:10:43,5.99,0.01,20,11980,买盘
1102,13:10:57,5.99,0.0,110,65890,买盘
1103,13:11:06,5.98,-0.01,60,35880,卖盘
1104,13:11:10,5.99,0.01,8,4792,买盘
1105,13:11:13,5.99,0.0,9,5391,买盘
1106,13:11:33,5.99,0.0,14,8386,买盘
1107,13:11:45,5.98,-0.01,10,5980,卖盘
1108,13:12:27,5.99,0.01,100,59900,买盘
1109,13:12:36,5.98,-0.01,47,28106,卖盘
1110,13:12:39,5.99,0.01,68,40732,买盘
1111,13:12:42,5.99,0.0,18,10782,买盘
1112,13:12:57,5.99,0.0,29,17371,卖盘
1113,13:13:01,5.99,0.0,12,7188,卖盘
1114,13:13:36,6.0,0.01,50,30000,买盘
1115,13:13:48,6.0,0.0,5,3000,买盘
1116,13:13:54,6.0,0.0,62,37200,买盘
1117,13:14:03,5.99,-0.01,44,26356,卖盘
1118,13:14:09,6.0,0.01,53,31800,买盘
1119,13:14:21,5.99,-0.01,201,120399,卖盘
1120,13:14:24,6.0,0.01,15,9000,买盘
1121,13:14:27,5.99,-0.01,84,50316,卖盘
1122,13:14:31,6.0,0.01,8,4800,买盘
1123,13:15:21,6.0,0.0,200,120000,买盘
1124,13:15:27,5.99,-0.01,152,91048,卖盘
1125,13:15:30,5.99,0.0,6,3594,卖盘
1126,13:15:48,5.98,-0.01,50,29900,卖盘
1127,13:15:54,5.99,0.01,69,41331,买盘
1128,13:17:15,5.99,0.0,43,25757,卖盘
1129,13:17:21,5.98,-0.01,500,299000,卖盘
1130,13:17:27,5.98,0.0,381,227838,卖盘
1131,13:17:30,5.98,0.0,10,5980,卖盘
1132,13:17:33,5.98,0.0,42,25116,卖盘
1133,13:17:36,5.98,0.0,1,598,卖盘
1134,13:17:39,5.97,-0.01,76,45388,卖盘
1135,13:17:54,5.97,0.0,46,27462,卖盘
1136,13:18:24,5.97,0.0,22,13134,买盘
1137,13:18:27,5.97,0.0,20,11925,买盘
1138,13:18:30,5.97,0.0,10,5970,买盘
1139,13:18:33,5.97,0.0,11,6567,买盘
1140,13:18:36,5.96,-0.01,33,19687,卖盘
1141,13:18:42,5.96,0.0,52,30992,卖盘
1142,13:19:24,5.96,0.0,120,71520,卖盘
1143,13:19:36,5.96,0.0,40,23840,卖盘
1144,13:20:21,5.96,0.0,7,4172,卖盘
1145,13:20:30,5.97,0.01,8,4776,买盘
1146,13:20:49,5.97,0.0,6,3582,买盘
1147,13:21:03,5.96,-0.01,20,11920,卖盘
1148,13:21:33,5.96,0.0,46,27416,卖盘
1149,13:21:48,5.95,-0.01,29,17255,卖盘
1150,13:22:00,5.95,0.0,100,59500,卖盘
1151,13:22:18,5.95,0.0,33,19635,卖盘
1152,13:23:51,5.95,0.0,5,2975,卖盘
1153,13:24:12,5.95,0.0,50,29750,卖盘
1154,13:24:27,5.97,0.02,59,35181,买盘
1155,13:24:39,5.95,-0.02,1,595,卖盘
1156,13:24:45,5.97,0.02,7,4179,买盘
1157,13:24:51,5.95,-0.02,40,23800,卖盘
1158,13:24:54,5.95,0.0,39,23205,卖盘
1159,13:24:57,5.97,0.02,10,5966,买盘
1160,13:25:36,5.97,0.0,8,4776,买盘
1161,13:25:45,5.97,0.0,13,7761,买盘
1162,13:26:03,5.97,0.0,8,4776,买盘
1163,13:26:24,5.95,-0.02,129,76755,卖盘
1164,13:26:36,5.95,0.0,7,4165,买盘
1165,13:26:39,5.94,-0.01,34,20196,卖盘
1166,13:26:42,5.94,0.0,300,178200,卖盘
1167,13:26:45,5.95,0.01,6,3570,买盘
1168,13:26:51,5.94,-0.01,20,11880,卖盘
1169,13:26:54,5.94,0.0,104,61776,卖盘
1170,13:27:03,5.94,0.0,5,2970,卖盘
1171,13:27:18,5.94,0.0,113,67122,卖盘
1172,13:27:30,5.93,-0.01,546,323778,卖盘
1173,13:27:36,5.93,0.0,10,5930,卖盘
1174,13:27:39,5.93,0.0,8,4744,卖盘
1175,13:27:42,5.93,0.0,80,47440,卖盘
1176,13:27:45,5.93,0.0,133,78869,卖盘
1177,13:27:54,5.94,0.01,258,153215,买盘
1178,13:28:00,5.94,0.0,30,17820,卖盘
1179,13:28:04,5.94,0.0,33,19602,卖盘
1180,13:28:12,5.93,-0.01,50,29650,卖盘
1181,13:28:24,5.93,0.0,52,30836,卖盘
1182,13:28:30,5.92,-0.01,35,20720,卖盘
1183,13:28:39,5.93,0.01,10,5930,买盘
1184,13:28:45,5.93,0.0,10,5930,买盘
1185,13:28:48,5.93,0.0,11,6523,买盘
1186,13:29:00,5.93,0.0,6,3558,买盘
1187,13:29:04,5.93,0.0,30,17790,买盘
1188,13:29:09,5.93,0.0,2,1186,买盘
1189,13:29:15,5.93,0.0,20,11860,买盘
1190,13:29:21,5.93,0.0,40,23720,买盘
1191,13:29:24,5.94,0.01,30,17820,买盘
1192,13:29:27,5.93,-0.01,48,28464,卖盘
1193,13:29:51,5.93,0.0,37,21941,卖盘
1194,13:29:54,5.93,0.0,1,593,买盘
1195,13:30:01,5.93,0.0,90,53370,买盘
1196,13:30:04,5.94,0.01,13,7722,买盘
1197,13:30:09,5.93,-0.01,53,31429,卖盘
1198,13:30:18,5.93,0.0,80,47440,卖盘
1199,13:30:24,5.93,0.0,120,71160,卖盘
1200,13:30:33,5.93,0.0,71,42103,卖盘
1201,13:31:09,5.93,0.0,29,17197,卖盘
1202,13:31:31,5.93,0.0,10,5930,卖盘
1203,13:31:45,5.93,0.0,1,593,卖盘
1204,13:32:12,5.93,0.0,80,47440,卖盘
1205,13:32:31,5.93,0.0,40,23720,卖盘
1206,13:32:45,5.93,0.0,8,4744,卖盘
1207,13:32:48,5.93,0.0,200,118600,卖盘
1208,13:32:54,5.93,0.0,80,47440,卖盘
1209,13:32:57,5.93,0.0,69,40917,卖盘
1210,13:33:09,5.93,0.0,6,3558,卖盘
1211,13:33:18,5.93,0.0,50,29650,卖盘
1212,13:33:24,5.93,0.0,53,31429,卖盘
1213,13:33:27,5.93,0.0,147,87171,买盘
1214,13:33:30,5.93,0.0,46,27278,卖盘
1215,13:33:42,5.93,0.0,45,26685,卖盘
1216,13:33:45,5.93,0.0,1,593,买盘
1217,13:33:57,5.93,0.0,70,41510,买盘
1218,13:34:03,5.93,0.0,88,52184,卖盘
1219,13:34:09,5.93,0.0,15,8895,卖盘
1220,13:34:21,5.93,0.0,59,35000,卖盘
1221,13:34:39,5.94,0.01,5,2970,买盘
1222,13:34:45,5.93,-0.01,5,2965,卖盘
1223,13:34:51,5.94,0.01,6,3564,买盘
1224,13:35:07,5.93,-0.01,5,2965,卖盘
1225,13:35:10,5.93,0.0,200,118600,卖盘
1226,13:35:12,5.94,0.01,1,594,买盘
1227,13:35:21,5.94,0.0,30,17820,买盘
1228,13:35:30,5.94,0.0,4,2376,买盘
1229,13:35:33,5.94,0.0,108,64152,买盘
1230,13:35:36,5.94,0.0,81,48034,买盘
1231,13:35:39,5.94,0.0,7,4158,买盘
1232,13:35:45,5.94,0.0,28,16632,买盘
1233,13:35:51,5.94,0.0,89,52783,买盘
1234,13:36:00,5.94,0.0,13,7722,买盘
1235,13:36:06,5.93,-0.01,220,130460,卖盘
1236,13:36:09,5.94,0.01,2,1188,买盘
1237,13:36:15,5.94,0.0,11,6534,买盘
1238,13:36:18,5.94,0.0,61,35996,买盘
1239,13:36:21,5.93,-0.01,200,118674,卖盘
1240,13:36:24,5.95,0.02,28,16660,买盘
1241,13:36:33,5.95,0.0,34,20230,买盘
1242,13:36:40,5.95,0.0,5,2975,买盘
1243,13:36:48,5.93,-0.02,97,57535,卖盘
1244,13:36:57,5.94,0.01,15,8910,买盘
1245,13:37:03,5.94,0.0,35,20790,买盘
1246,13:37:06,5.94,0.0,1,594,卖盘
1247,13:37:09,5.94,0.0,20,11880,卖盘
1248,13:37:12,5.95,0.01,5,2975,买盘
1249,13:37:18,5.93,-0.02,79,46900,卖盘
1250,13:37:21,5.95,0.02,4,2380,买盘
1251,13:37:27,5.95,0.0,12,7140,买盘
1252,13:37:36,5.95,0.0,6,3570,买盘
1253,13:37:42,5.94,-0.01,15,8910,卖盘
1254,13:37:45,5.94,0.0,2,1188,买盘
1255,13:37:51,5.95,0.01,3,1785,买盘
1256,13:37:57,5.95,0.0,11,6545,买盘
1257,13:38:00,5.94,-0.01,40,23760,卖盘
1258,13:38:06,5.94,0.0,61,36234,卖盘
1259,13:38:09,5.95,0.01,8,4755,买盘
1260,13:38:15,5.95,0.0,10,5950,买盘
1261,13:38:24,5.95,0.0,2,1190,买盘
1262,13:38:33,5.95,0.0,86,51170,买盘
1263,13:38:36,5.95,0.0,13,7735,买盘
1264,13:38:39,5.95,0.0,15,8925,买盘
1265,13:38:49,5.95,0.0,2,1190,买盘
1266,13:38:54,5.95,0.0,8,4760,买盘
1267,13:39:00,5.94,-0.01,62,36828,卖盘
1268,13:39:03,5.95,0.01,11,6545,买盘
1269,13:39:12,5.95,0.0,1,595,买盘
1270,13:39:15,5.96,0.01,8,4761,买盘
1271,13:39:21,5.95,-0.01,1,595,买盘
1272,13:39:27,5.95,0.0,1,595,买盘
1273,13:40:00,5.94,-0.01,58,34452,卖盘
1274,13:40:04,5.94,0.0,1,594,买盘
1275,13:40:09,5.94,0.0,9,5346,买盘
1276,13:40:12,5.94,0.0,7,4158,买盘
1277,13:40:15,5.95,0.01,2,1190,买盘
1278,13:40:19,5.93,-0.02,38,22562,卖盘
1279,13:40:25,5.95,0.02,6,3570,买盘
1280,13:40:33,5.95,0.0,1,595,买盘
1281,13:40:42,5.95,0.0,8,4760,买盘
1282,13:40:45,5.95,0.0,27,16065,买盘
1283,13:40:48,5.96,0.01,6,3576,买盘
1284,13:40:51,5.96,0.0,3,1788,买盘
1285,13:40:54,5.95,-0.01,19,11305,卖盘
1286,13:40:57,5.96,0.01,5,2980,买盘
1287,13:41:06,5.96,0.0,4,2384,买盘
1288,13:41:21,5.96,0.0,7,4172,买盘
1289,13:41:31,5.96,0.0,63,37548,买盘
1290,13:41:36,5.96,0.0,16,9536,买盘
1291,13:41:45,5.95,-0.01,29,17257,卖盘
1292,13:41:48,5.95,0.0,1,595,卖盘
1293,13:41:54,5.95,0.0,9,5360,卖盘
1294,13:42:01,5.95,0.0,1,595,买盘
1295,13:42:16,5.95,0.0,136,80796,买盘
1296,13:42:28,5.95,0.0,20,11900,买盘
1297,13:42:30,5.93,-0.02,30,17790,卖盘
1298,13:42:33,5.94,0.01,11,6534,中性盘
1299,13:42:36,5.94,0.0,16,9504,买盘
1300,13:42:43,5.95,0.01,9,5355,买盘
1301,13:42:48,5.95,0.0,1,595,买盘
1302,13:42:54,5.95,0.0,14,8330,买盘
1303,13:42:57,5.95,0.0,1,595,买盘
1304,13:43:01,5.95,0.0,66,39270,买盘
1305,13:43:06,5.95,0.0,12,7140,买盘
1306,13:43:09,5.94,-0.01,40,23760,卖盘
1307,13:43:13,5.95,0.01,1,595,买盘
1308,13:43:15,5.95,0.0,10,5950,买盘
1309,13:43:21,5.95,0.0,8,4760,买盘
1310,13:43:30,5.95,0.0,9,5355,买盘
1311,13:43:34,5.95,0.0,2,1190,买盘
1312,13:43:37,5.95,0.0,2,1190,中性盘
1313,13:43:39,5.94,-0.01,1,594,卖盘
1314,13:43:45,5.95,0.01,68,40460,买盘
1315,13:43:55,5.95,0.0,1,595,买盘
1316,13:44:00,5.95,0.0,10,5950,卖盘
1317,13:44:10,5.95,0.0,1,595,买盘
1318,13:44:30,5.95,0.0,10,5950,买盘
1319,13:44:42,5.94,-0.01,4,2378,卖盘
1320,13:44:48,5.95,0.01,1,595,买盘
1321,13:44:51,5.94,-0.01,100,59400,卖盘
1322,13:44:58,5.95,0.01,15,8925,买盘
1323,13:45:07,5.95,0.0,2,1190,买盘
1324,13:45:12,5.94,-0.01,27,16038,卖盘
1325,13:45:15,5.94,0.0,8,4752,买盘
1326,13:45:21,5.94,0.0,5,2970,买盘
1327,13:45:30,5.94,0.0,1,594,买盘
1328,13:46:04,5.93,-0.01,136,80648,卖盘
1329,13:46:09,5.95,0.02,21,12495,买盘
1330,13:46:15,5.93,-0.02,45,26685,卖盘
1331,13:46:18,5.93,0.0,79,46853,卖盘
1332,13:46:27,5.95,0.02,19,11305,买盘
1333,13:46:33,5.95,0.0,2,1190,买盘
1334,13:46:36,5.94,-0.01,17,10098,卖盘
1335,13:46:42,5.94,0.0,3,1782,买盘
1336,13:46:48,5.94,0.0,1,594,买盘
1337,13:47:12,5.94,0.0,23,13662,买盘
1338,13:47:19,5.93,-0.01,26,15418,卖盘
1339,13:47:22,5.94,0.01,3,1782,买盘
1340,13:47:30,5.95,0.01,13,7725,买盘
1341,13:47:36,5.95,0.0,2,1190,买盘
1342,13:47:58,5.94,-0.01,2,1188,卖盘
1343,13:48:18,5.93,-0.01,28,16604,卖盘
1344,13:48:27,5.94,0.01,73,43362,买盘
1345,13:48:30,5.95,0.01,5,2975,买盘
1346,13:48:36,5.95,0.0,11,6545,买盘
1347,13:48:42,5.95,0.0,3,1785,买盘
1348,13:48:54,5.94,-0.01,43,25542,卖盘
1349,13:48:57,5.94,0.0,8,4752,买盘
1350,13:49:01,5.94,0.0,11,6534,买盘
1351,13:49:06,5.93,-0.01,78,46256,卖盘
1352,13:49:15,5.94,0.01,12,7128,买盘
1353,13:49:22,5.94,0.0,46,27288,买盘
1354,13:49:31,5.94,0.0,7,4158,买盘
1355,13:49:34,5.94,0.0,2,1188,买盘
1356,13:49:39,5.94,0.0,1,594,买盘
1357,13:49:42,5.93,-0.01,300,177900,卖盘
1358,13:49:45,5.94,0.01,105,62370,买盘
1359,13:49:54,5.95,0.01,16,9520,买盘
1360,13:49:57,5.94,-0.01,1,594,卖盘
1361,13:50:03,5.94,0.0,3,1782,买盘
1362,13:50:09,5.93,-0.01,200,118600,卖盘
1363,13:50:18,5.94,0.01,30,17820,买盘
1364,13:50:21,5.93,-0.01,72,42696,卖盘
1365,13:50:27,5.94,0.01,92,54648,买盘
1366,13:50:30,5.94,0.0,8,4752,买盘
1367,13:50:36,5.94,0.0,14,8316,买盘
1368,13:50:42,5.94,0.0,19,11286,买盘
1369,13:50:45,5.94,0.0,20,11880,卖盘
1370,13:50:51,5.95,0.01,5,2975,买盘
1371,13:50:57,5.95,0.0,1,595,买盘
1372,13:51:09,5.95,0.0,73,43435,买盘
1373,13:51:15,5.95,0.0,11,6545,买盘
1374,13:51:21,5.95,0.0,2,1190,买盘
1375,13:51:27,5.95,0.0,15,8923,买盘
1376,13:51:31,5.94,-0.01,28,16632,卖盘
1377,13:51:34,5.94,0.0,1,594,买盘
1378,13:51:36,5.94,0.0,15,8910,买盘
1379,13:51:45,5.95,0.01,2,1190,买盘
1380,13:51:54,5.95,0.0,29,17255,买盘
1381,13:51:57,5.95,0.0,44,26180,卖盘
1382,13:52:03,5.96,0.01,11,6556,买盘
1383,13:52:09,5.96,0.0,2,1192,买盘
1384,13:52:27,5.96,0.0,164,97744,买盘
1385,13:52:36,5.97,0.01,25,14925,买盘
1386,13:52:39,5.94,-0.03,118,70325,卖盘
1387,13:52:42,5.94,0.0,11,6534,买盘
1388,13:52:48,5.94,0.0,31,18414,买盘
1389,13:52:57,5.97,0.03,5,2985,买盘
1390,13:53:00,5.98,0.01,600,358645,买盘
1391,13:53:06,5.98,0.0,41,24518,买盘
1392,13:53:09,5.94,-0.04,147,87548,卖盘
1393,13:53:12,5.94,0.0,67,39798,买盘
1394,13:53:15,5.98,0.04,171,102258,卖盘
1395,13:53:18,5.98,0.0,1,598,卖盘
1396,13:53:21,5.99,0.01,37,22161,买盘
1397,13:53:24,5.98,-0.01,71,42458,卖盘
1398,13:53:27,5.99,0.01,58,34742,买盘
1399,13:53:30,5.99,0.0,6,3594,买盘
1400,13:53:33,5.98,-0.01,3,1794,卖盘
1401,13:53:36,5.98,0.0,43,25714,卖盘
1402,13:53:39,5.99,0.01,21,12579,买盘
1403,13:53:42,5.98,-0.01,49,29302,卖盘
1404,13:53:45,5.99,0.01,17,10183,买盘
1405,13:53:48,5.98,-0.01,214,127972,卖盘
1406,13:53:54,5.98,0.0,34,20332,中性盘
1407,13:54:00,5.94,-0.04,84,49896,卖盘
1408,13:54:04,5.98,0.04,5,2990,买盘
1409,13:54:09,5.98,0.0,14,8372,买盘
1410,13:54:12,5.98,0.0,12,7176,买盘
1411,13:54:18,5.99,0.01,4,2396,买盘
1412,13:55:04,5.98,-0.01,10,5980,买盘
1413,13:55:09,5.96,-0.02,3,1788,卖盘
1414,13:55:15,5.97,0.01,2,1194,买盘
1415,13:55:27,5.97,0.0,35,20895,买盘
1416,13:55:34,5.97,0.0,6,3582,买盘
1417,13:55:39,5.97,0.0,1,597,买盘
1418,13:55:42,5.94,-0.03,42,24948,卖盘
1419,13:55:48,5.97,0.03,6,3582,买盘
1420,13:55:54,5.97,0.0,1,597,买盘
1421,13:57:01,5.97,0.0,7,4179,买盘
1422,13:57:06,5.97,0.0,1,597,买盘
1423,13:58:15,5.97,0.0,8,4769,买盘
1424,13:58:24,5.95,-0.02,1,595,卖盘
1425,13:58:27,5.96,0.01,1,596,买盘
1426,13:58:36,5.96,0.0,1,596,买盘
1427,13:59:06,5.96,0.0,1,596,买盘
1428,13:59:33,5.94,-0.02,302,179518,卖盘
1429,13:59:39,5.95,0.01,45,26775,买盘
1430,13:59:42,5.94,-0.01,112,66530,卖盘
1431,13:59:48,5.95,0.01,7,4165,买盘
1432,13:59:51,5.95,0.0,27,16065,买盘
1433,13:59:57,5.95,0.0,22,13090,买盘
1434,14:00:04,5.95,0.0,17,10115,买盘
1435,14:00:06,5.95,0.0,20,11900,卖盘
1436,14:00:13,5.96,0.01,6,3576,买盘
1437,14:00:16,5.95,-0.01,58,34551,卖盘
1438,14:00:18,5.95,0.0,3,1785,买盘
1439,14:00:21,5.95,0.0,26,15470,买盘
1440,14:00:30,5.95,0.0,46,27408,卖盘
1441,14:00:36,5.96,0.01,7,4172,买盘
1442,14:00:45,5.96,0.0,1,596,买盘
1443,14:01:21,5.95,-0.01,69,41055,买盘
1444,14:01:24,5.95,0.0,18,10710,买盘
1445,14:01:30,5.95,0.0,57,33915,卖盘
1446,14:01:33,5.96,0.01,13,7748,买盘
1447,14:01:39,5.96,0.0,60,35760,买盘
1448,14:01:48,5.97,0.01,9,5373,买盘
1449,14:01:57,5.96,-0.01,2,1192,买盘
1450,14:02:00,5.95,-0.01,30,17850,卖盘
1451,14:02:03,5.96,0.01,5,2980,买盘
1452,14:02:16,5.95,-0.01,3,1785,卖盘
1453,14:02:21,5.96,0.01,1,596,买盘
1454,14:03:10,5.95,-0.01,88,52360,卖盘
1455,14:03:13,5.95,0.0,78,46410,买盘
1456,14:03:15,5.95,0.0,25,14875,买盘
1457,14:03:24,5.94,-0.01,87,51749,卖盘
1458,14:03:33,5.96,0.02,13,7748,买盘
1459,14:03:40,5.96,0.0,2,1192,买盘
1460,14:03:42,5.95,-0.01,4,2380,卖盘
1461,14:03:57,5.95,0.0,77,45881,卖盘
1462,14:04:04,5.96,0.01,7,4172,买盘
1463,14:04:06,5.96,0.0,4,2384,卖盘
1464,14:04:09,5.95,-0.01,2,1190,卖盘
1465,14:04:13,5.97,0.02,2,1194,买盘
1466,14:04:21,5.97,0.0,14,8358,买盘
1467,14:04:27,5.95,-0.02,4,2380,卖盘
1468,14:04:30,5.95,0.0,2,1190,买盘
1469,14:04:33,5.95,0.0,7,4165,买盘
1470,14:04:39,5.95,0.0,20,11900,买盘
1471,14:04:42,5.97,0.02,39,23281,买盘
1472,14:04:48,5.97,0.0,9,5373,买盘
1473,14:04:54,5.97,0.0,2,1194,买盘
1474,14:05:27,5.97,0.0,79,47163,买盘
1475,14:05:34,5.97,0.0,12,7164,买盘
1476,14:05:40,5.95,-0.02,47,27965,卖盘
1477,14:05:42,5.97,0.02,2,1194,买盘
1478,14:05:51,5.97,0.0,7,4179,买盘
1479,14:05:57,5.97,0.0,1,597,买盘
1480,14:06:06,5.97,0.0,7,4179,买盘
1481,14:06:15,5.97,0.0,60,35820,买盘
1482,14:06:21,5.97,0.0,9,5373,买盘
1483,14:06:24,5.95,-0.02,200,119000,卖盘
1484,14:06:30,5.97,0.02,31,18507,买盘
1485,14:06:33,5.94,-0.03,100,59414,卖盘
1486,14:06:39,5.97,0.03,20,11940,买盘
1487,14:06:45,5.97,0.0,3,1791,买盘
1488,14:06:54,5.97,0.0,1,597,买盘
1489,14:07:18,5.97,0.0,8,4776,买盘
1490,14:07:21,5.95,-0.02,20,11900,卖盘
1491,14:07:27,5.97,0.02,4,2388,买盘
1492,14:07:36,5.95,-0.02,3,1787,卖盘
1493,14:07:48,5.97,0.02,7,4179,买盘
1494,14:08:00,5.97,0.0,9,5373,买盘
1495,14:08:06,5.97,0.0,1,597,买盘
1496,14:08:12,5.97,0.0,8,4776,买盘
1497,14:08:15,5.97,0.0,1,597,买盘
1498,14:08:21,5.95,-0.02,24,14280,卖盘
1499,14:08:25,5.95,0.0,1,595,买盘
1500,14:08:30,5.95,0.0,4,2380,买盘
1501,14:08:33,5.95,0.0,6,3570,买盘
1502,14:08:39,5.97,0.02,1,597,买盘
1503,14:08:51,5.97,0.0,7,4179,买盘
1504,14:08:54,5.97,0.0,1,597,买盘
1505,14:08:57,5.97,0.0,8,4776,买盘
1506,14:09:04,5.97,0.0,2,1194,买盘
1507,14:09:12,5.95,-0.02,8,4760,卖盘
1508,14:09:18,5.97,0.02,1,597,买盘
1509,14:09:30,5.97,0.0,8,4776,买盘
1510,14:09:36,5.97,0.0,2,1194,买盘
1511,14:10:09,5.96,-0.01,10,5960,买盘
1512,14:10:15,5.96,0.0,23,13688,买盘
1513,14:10:24,5.96,0.0,4,2384,买盘
1514,14:10:39,5.96,0.0,8,4768,买盘
1515,14:10:48,5.96,0.0,2,1192,买盘
1516,14:10:51,5.95,-0.01,17,10117,卖盘
1517,14:10:54,5.95,0.0,5,2975,卖盘
1518,14:11:03,5.96,0.01,3,1788,买盘
1519,14:11:12,5.96,0.0,1,596,买盘
1520,14:11:15,5.95,-0.01,13,7735,卖盘
1521,14:11:27,5.95,0.0,27,16065,买盘
1522,14:11:36,5.96,0.01,4,2384,买盘
1523,14:11:39,5.96,0.0,6,3576,买盘
1524,14:11:51,5.96,0.0,1,596,买盘
1525,14:11:57,5.96,0.0,27,16092,买盘
1526,14:12:00,5.96,0.0,47,28012,卖盘
1527,14:12:06,5.97,0.01,12,7164,买盘
1528,14:12:15,5.97,0.0,1,597,买盘
1529,14:12:27,5.97,0.0,7,4179,买盘
1530,14:12:39,5.97,0.0,2,1194,买盘
1531,14:12:42,5.97,0.0,67,39999,买盘
1532,14:12:48,5.97,0.0,10,5970,买盘
1533,14:12:54,5.97,0.0,14,8358,买盘
1534,14:13:00,5.95,-0.02,62,36890,卖盘
1535,14:13:04,5.97,0.02,2,1194,买盘
1536,14:13:12,5.97,0.0,10,5970,买盘
1537,14:13:21,5.97,0.0,2,1194,买盘
1538,14:13:27,5.97,0.0,65,38805,买盘
1539,14:13:33,5.97,0.0,23,13701,买盘
1540,14:13:37,5.97,0.0,10,5970,买盘
1541,14:13:45,5.97,0.0,5,2985,买盘
1542,14:13:48,5.96,-0.01,2,1192,卖盘
1543,14:13:52,5.97,0.01,2,1194,买盘
1544,14:14:00,5.97,0.0,1,597,买盘
1545,14:14:09,5.97,0.0,39,23283,买盘
1546,14:14:12,5.97,0.0,38,22686,卖盘
1547,14:14:15,5.98,0.01,39,23236,买盘
1548,14:14:24,5.95,-0.03,28,16660,卖盘
1549,14:14:30,5.95,0.0,8,4760,买盘
1550,14:14:33,5.95,0.0,5,2975,买盘
1551,14:14:36,5.95,0.0,26,15470,买盘
1552,14:14:39,5.97,0.02,6,3582,买盘
1553,14:14:42,5.95,-0.02,6,3570,卖盘
1554,14:14:48,5.95,0.0,1,595,买盘
1555,14:14:57,5.95,0.0,53,31535,买盘
1556,14:15:03,5.97,0.02,8,4776,买盘
1557,14:15:10,5.95,-0.02,21,12495,卖盘
1558,14:15:13,5.95,0.0,2,1190,买盘
1559,14:15:15,5.95,0.0,20,11900,买盘
1560,14:15:21,5.97,0.02,6,3582,买盘
1561,14:15:27,5.97,0.0,1,597,买盘
1562,14:15:36,5.95,-0.02,15,8925,卖盘
1563,14:15:39,5.95,0.0,2,1190,买盘
1564,14:15:42,5.95,0.0,2,1190,买盘
1565,14:15:45,5.95,0.0,3,1785,买盘
1566,14:16:01,5.97,0.02,1,597,买盘
1567,14:16:09,5.97,0.0,1,597,买盘
1568,14:16:12,5.97,0.0,6,3582,买盘
1569,14:16:18,5.97,0.0,1,597,买盘
1570,14:16:24,5.95,-0.02,50,29750,卖盘
1571,14:16:33,5.95,0.0,7,4165,买盘
1572,14:16:39,5.95,0.0,1,595,买盘
1573,14:16:46,5.94,-0.01,35,20790,卖盘
1574,14:16:57,5.95,0.01,15,8925,买盘
1575,14:17:00,5.94,-0.01,13,7722,卖盘
1576,14:17:04,5.95,0.01,10,5950,买盘
1577,14:17:12,5.95,0.0,14,8330,买盘
1578,14:17:22,5.95,0.0,3,1785,买盘
1579,14:17:43,5.95,0.0,2,1190,买盘
1580,14:17:46,5.95,0.0,3,1785,买盘
1581,14:17:51,5.95,0.0,11,6545,买盘
1582,14:18:00,5.95,0.0,1,595,买盘
1583,14:18:09,5.95,0.0,1,595,买盘
1584,14:18:30,5.95,0.0,1,595,买盘
1585,14:18:39,5.95,0.0,8,4760,买盘
1586,14:18:48,5.95,0.0,1,595,买盘
1587,14:19:09,5.95,0.0,3,1785,买盘
1588,14:19:22,5.95,0.0,1,595,买盘
1589,14:19:36,5.95,0.0,8,4760,买盘
1590,14:19:45,5.95,0.0,1,595,买盘
1591,14:19:54,5.94,-0.01,33,19602,卖盘
1592,14:20:01,5.95,0.01,6,3570,买盘
1593,14:20:09,5.95,0.0,1,595,买盘
1594,14:20:34,5.95,0.0,5,2975,买盘
1595,14:20:42,5.95,0.0,1,595,买盘
1596,14:21:00,5.94,-0.01,16,9504,卖盘
1597,14:21:03,5.95,0.01,2,1190,买盘
1598,14:21:06,5.95,0.0,2,1190,买盘
1599,14:21:12,5.95,0.0,1,595,买盘
1600,14:21:27,5.95,0.0,33,19635,买盘
1601,14:21:36,5.95,0.0,5,2975,买盘
1602,14:21:39,5.95,0.0,3,1785,买盘
1603,14:21:45,5.95,0.0,1,595,买盘
1604,14:22:09,5.95,0.0,64,38080,买盘
1605,14:22:15,5.95,0.0,23,13685,买盘
1606,14:22:18,5.94,-0.01,56,33274,卖盘
1607,14:22:24,5.95,0.01,12,7140,买盘
1608,14:22:30,5.95,0.0,1,595,买盘
1609,14:22:33,5.95,0.0,2,1190,买盘
1610,14:22:57,5.95,0.0,70,41650,买盘
1611,14:23:00,5.95,0.0,3,1785,买盘
1612,14:23:03,5.95,0.0,2,1190,买盘
1613,14:23:06,5.97,0.02,17,10125,买盘
1614,14:23:09,5.94,-0.03,41,24354,卖盘
1615,14:23:12,5.97,0.03,3,1791,买盘
1616,14:23:22,5.97,0.0,7,4179,买盘
1617,14:23:30,5.97,0.0,1,597,买盘
1618,14:23:39,5.97,0.0,74,44178,买盘
1619,14:23:45,5.97,0.0,18,10746,买盘
1620,14:23:48,5.95,-0.02,6,3570,卖盘
1621,14:23:51,5.95,0.0,34,20230,卖盘
1622,14:23:54,5.95,0.0,11,6545,买盘
1623,14:23:57,5.95,0.0,55,32671,买盘
1624,14:24:00,5.95,0.0,7,4165,买盘
1625,14:24:06,5.95,0.0,1,595,买盘
1626,14:24:09,5.95,0.0,10,5950,买盘
1627,14:24:18,5.95,0.0,7,4165,买盘
1628,14:24:24,5.95,0.0,63,37485,买盘
1629,14:24:34,5.95,0.0,10,5950,买盘
1630,14:24:42,5.95,0.0,1,595,买盘
1631,14:24:51,5.95,0.0,3,1785,买盘
1632,14:24:54,5.94,-0.01,37,21978,卖盘
1633,14:24:57,5.95,0.01,1,595,买盘
1634,14:25:07,5.95,0.0,5,2975,买盘
1635,14:25:09,5.95,0.0,26,15470,买盘
1636,14:25:13,5.95,0.0,20,11900,买盘
1637,14:25:15,5.95,0.0,10,5950,卖盘
1638,14:25:22,5.97,0.02,5,2985,买盘
1639,14:25:24,5.97,0.0,48,28576,买盘
1640,14:25:37,5.97,0.0,8,4776,买盘
1641,14:25:45,5.97,0.0,15,8955,买盘
1642,14:25:54,5.97,0.0,11,6567,买盘
1643,14:25:58,5.97,0.0,4,2388,买盘
1644,14:26:01,5.97,0.0,2,1194,买盘
1645,14:26:09,5.97,0.0,1,597,买盘
1646,14:26:18,5.95,-0.02,20,11906,卖盘
1647,14:26:27,5.95,0.0,3,1785,买盘
1648,14:27:10,5.95,0.0,12,7140,买盘
1649,14:27:15,5.97,0.02,2,1194,买盘
1650,14:27:39,5.97,0.0,7,4179,买盘
1651,14:27:45,5.96,-0.01,1,596,中性盘
1652,14:27:48,5.95,-0.01,16,9520,卖盘
1653,14:27:54,5.96,0.01,3,1788,买盘
1654,14:28:04,5.94,-0.02,38,22572,卖盘
1655,14:28:09,5.96,0.02,6,3576,买盘
1656,14:28:18,5.96,0.0,1,596,买盘
1657,14:29:03,5.94,-0.02,45,26730,卖盘
1658,14:29:06,5.94,0.0,11,6534,买盘
1659,14:29:13,5.93,-0.01,17,10081,卖盘
1660,14:29:15,5.94,0.01,17,10098,买盘
1661,14:29:21,5.94,0.0,6,3564,买盘
1662,14:29:27,5.93,-0.01,36,21348,卖盘
1663,14:29:40,5.93,0.0,298,176720,卖盘
1664,14:29:43,5.94,0.01,10,5940,买盘
1665,14:29:46,5.94,0.0,45,26730,买盘
1666,14:29:48,5.93,-0.01,1,593,卖盘
1667,14:29:51,5.94,0.01,154,91374,买盘
1668,14:29:54,5.94,0.0,8,4752,买盘
1669,14:30:00,5.93,-0.01,200,118600,卖盘
1670,14:30:04,5.94,0.01,6,3564,买盘
1671,14:30:09,5.95,0.01,136,80712,买盘
1672,14:30:13,5.96,0.01,8,4763,买盘
1673,14:30:18,5.96,0.0,10,5960,买盘
1674,14:30:28,5.97,0.01,1,597,买盘
1675,14:30:33,5.96,-0.01,3,1788,卖盘
1676,14:30:43,5.97,0.01,1,597,买盘
1677,14:30:58,5.95,-0.02,1,595,卖盘
1678,14:31:00,5.97,0.02,80,47760,买盘
1679,14:31:06,5.97,0.0,12,7164,买盘
1680,14:31:15,5.97,0.0,2,1194,买盘
1681,14:31:18,5.95,-0.02,51,30345,卖盘
1682,14:31:30,5.97,0.02,8,4776,买盘
1683,14:31:39,5.97,0.0,1,597,买盘
1684,14:31:45,5.97,0.0,70,41790,买盘
1685,14:31:54,5.97,0.0,11,6567,买盘
1686,14:32:04,5.97,0.0,1,597,买盘
1687,14:32:09,5.97,0.0,1,597,买盘
1688,14:32:15,5.96,-0.01,3,1788,买盘
1689,14:32:27,5.96,0.0,10,5960,买盘
1690,14:32:30,5.96,0.0,25,14900,买盘
1691,14:32:36,5.96,0.0,5,2980,买盘
1692,14:32:42,5.96,0.0,45,26776,买盘
1693,14:32:48,5.96,0.0,9,5364,买盘
1694,14:32:51,5.96,0.0,7,4172,买盘
1695,14:33:01,5.96,0.0,2,1192,买盘
1696,14:33:06,5.96,0.0,1,596,买盘
1697,14:33:21,5.95,-0.01,73,43435,卖盘
1698,14:33:30,5.95,0.0,11,6545,买盘
1699,14:33:36,5.94,-0.01,65,38610,卖盘
1700,14:33:39,5.95,0.01,1,595,买盘
1701,14:33:48,5.94,-0.01,68,40402,卖盘
1702,14:33:51,5.94,0.0,15,8910,卖盘
1703,14:33:54,5.94,0.0,12,7138,卖盘
1704,14:34:04,5.94,0.0,31,18414,买盘
1705,14:34:12,5.93,-0.01,204,120976,卖盘
1706,14:34:18,5.93,0.0,249,147894,卖盘
1707,14:34:27,5.93,0.0,78,46017,买盘
1708,14:34:37,5.94,0.01,12,7128,买盘
1709,14:34:42,5.94,0.0,2,1188,买盘
1710,14:35:28,5.93,-0.01,131,77922,卖盘
1711,14:35:39,5.93,0.0,20,11860,买盘
1712,14:35:49,5.93,0.0,3,1779,买盘
1713,14:35:51,5.93,0.0,30,17790,买盘
1714,14:36:04,5.93,0.0,5,2965,买盘
1715,14:36:13,5.93,0.0,200,118600,买盘
1716,14:36:15,5.93,0.0,10,5930,买盘
1717,14:36:18,5.93,0.0,30,17790,买盘
1718,14:36:24,5.92,-0.01,20,11840,卖盘
1719,14:36:27,5.93,0.01,8,4744,买盘
1720,14:36:36,5.93,0.0,15,8895,买盘
1721,14:36:39,5.93,0.0,12,6879,买盘
1722,14:36:42,5.94,0.01,4,2376,买盘
1723,14:37:12,5.94,0.0,28,16632,买盘
1724,14:37:15,5.93,-0.01,86,51020,卖盘
1725,14:37:24,5.95,0.02,17,10115,买盘
1726,14:37:30,5.95,0.0,3,1785,买盘
1727,14:37:42,5.92,-0.03,400,236805,卖盘
1728,14:37:48,5.95,0.03,60,35700,买盘
1729,14:37:51,5.93,-0.02,90,53370,卖盘
1730,14:37:55,5.93,0.0,23,13639,买盘
1731,14:38:04,5.93,0.0,3,1779,买盘
1732,14:38:12,5.93,0.0,1,593,买盘
1733,14:38:15,5.92,-0.01,5,2960,卖盘
1734,14:38:28,5.93,0.01,11,6523,买盘
1735,14:38:36,5.92,-0.01,6,3553,卖盘
1736,14:38:45,5.93,0.01,1,593,买盘
1737,14:38:54,5.92,-0.01,6,3552,卖盘
1738,14:39:00,5.93,0.01,1,593,买盘
1739,14:39:12,5.92,-0.01,13,7706,卖盘
1740,14:39:15,5.93,0.01,8,4744,买盘
1741,14:39:21,5.93,0.0,9,5337,买盘
1742,14:39:24,5.93,0.0,3,1779,买盘
1743,14:39:30,5.93,0.0,33,19569,买盘
1744,14:39:33,5.93,0.0,5,2965,买盘
1745,14:39:39,5.93,0.0,6,3558,买盘
1746,14:39:42,5.93,0.0,23,13639,买盘
1747,14:39:48,5.93,0.0,4,2372,买盘
1748,14:39:54,5.93,0.0,5,2965,买盘
1749,14:39:57,5.93,0.0,1,593,买盘
1750,14:40:01,5.93,0.0,120,71160,买盘
1751,14:40:04,5.93,0.0,37,21941,买盘
1752,14:40:12,5.93,0.0,39,23127,买盘
1753,14:40:15,5.93,0.0,20,11860,买盘
1754,14:40:18,5.93,0.0,2,1186,买盘
1755,14:40:27,5.93,0.0,46,27278,买盘
1756,14:40:36,5.93,0.0,150,88950,卖盘
1757,14:40:45,5.93,0.0,53,31429,卖盘
1758,14:40:48,5.93,0.0,22,13046,买盘
1759,14:40:51,5.93,0.0,11,6523,买盘
1760,14:40:54,5.93,0.0,3,1779,买盘
1761,14:40:58,5.93,0.0,6,3558,买盘
1762,14:41:00,5.93,0.0,7,4151,买盘
1763,14:41:07,5.93,0.0,3,1779,买盘
1764,14:41:12,5.93,0.0,23,13639,买盘
1765,14:41:21,5.95,0.02,5,2975,买盘
1766,14:41:30,5.95,0.0,1,595,买盘
1767,14:41:39,5.95,0.0,8,4760,买盘
1768,14:41:45,5.95,0.0,1,595,买盘
1769,14:41:54,5.95,0.0,1,595,买盘
1770,14:42:27,5.94,-0.01,6,3564,卖盘
1771,14:42:33,5.94,0.0,1,594,买盘
1772,14:42:57,5.93,-0.01,4,2372,卖盘
1773,14:43:06,5.94,0.01,1,594,买盘
1774,14:43:09,5.93,-0.01,17,10094,卖盘
1775,14:43:15,5.94,0.01,4,2376,买盘
1776,14:43:27,5.94,0.0,16,9504,买盘
1777,14:43:30,5.95,0.01,3,1785,买盘
1778,14:43:39,5.95,0.0,99,58905,买盘
1779,14:43:46,5.96,0.01,20,11920,买盘
1780,14:43:51,5.94,-0.02,2,1188,卖盘
1781,14:43:55,5.94,0.0,12,7128,卖盘
1782,14:43:57,5.94,0.0,7,4158,买盘
1783,14:44:04,5.93,-0.01,91,53967,卖盘
1784,14:44:07,5.94,0.01,8,4752,买盘
1785,14:44:10,5.94,0.0,88,52202,买盘
1786,14:44:18,5.94,0.0,12,7128,买盘
1787,14:44:27,5.96,0.02,2,1192,买盘
1788,14:44:30,5.96,0.0,7,4172,买盘
1789,14:44:34,5.94,-0.02,1,594,买盘
1790,14:44:55,5.95,0.01,50,29750,买盘
1791,14:44:57,5.94,-0.01,13,7722,卖盘
1792,14:45:07,5.95,0.01,13,7735,买盘
1793,14:45:16,5.95,0.0,2,1190,买盘
1794,14:45:22,5.95,0.0,1,595,买盘
1795,14:45:48,5.95,0.0,8,4760,买盘
1796,14:45:51,5.95,0.0,3,1785,买盘
1797,14:45:54,5.95,0.0,1,595,买盘
1798,14:46:04,5.95,0.0,7,4159,买盘
1799,14:46:13,5.94,-0.01,7,4160,卖盘
1800,14:46:19,5.93,-0.01,89,52777,卖盘
1801,14:46:25,5.93,0.0,63,37359,卖盘
1802,14:46:28,5.94,0.01,19,11286,买盘
1803,14:46:30,5.94,0.0,41,24314,买盘
1804,14:46:34,5.93,-0.01,95,56335,卖盘
1805,14:46:37,5.94,0.01,24,14256,买盘
1806,14:46:43,5.94,0.0,67,39751,买盘
1807,14:46:51,5.94,0.0,22,13068,买盘
1808,14:47:01,5.94,0.0,4,2376,买盘
1809,14:47:04,5.93,-0.01,20,11860,卖盘
1810,14:47:07,5.93,0.0,1,593,买盘
1811,14:47:10,5.92,-0.01,6,3552,卖盘
1812,14:47:12,5.92,0.0,1,592,卖盘
1813,14:47:16,5.93,0.01,76,45068,买盘
1814,14:47:21,5.93,0.0,48,28464,卖盘
1815,14:47:24,5.94,0.01,16,9504,买盘
1816,14:47:30,5.94,0.0,9,5346,买盘
1817,14:47:36,5.93,-0.01,13,7709,卖盘
1818,14:47:39,5.93,0.0,5,2965,买盘
1819,14:47:43,5.94,0.01,45,26694,买盘
1820,14:47:48,5.94,0.0,13,7722,买盘
1821,14:47:54,5.94,0.0,2,1188,买盘
1822,14:48:01,5.94,0.0,38,22572,买盘
1823,14:48:06,5.95,0.01,64,38025,买盘
1824,14:48:13,5.95,0.0,110,65450,买盘
1825,14:48:16,5.95,0.0,58,34510,卖盘
1826,14:48:18,5.95,0.0,72,42875,卖盘
1827,14:48:28,5.96,0.01,26,15496,买盘
1828,14:48:31,5.95,-0.01,47,27965,卖盘
1829,14:48:36,5.95,0.0,15,8925,买盘
1830,14:48:42,5.95,0.0,3,1785,买盘
1831,14:48:48,5.94,-0.01,3,1782,卖盘
1832,14:48:51,5.94,0.0,2,1188,买盘
1833,14:48:55,5.94,0.0,8,4752,买盘
1834,14:48:58,5.93,-0.01,44,26092,卖盘
1835,14:49:01,5.94,0.01,3,1782,买盘
1836,14:49:04,5.94,0.0,41,24354,买盘
1837,14:49:06,5.93,-0.01,56,33217,卖盘
1838,14:49:09,5.94,0.01,1,594,中性盘
1839,14:49:13,5.94,0.0,10,5940,卖盘
1840,14:49:45,5.95,0.01,26,15470,买盘
1841,14:50:07,5.95,0.0,1,595,卖盘
1842,14:50:22,5.95,0.0,10,5950,卖盘
1843,14:50:37,5.95,0.0,1,595,卖盘
1844,14:50:40,5.96,0.01,16,9536,买盘
1845,14:50:46,5.96,0.0,100,59600,买盘
1846,14:51:06,5.95,-0.01,4,2382,卖盘
1847,14:51:16,5.96,0.01,1,596,买盘
1848,14:51:25,5.96,0.0,124,73904,买盘
1849,14:51:36,5.95,-0.01,65,38675,卖盘
1850,14:51:46,5.96,0.01,8,4768,买盘
1851,14:52:07,5.96,0.0,15,8935,买盘
1852,14:52:09,5.95,-0.01,12,7140,卖盘
1853,14:52:12,5.94,-0.01,2,1189,卖盘
1854,14:52:15,5.95,0.01,5,2975,买盘
1855,14:52:22,5.95,0.0,7,4165,买盘
1856,14:52:30,5.95,0.0,27,16065,卖盘
1857,14:52:46,5.94,-0.01,123,73062,卖盘
1858,14:52:51,5.93,-0.01,122,72346,卖盘
1859,14:52:55,5.92,-0.01,231,136977,卖盘
1860,14:53:06,5.95,0.03,23,13685,买盘
1861,14:53:10,5.94,-0.01,2,1188,卖盘
1862,14:53:13,5.92,-0.02,60,35520,卖盘
1863,14:53:19,5.92,0.0,64,37888,卖盘
1864,14:53:31,5.94,0.02,10,5940,买盘
1865,14:53:39,5.94,0.0,9,5346,卖盘
1866,14:53:42,5.94,0.0,1,594,卖盘
1867,14:53:49,5.95,0.01,11,6541,买盘
1868,14:53:54,5.94,-0.01,15,8910,卖盘
1869,14:54:01,5.94,0.0,2,1188,卖盘
1870,14:54:04,5.94,0.0,10,5940,卖盘
1871,14:54:06,5.94,0.0,15,8910,卖盘
1872,14:54:12,5.95,0.01,52,30940,买盘
1873,14:54:16,5.95,0.0,10,5950,卖盘
1874,14:54:19,5.95,0.0,7,4165,卖盘
1875,14:54:25,5.95,0.0,29,17255,卖盘
1876,14:54:28,5.95,0.0,30,17850,买盘
1877,14:54:34,5.95,0.0,6,3570,卖盘
1878,14:54:36,5.95,0.0,41,24395,卖盘
1879,14:54:40,5.96,0.01,60,35760,买盘
1880,14:54:42,5.96,0.0,20,11919,买盘
1881,14:54:48,5.94,-0.02,84,49896,卖盘
1882,14:54:52,5.94,0.0,2,1188,买盘
1883,14:54:55,5.95,0.01,11,6545,买盘
1884,14:54:58,5.95,0.0,31,18445,卖盘
1885,14:55:01,5.95,0.0,10,5950,卖盘
1886,14:55:04,5.94,-0.01,47,27951,卖盘
1887,14:55:09,5.94,0.0,42,24948,买盘
1888,14:55:21,5.94,0.0,18,10692,买盘
1889,14:55:25,5.94,0.0,24,14253,买盘
1890,14:55:40,5.94,0.0,50,29700,买盘
1891,14:55:49,5.93,-0.01,225,133425,卖盘
1892,14:56:04,5.94,0.01,30,17820,买盘
1893,14:56:25,5.93,-0.01,25,14825,卖盘
1894,14:56:36,5.94,0.01,10,5940,买盘
1895,14:56:40,5.94,0.0,132,78408,买盘
1896,14:56:46,5.95,0.01,70,41650,买盘
1897,14:56:49,5.95,0.0,10,5950,卖盘
1898,14:56:51,5.95,0.0,2,1190,卖盘
1899,15:00:04,5.96,0.01,564,336144,买盘
