,time,price,change,volume,amount,type
0,09:25:04,7.08,0.07,324,229392,卖盘
1,09:30:00,7.05,-0.03,102,71938,卖盘
2,09:30:04,7.07,0.02,222,156614,中性盘
3,09:30:06,7.08,0.01,206,145756,买盘
4,09:30:09,7.08,0.0,70,49526,买盘
5,09:30:12,7.05,-0.03,2,1411,卖盘
6,09:30:15,7.05,0.0,3,2115,买盘
7,09:30:19,7.02,-0.03,129,90675,卖盘
8,09:30:21,7.04,0.02,10,7040,卖盘
9,09:30:24,7.04,0.0,15,10560,买盘
10,09:30:30,7.03,-0.01,11,7733,中性盘
11,09:30:36,7.03,0.0,22,15466,卖盘
12,09:30:39,7.03,0.0,7,4921,卖盘
13,09:30:43,7.06,0.03,198,139788,买盘
14,09:30:48,7.05,-0.01,1,705,买盘
15,09:30:54,7.05,0.0,130,91740,中性盘
16,09:30:57,7.05,0.0,2,1410,买盘
17,09:31:00,7.05,0.0,2,1410,买盘
18,09:31:04,7.05,0.0,1,705,买盘
19,09:31:06,7.05,0.0,11,7745,买盘
20,09:31:09,7.04,-0.01,11,7745,卖盘
21,09:31:18,7.04,0.0,46,32384,卖盘
22,09:31:24,7.04,0.0,50,35200,卖盘
23,09:31:30,7.04,0.0,73,51392,卖盘
24,09:31:37,7.04,0.0,19,13376,卖盘
25,09:31:54,7.04,0.0,118,83045,买盘
26,09:31:57,7.03,-0.01,10,7030,卖盘
27,09:32:00,7.03,0.0,96,67488,买盘
28,09:32:03,7.04,0.01,50,35200,买盘
29,09:32:06,7.03,-0.01,86,60458,卖盘
30,09:32:09,7.04,0.01,20,14080,买盘
31,09:32:18,7.03,-0.01,44,30932,卖盘
32,09:32:21,7.03,0.0,20,14060,卖盘
33,09:32:24,7.03,0.0,5,3515,卖盘
34,09:32:30,7.03,0.0,70,49210,卖盘
35,09:32:34,7.03,0.0,20,14060,卖盘
36,09:32:39,7.02,-0.01,4,2808,卖盘
37,09:32:52,7.02,0.0,50,35100,卖盘
38,09:33:06,7.02,0.0,8,5616,卖盘
39,09:33:12,7.02,0.0,30,21060,卖盘
40,09:33:18,7.03,0.01,71,49913,买盘
41,09:33:22,7.03,0.0,226,158878,买盘
42,09:33:36,7.02,-0.01,30,21070,卖盘
43,09:33:46,7.03,0.01,14,9842,买盘
44,09:33:54,7.02,-0.01,215,150945,卖盘
45,09:34:00,7.02,0.0,8,5616,卖盘
46,09:34:09,7.02,0.0,15,10530,卖盘
47,09:34:12,7.02,0.0,9,6318,卖盘
48,09:34:15,7.02,0.0,49,34398,卖盘
49,09:34:18,7.02,0.0,26,18252,卖盘
50,09:34:33,7.03,0.01,10,7030,买盘
51,09:34:36,7.02,-0.01,11,7722,卖盘
52,09:34:42,7.02,0.0,3,2106,卖盘
53,09:34:45,7.03,0.01,19,13357,买盘
54,09:34:57,7.03,0.0,4,2812,买盘
55,09:35:01,7.03,0.0,20,14060,买盘
56,09:35:06,7.02,-0.01,10,7020,卖盘
57,09:35:09,7.02,0.0,7,4914,卖盘
58,09:35:12,7.03,0.01,20,14060,买盘
59,09:35:22,7.02,-0.01,2,1404,卖盘
60,09:35:39,7.02,0.0,20,14040,卖盘
61,09:35:51,7.02,0.0,4,2808,卖盘
62,09:36:06,7.02,0.0,197,138394,卖盘
63,09:36:09,7.02,0.0,6,4212,卖盘
64,09:36:36,7.02,0.0,14,9828,卖盘
65,09:36:39,7.02,0.0,298,209196,卖盘
66,09:36:42,7.02,0.0,15,10530,卖盘
67,09:37:06,7.02,0.0,8,5616,卖盘
68,09:37:09,7.02,0.0,2,1404,卖盘
69,09:37:27,7.02,0.0,200,140400,卖盘
70,09:37:36,7.02,0.0,6,4212,卖盘
71,09:37:40,7.02,0.0,52,36504,卖盘
72,09:37:45,7.02,0.0,50,35100,卖盘
73,09:37:51,7.02,0.0,29,20358,卖盘
74,09:38:00,7.02,0.0,5,3510,卖盘
75,09:38:04,7.03,0.01,161,113183,买盘
76,09:38:09,7.02,-0.01,13,9126,卖盘
77,09:38:13,7.02,0.0,9,6318,卖盘
78,09:38:15,7.02,0.0,19,13338,卖盘
79,09:38:25,7.02,0.0,10,7020,卖盘
80,09:38:37,7.02,0.0,14,9834,卖盘
81,09:38:39,7.02,0.0,13,9126,卖盘
82,09:38:57,7.03,0.01,10,7030,买盘
83,09:39:10,7.02,-0.01,11,7722,卖盘
84,09:39:33,7.01,-0.01,290,203556,卖盘
85,09:39:39,7.02,0.01,100,70200,卖盘
86,09:39:42,7.01,-0.01,11,7721,卖盘
87,09:39:54,7.02,0.01,28,19656,买盘
88,09:39:57,7.02,0.0,1,702,买盘
89,09:40:06,7.01,-0.01,1120,785120,卖盘
90,09:40:09,7.01,0.0,1,701,卖盘
91,09:40:12,7.02,0.01,50,35100,买盘
92,09:40:24,7.01,-0.01,70,49070,卖盘
93,09:40:33,7.01,0.0,33,23133,卖盘
94,09:40:36,7.01,0.0,50,35050,卖盘
95,09:40:40,7.01,0.0,10,7010,卖盘
96,09:40:45,7.01,0.0,70,49070,买盘
97,09:40:48,7.01,0.0,20,14020,买盘
98,09:40:51,7.01,0.0,71,49771,买盘
99,09:41:01,7.01,0.0,295,206795,卖盘
100,09:41:09,7.0,-0.01,13,9100,卖盘
101,09:41:12,7.0,0.0,7,4900,卖盘
102,09:41:21,7.01,0.01,89,62389,买盘
103,09:41:24,7.01,0.0,1,701,卖盘
104,09:41:39,7.01,0.0,10,7010,卖盘
105,09:41:42,7.01,0.0,15,10515,买盘
106,09:41:49,7.02,0.01,3,2106,买盘
107,09:41:51,7.01,-0.01,49,34393,卖盘
108,09:41:54,7.02,0.01,59,41418,买盘
109,09:42:00,7.02,0.0,1,702,卖盘
110,09:42:04,7.02,0.0,22,15444,买盘
111,09:42:06,7.02,0.0,1,702,买盘
112,09:42:09,7.01,-0.01,1,701,卖盘
113,09:42:13,7.01,0.0,93,65193,卖盘
114,09:42:24,7.03,0.02,150,105372,买盘
115,09:42:40,7.01,-0.02,11,7711,卖盘
116,09:42:43,7.01,0.0,5,3505,卖盘
117,09:42:57,7.03,0.02,70,49210,买盘
118,09:43:09,7.02,-0.01,59,41476,卖盘
119,09:43:13,7.02,0.0,15,10530,卖盘
120,09:43:18,7.02,0.0,11,7722,买盘
121,09:43:27,7.02,0.0,120,84240,卖盘
122,09:43:36,7.02,0.0,50,35100,卖盘
123,09:43:39,7.02,0.0,12,8424,卖盘
124,09:43:42,7.02,0.0,6,4212,卖盘
125,09:43:51,7.02,0.0,100,70200,卖盘
126,09:44:10,7.02,0.0,6,4212,卖盘
127,09:44:12,7.02,0.0,28,19656,卖盘
128,09:44:21,7.02,0.0,10,7020,卖盘
129,09:44:33,7.02,0.0,4,2808,卖盘
130,09:44:37,7.02,0.0,49,34398,卖盘
131,09:44:40,7.02,0.0,11,7722,卖盘
132,09:44:42,7.02,0.0,3,2106,卖盘
133,09:44:49,7.02,0.0,5,3510,卖盘
134,09:44:57,7.02,0.0,12,8424,卖盘
135,09:45:04,7.02,0.0,4,2808,卖盘
136,09:45:09,7.02,0.0,23,16146,卖盘
137,09:45:24,7.02,0.0,20,14040,卖盘
138,09:45:27,7.02,0.0,1,702,卖盘
139,09:45:34,7.02,0.0,7,4914,卖盘
140,09:45:36,7.02,0.0,1,702,卖盘
141,09:45:39,7.02,0.0,4,2808,卖盘
142,09:45:48,7.02,0.0,47,32994,买盘
143,09:45:54,7.02,0.0,246,172692,卖盘
144,09:46:09,7.01,-0.01,6,4206,卖盘
145,09:46:12,7.01,0.0,8,5608,卖盘
146,09:46:15,7.01,0.0,16,11216,卖盘
147,09:46:18,7.02,0.01,10,7020,买盘
148,09:46:21,7.01,-0.01,6,4206,卖盘
149,09:46:30,7.01,0.0,4,2804,卖盘
150,09:46:33,7.01,0.0,10,7010,卖盘
151,09:46:37,7.01,0.0,14,9814,卖盘
152,09:46:39,7.01,0.0,16,11216,卖盘
153,09:46:43,7.01,0.0,81,56781,卖盘
154,09:46:45,7.01,0.0,20,14020,卖盘
155,09:46:51,7.01,0.0,20,14020,卖盘
156,09:46:54,7.01,0.0,3,2103,卖盘
157,09:46:58,7.01,0.0,1,701,卖盘
158,09:47:01,7.01,0.0,51,35751,卖盘
159,09:47:09,7.01,0.0,64,44864,卖盘
160,09:47:12,7.01,0.0,19,13319,卖盘
161,09:47:15,7.01,0.0,20,14020,卖盘
162,09:47:18,7.01,0.0,12,8412,卖盘
163,09:47:21,7.01,0.0,29,20329,卖盘
164,09:47:24,7.01,0.0,10,7010,卖盘
165,09:47:27,7.01,0.0,2,1402,卖盘
166,09:47:30,7.01,0.0,86,60286,卖盘
167,09:47:33,7.01,0.0,60,42060,卖盘
168,09:47:36,7.01,0.0,12,8412,卖盘
169,09:47:39,7.01,0.0,5,3505,卖盘
170,09:47:42,7.01,0.0,20,14020,卖盘
171,09:47:46,7.01,0.0,76,53276,卖盘
172,09:47:49,7.01,0.0,2,1402,卖盘
173,09:48:09,7.0,-0.01,2,1400,卖盘
174,09:48:12,7.0,0.0,10,7000,卖盘
175,09:48:21,7.0,0.0,1,700,卖盘
176,09:48:30,7.02,0.02,150,105156,买盘
177,09:48:42,7.0,-0.02,7,4900,卖盘
178,09:49:12,7.0,0.0,9,6300,卖盘
179,09:49:16,7.02,0.02,14,9814,买盘
180,09:49:40,7.0,-0.02,17,11900,卖盘
181,09:49:42,7.0,0.0,1,700,卖盘
182,09:49:46,7.01,0.01,100,70100,买盘
183,09:49:48,7.0,-0.01,5,3500,卖盘
184,09:50:04,7.01,0.01,13,9113,买盘
185,09:50:09,7.0,-0.01,5,3500,卖盘
186,09:50:12,7.0,0.0,17,11900,卖盘
187,09:50:33,7.0,0.0,6,4200,卖盘
188,09:50:39,7.0,0.0,5,3500,卖盘
189,09:50:42,7.0,0.0,1,700,卖盘
190,09:51:04,7.01,0.01,13,9113,买盘
191,09:51:12,7.0,-0.01,14,9800,卖盘
192,09:51:22,7.0,0.0,5,3500,卖盘
193,09:51:36,7.01,0.01,13,9113,买盘
194,09:51:39,7.0,-0.01,7,4900,卖盘
195,09:51:42,7.0,0.0,13,9100,卖盘
196,09:51:45,7.0,0.0,1,700,卖盘
197,09:52:09,7.0,0.0,13,9100,卖盘
198,09:52:12,7.0,0.0,22,15400,卖盘
199,09:52:33,7.0,0.0,35,24500,卖盘
200,09:52:36,7.01,0.01,13,9113,买盘
201,09:52:39,7.0,-0.01,2,1400,卖盘
202,09:52:42,7.0,0.0,12,8400,卖盘
203,09:52:45,7.0,0.0,1,700,卖盘
204,09:53:04,7.01,0.01,16,11216,买盘
205,09:53:12,7.0,-0.01,20,14000,卖盘
206,09:53:22,7.01,0.01,16,11216,买盘
207,09:53:30,7.01,0.0,8,5608,买盘
208,09:53:42,7.0,-0.01,18,12600,卖盘
209,09:53:54,7.01,0.01,16,11216,买盘
210,09:54:12,7.0,-0.01,14,9800,卖盘
211,09:54:21,7.0,0.0,121,84700,卖盘
212,09:54:42,7.0,0.0,26,18216,卖盘
213,09:54:57,7.01,0.01,60,42060,买盘
214,09:55:07,7.01,0.0,7,4907,买盘
215,09:55:09,7.0,-0.01,138,96620,卖盘
216,09:55:12,7.0,0.0,15,10500,卖盘
217,09:55:24,7.0,0.0,30,21000,卖盘
218,09:55:39,7.01,0.01,2,1402,买盘
219,09:55:42,7.0,-0.01,6,4200,卖盘
220,09:55:51,7.0,0.0,20,14000,卖盘
221,09:56:00,7.01,0.01,16,11216,买盘
222,09:56:19,7.01,0.0,50,35050,买盘
223,09:56:24,7.0,-0.01,60,42000,卖盘
224,09:56:31,7.01,0.01,5,3505,买盘
225,09:56:42,7.0,-0.01,2,1400,卖盘
226,09:57:06,7.01,0.01,16,11216,买盘
227,09:57:09,7.01,0.0,3,2103,买盘
228,09:57:12,7.0,-0.01,76,53270,卖盘
229,09:57:16,7.0,0.0,1,700,卖盘
230,09:57:39,7.0,0.0,99,69300,卖盘
231,09:57:42,7.01,0.01,164,114900,买盘
232,09:57:51,7.01,0.0,41,28741,买盘
233,09:57:54,7.01,0.0,10,7010,卖盘
234,09:58:00,7.01,0.0,38,26638,卖盘
235,09:58:12,7.01,0.0,3,2103,卖盘
236,09:58:18,7.01,0.0,7,4907,卖盘
237,09:58:36,7.0,-0.01,1,700,卖盘
238,09:58:42,7.0,0.0,5,3500,卖盘
239,09:59:00,7.0,0.0,66,46200,卖盘
240,09:59:04,7.01,0.01,16,11216,买盘
241,09:59:10,7.01,0.0,16,11216,买盘
242,09:59:12,7.0,-0.01,7,4900,卖盘
243,09:59:33,7.0,0.0,89,62300,卖盘
244,09:59:46,7.01,0.01,60,42060,买盘
245,09:59:54,7.01,0.0,6,4206,买盘
246,09:59:57,7.01,0.0,5,3505,买盘
247,10:00:00,7.01,0.0,5,3505,买盘
248,10:00:03,7.01,0.0,8,5608,买盘
249,10:00:12,7.0,-0.01,58,40650,卖盘
250,10:00:15,7.01,0.01,16,11216,买盘
251,10:00:22,7.01,0.0,27,18927,买盘
252,10:00:24,7.01,0.0,33,23133,卖盘
253,10:00:43,7.0,-0.01,4,2800,卖盘
254,10:00:54,7.01,0.01,18,12618,买盘
255,10:01:12,7.0,-0.01,7,4900,卖盘
256,10:01:15,7.0,0.0,1,700,卖盘
257,10:01:30,7.01,0.01,16,11216,买盘
258,10:01:51,7.01,0.0,77,53977,买盘
259,10:02:09,7.01,0.0,8,5608,卖盘
260,10:02:27,7.01,0.0,6,4206,卖盘
261,10:02:42,7.02,0.01,16,11232,买盘
262,10:02:45,7.01,-0.01,1,701,卖盘
263,10:02:48,7.01,0.0,3,2103,卖盘
264,10:02:52,7.01,0.0,15,10515,卖盘
265,10:02:54,7.01,0.0,81,56781,卖盘
266,10:02:57,7.02,0.01,16,11232,买盘
267,10:03:00,7.01,-0.01,1,701,卖盘
268,10:03:03,7.01,0.0,1,701,卖盘
269,10:03:33,7.02,0.01,25,17541,买盘
270,10:03:42,7.01,-0.01,4,2804,卖盘
271,10:04:12,7.01,0.0,29,20317,买盘
272,10:04:19,7.01,0.0,29,20329,买盘
273,10:04:27,7.01,0.0,72,50472,卖盘
274,10:04:42,7.01,0.0,2,1402,卖盘
275,10:05:09,7.01,0.0,1,701,卖盘
276,10:05:12,7.01,0.0,67,46967,卖盘
277,10:05:42,7.01,0.0,3,2101,买盘
278,10:05:48,7.01,0.0,16,11216,买盘
279,10:05:51,7.01,0.0,22,15420,买盘
280,10:05:54,7.01,0.0,1,701,买盘
281,10:06:12,7.0,-0.01,8,5600,卖盘
282,10:06:33,7.0,0.0,55,38500,卖盘
283,10:06:36,7.0,0.0,2,1400,卖盘
284,10:06:42,7.0,0.0,21,14716,卖盘
285,10:07:13,7.01,0.01,16,11216,买盘
286,10:07:16,7.01,0.0,16,11216,买盘
287,10:07:18,7.0,-0.01,557,389900,卖盘
288,10:07:27,7.0,0.0,1,700,卖盘
289,10:07:31,7.01,0.01,11,7711,买盘
290,10:07:48,7.0,-0.01,8,5600,卖盘
291,10:07:51,7.01,0.01,5,3501,买盘
292,10:08:19,7.0,-0.01,2,1400,卖盘
293,10:08:45,7.0,0.0,1,700,卖盘
294,10:08:58,7.0,0.0,48,33600,卖盘
295,10:09:00,7.0,0.0,106,74215,卖盘
296,10:09:04,7.0,0.0,8,5600,卖盘
297,10:09:15,7.0,0.0,1,700,卖盘
298,10:09:18,7.0,0.0,13,9111,卖盘
299,10:09:24,7.0,0.0,24,16800,卖盘
300,10:09:27,7.0,0.0,7,4900,买盘
301,10:09:30,7.0,0.0,11,7700,买盘
302,10:10:18,7.0,0.0,349,244300,买盘
303,10:10:21,7.0,0.0,4,2800,卖盘
304,10:10:51,7.0,0.0,1,700,卖盘
305,10:10:54,7.0,0.0,75,52500,卖盘
306,10:11:07,7.0,0.0,1,700,卖盘
307,10:11:09,7.0,0.0,214,149800,卖盘
308,10:11:21,7.0,0.0,5,3500,卖盘
309,10:11:42,7.0,0.0,101,70700,卖盘
310,10:11:51,6.99,-0.01,1,699,卖盘
311,10:11:54,6.99,0.0,47,32853,卖盘
312,10:11:57,7.0,0.01,5,3500,买盘
313,10:12:06,6.99,-0.01,23,16077,卖盘
314,10:12:15,6.99,0.0,15,10485,卖盘
315,10:12:22,6.99,0.0,1,699,卖盘
316,10:12:51,6.99,0.0,1,699,卖盘
317,10:13:04,7.0,0.01,9,6300,买盘
318,10:13:54,6.99,-0.01,10,6990,卖盘
319,10:14:13,6.99,0.0,1,699,卖盘
320,10:14:19,7.0,0.01,10,7000,买盘
321,10:14:21,6.99,-0.01,8,5592,卖盘
322,10:14:33,7.0,0.01,10,7000,买盘
323,10:14:42,7.0,0.0,112,78400,买盘
324,10:15:12,6.99,-0.01,7,4893,卖盘
325,10:15:15,6.99,0.0,1,699,卖盘
326,10:15:27,7.0,0.01,292,204400,买盘
327,10:15:30,7.0,0.0,1,700,卖盘
328,10:15:54,7.0,0.0,17,11900,卖盘
329,10:16:39,7.0,0.0,1,700,卖盘
330,10:16:51,7.0,0.0,15,10500,卖盘
331,10:17:00,7.0,0.0,3,2100,卖盘
332,10:17:06,7.01,0.01,10,7010,买盘
333,10:17:30,7.0,-0.01,7,4900,卖盘
334,10:17:51,7.0,0.0,47,32900,卖盘
335,10:17:54,7.0,0.0,14,9800,卖盘
336,10:18:00,7.0,0.0,46,32200,卖盘
337,10:18:06,7.0,0.0,6,4200,卖盘
338,10:18:12,7.01,0.01,32,22410,买盘
339,10:18:15,7.0,-0.01,15,10500,卖盘
340,10:18:24,7.01,0.01,10,7010,买盘
341,10:18:30,7.0,-0.01,1,700,卖盘
342,10:18:54,7.0,0.0,110,77000,卖盘
343,10:19:00,7.0,0.0,1,700,卖盘
344,10:19:30,7.0,0.0,1,700,卖盘
345,10:19:36,7.0,0.0,110,77000,卖盘
346,10:19:39,7.01,0.01,49,34349,买盘
347,10:19:54,7.0,-0.01,14,9800,卖盘
348,10:20:00,7.0,0.0,10,7000,卖盘
349,10:20:15,7.0,0.0,64,44863,卖盘
350,10:20:18,7.01,0.01,10,7010,买盘
351,10:20:30,7.0,-0.01,4,2803,卖盘
352,10:20:36,7.01,0.01,10,7010,买盘
353,10:20:55,7.0,-0.01,15,10500,卖盘
354,10:21:00,7.0,0.0,7,4900,卖盘
355,10:21:30,7.0,0.0,5,3500,卖盘
356,10:21:37,7.0,0.0,12,8400,卖盘
357,10:21:54,7.0,0.0,14,9800,卖盘
358,10:22:00,7.0,0.0,11,7700,卖盘
359,10:22:18,7.01,0.01,10,7010,买盘
360,10:22:30,7.0,-0.01,4,2800,卖盘
361,10:22:48,7.0,0.0,4,2800,卖盘
362,10:22:55,7.0,0.0,15,10500,卖盘
363,10:23:00,7.0,0.0,1,700,卖盘
364,10:23:12,7.0,0.0,6,4200,卖盘
365,10:23:22,7.01,0.01,10,7010,买盘
366,10:23:33,7.0,-0.01,4,2800,卖盘
367,10:23:48,7.0,0.0,47,32900,卖盘
368,10:23:52,7.0,0.0,1,700,卖盘
369,10:23:55,7.01,0.01,24,16810,买盘
370,10:24:04,7.0,-0.01,6,4200,卖盘
371,10:24:33,7.0,0.0,7,4900,卖盘
372,10:24:45,7.01,0.01,10,7010,买盘
373,10:24:55,7.0,-0.01,15,10500,卖盘
374,10:25:00,7.0,0.0,33,23100,卖盘
375,10:25:03,7.0,0.0,5,3500,卖盘
376,10:25:18,7.0,0.0,23,16100,卖盘
377,10:25:21,7.0,0.0,2,1400,卖盘
378,10:25:24,7.01,0.01,10,7010,买盘
379,10:25:33,7.0,-0.01,7,4900,卖盘
380,10:25:42,7.0,0.0,30,21010,卖盘
381,10:25:45,7.0,0.0,1,700,卖盘
382,10:25:54,7.0,0.0,571,399700,卖盘
383,10:26:04,6.99,-0.01,7,4893,卖盘
384,10:26:09,6.99,0.0,50,34950,卖盘
385,10:26:13,6.99,0.0,3,2097,卖盘
386,10:26:19,6.99,0.0,15,10495,卖盘
387,10:26:21,7.0,0.01,10,7000,买盘
388,10:26:33,6.99,-0.01,11,7699,卖盘
389,10:26:45,6.99,0.0,48,33552,卖盘
390,10:26:54,6.99,0.0,29,20271,卖盘
391,10:27:06,6.99,0.0,11,7699,卖盘
392,10:27:15,7.0,0.01,10,7000,买盘
393,10:27:19,7.0,0.0,10,7000,买盘
394,10:27:21,7.0,0.0,5,3500,买盘
395,10:27:54,6.99,-0.01,14,9786,卖盘
396,10:28:00,7.0,0.01,9,6300,买盘
397,10:28:33,6.99,-0.01,8,5592,卖盘
398,10:28:54,6.99,0.0,15,10485,卖盘
399,10:29:30,6.99,0.0,1,699,卖盘
400,10:29:33,6.99,0.0,7,4893,卖盘
401,10:29:42,6.99,0.0,47,32853,卖盘
402,10:29:45,7.0,0.01,10,7000,买盘
403,10:29:49,6.99,-0.01,11,7689,卖盘
404,10:29:57,7.0,0.01,10,7000,买盘
405,10:30:06,6.99,-0.01,24,16780,卖盘
406,10:30:10,6.99,0.0,1,699,卖盘
407,10:30:18,6.99,0.0,52,36348,卖盘
408,10:30:33,6.99,0.0,3,2097,卖盘
409,10:30:36,7.0,0.01,10,7000,买盘
410,10:30:54,6.99,-0.01,10,6990,卖盘
411,10:31:06,6.99,0.0,1,699,卖盘
412,10:31:15,6.99,0.0,11,7699,卖盘
413,10:31:30,6.99,0.0,26,18174,卖盘
414,10:31:36,7.0,0.01,10,7000,买盘
415,10:31:49,6.99,-0.01,22,15378,卖盘
416,10:31:51,6.99,0.0,11,7689,卖盘
417,10:32:06,6.99,0.0,4,2796,卖盘
418,10:32:21,7.0,0.01,10,7000,买盘
419,10:32:30,7.0,0.0,15,10500,买盘
420,10:32:36,6.99,-0.01,2,1398,卖盘
421,10:32:42,6.99,0.0,48,33552,卖盘
422,10:32:51,6.99,0.0,24,16776,卖盘
423,10:32:54,6.99,0.0,13,9087,卖盘
424,10:33:06,6.99,0.0,2,1398,卖盘
425,10:33:21,6.99,0.0,59,41241,卖盘
426,10:33:24,7.0,0.01,60,41950,买盘
427,10:33:54,6.99,-0.01,26,18174,卖盘
428,10:33:57,6.99,0.0,11,7689,卖盘
429,10:34:00,6.99,0.0,2,1398,卖盘
430,10:34:06,6.99,0.0,1,699,卖盘
431,10:34:16,6.99,0.0,59,41241,卖盘
432,10:34:33,7.0,0.01,10,7000,买盘
433,10:34:39,6.99,-0.01,6,4194,卖盘
434,10:34:57,6.99,0.0,23,16077,卖盘
435,10:35:00,6.99,0.0,12,8388,卖盘
436,10:35:03,6.99,0.0,2,1398,卖盘
437,10:35:12,6.99,0.0,200,139800,卖盘
438,10:35:16,6.99,0.0,17,11883,卖盘
439,10:35:18,6.99,0.0,56,39144,卖盘
440,10:35:36,6.99,0.0,1,699,卖盘
441,10:35:39,6.99,0.0,46,32154,卖盘
442,10:35:48,6.99,0.0,10,6990,买盘
443,10:36:00,6.98,-0.01,17,11866,卖盘
444,10:36:04,6.98,0.0,12,8376,卖盘
445,10:36:06,6.98,0.0,2,1396,卖盘
446,10:36:24,6.98,0.0,10,6980,卖盘
447,10:36:30,6.99,0.01,10,6990,买盘
448,10:36:33,6.99,0.0,85,59415,买盘
449,10:36:39,6.99,0.0,4,2796,卖盘
450,10:36:45,6.99,0.0,1,699,卖盘
451,10:36:49,6.99,0.0,1,699,卖盘
452,10:37:04,6.99,0.0,2,1398,卖盘
453,10:37:06,6.99,0.0,1,699,卖盘
454,10:37:09,6.99,0.0,8,5592,卖盘
455,10:37:12,6.99,0.0,53,37047,卖盘
456,10:37:21,6.99,0.0,117,81793,卖盘
457,10:37:24,6.99,0.0,7,4893,卖盘
458,10:37:27,7.0,0.01,10,7000,买盘
459,10:37:36,6.99,-0.01,31,21669,卖盘
460,10:38:04,6.99,0.0,10,6990,买盘
461,10:38:06,6.98,-0.01,12,8376,卖盘
462,10:38:09,6.98,0.0,9,6282,卖盘
463,10:38:12,6.99,0.01,19,13272,买盘
464,10:38:25,6.99,0.0,10,6990,买盘
465,10:38:30,7.0,0.01,68,47549,买盘
466,10:39:09,6.98,-0.02,1,698,卖盘
467,10:39:12,6.98,0.0,1,698,卖盘
468,10:39:15,6.98,0.0,1,698,卖盘
469,10:39:31,6.98,0.0,6,4188,卖盘
470,10:40:00,6.98,0.0,1,698,卖盘
471,10:40:06,6.99,0.01,9,6291,卖盘
472,10:40:12,6.98,-0.01,12,8376,卖盘
473,10:40:16,6.98,0.0,10,6980,卖盘
474,10:40:18,6.98,0.0,9,6282,卖盘
475,10:40:30,6.98,0.0,5,3490,卖盘
476,10:40:36,6.98,0.0,15,10470,卖盘
477,10:40:39,6.99,0.01,10,6990,买盘
478,10:41:00,6.98,-0.01,5,3490,卖盘
479,10:41:12,6.99,0.01,10,6990,买盘
480,10:41:15,6.98,-0.01,1,698,卖盘
481,10:41:18,6.98,0.0,1,698,卖盘
482,10:41:21,6.98,0.0,10,6980,卖盘
483,10:41:30,6.98,0.0,3,2094,卖盘
484,10:41:33,6.98,0.0,48,33504,卖盘
485,10:41:51,6.98,0.0,101,70498,卖盘
486,10:41:54,6.98,0.0,1,698,卖盘
487,10:42:01,6.98,0.0,6,4188,卖盘
488,10:42:18,6.98,0.0,12,8376,卖盘
489,10:42:21,6.98,0.0,8,5584,卖盘
490,10:42:24,6.98,0.0,10,6980,卖盘
491,10:42:30,6.98,0.0,6,4188,卖盘
492,10:42:57,6.98,0.0,100,69800,卖盘
493,10:43:00,6.98,0.0,4,2792,卖盘
494,10:43:06,6.99,0.01,68,47532,买盘
495,10:43:12,6.99,0.0,68,47532,买盘
496,10:43:21,6.99,0.0,68,47532,买盘
497,10:43:24,6.98,-0.01,93,64982,卖盘
498,10:43:28,7.0,0.02,71,49660,买盘
499,10:43:33,6.98,-0.02,7,4886,卖盘
500,10:43:48,6.99,0.01,10,6990,买盘
501,10:44:04,6.98,-0.01,1,698,卖盘
502,10:44:12,6.98,0.0,78,54512,卖盘
503,10:44:15,6.99,0.01,14,9786,买盘
504,10:44:21,7.0,0.01,16,11194,买盘
505,10:44:25,6.99,-0.01,3,2097,卖盘
506,10:44:28,6.99,0.0,131,91569,卖盘
507,10:44:30,6.99,0.0,23,16077,卖盘
508,10:44:33,6.99,0.0,23,16077,卖盘
509,10:44:45,7.0,0.01,64,44746,买盘
510,10:44:48,6.99,-0.01,13,9087,卖盘
511,10:44:51,6.99,0.0,3,2097,卖盘
512,10:44:54,7.0,0.01,11,7699,买盘
513,10:44:57,6.99,-0.01,1,699,卖盘
514,10:45:00,6.99,0.0,1,699,卖盘
515,10:45:04,6.99,0.0,16,11184,卖盘
516,10:45:06,6.99,0.0,1,699,卖盘
517,10:45:09,7.0,0.01,78,54589,买盘
518,10:45:12,6.98,-0.02,17,11866,卖盘
519,10:45:33,6.98,0.0,1,698,卖盘
520,10:45:36,6.98,0.0,1,698,卖盘
521,10:45:42,6.99,0.01,20,13980,买盘
522,10:46:16,7.0,0.01,68,47593,买盘
523,10:46:33,6.98,-0.02,1,698,卖盘
524,10:46:36,6.98,0.0,1,698,卖盘
525,10:46:42,7.0,0.02,10,7000,买盘
526,10:47:04,6.98,-0.02,5,3490,卖盘
527,10:47:06,6.98,0.0,1,698,卖盘
528,10:47:27,6.98,0.0,1,698,卖盘
529,10:47:30,6.98,0.0,48,33504,卖盘
530,10:47:34,6.98,0.0,1,698,卖盘
531,10:47:40,6.98,0.0,10,6980,卖盘
532,10:48:27,6.99,0.01,10,6990,买盘
533,10:48:42,6.98,-0.01,10,6980,卖盘
534,10:49:04,6.98,0.0,5,3490,卖盘
535,10:49:21,6.99,0.01,10,6990,买盘
536,10:49:27,6.99,0.0,12,8388,买盘
537,10:49:31,6.99,0.0,9,6291,买盘
538,10:49:34,6.99,0.0,1,699,卖盘
539,10:49:36,6.99,0.0,1,699,卖盘
540,10:49:39,6.99,0.0,13,9099,卖盘
541,10:49:48,7.0,0.01,13,9094,买盘
542,10:50:04,6.98,-0.02,1,698,卖盘
543,10:50:06,6.98,0.0,1,698,卖盘
544,10:50:27,6.98,0.0,47,32806,卖盘
545,10:50:45,6.99,0.01,10,6990,买盘
546,10:50:48,6.98,-0.01,7,4886,卖盘
547,10:50:51,6.98,0.0,4,2792,卖盘
548,10:51:18,7.0,0.02,24,16800,买盘
549,10:51:27,7.0,0.0,10,7000,买盘
550,10:51:52,6.98,-0.02,6,4188,卖盘
551,10:51:55,6.98,0.0,4,2792,卖盘
552,10:51:57,6.98,0.0,1,698,卖盘
553,10:52:06,6.98,0.0,1,698,卖盘
554,10:52:36,7.0,0.02,13,9098,买盘
555,10:52:39,6.98,-0.02,1,698,卖盘
556,10:52:54,6.98,0.0,7,4886,卖盘
557,10:52:58,6.98,0.0,5,3490,卖盘
558,10:53:27,6.98,0.0,50,34900,卖盘
559,10:53:55,6.98,0.0,35,24430,卖盘
560,10:53:58,6.99,0.01,12,8388,买盘
561,10:54:01,7.0,0.01,36,25162,买盘
562,10:54:04,7.0,0.0,10,7000,买盘
563,10:54:06,6.98,-0.02,2,1396,卖盘
564,10:54:36,6.98,0.0,1,698,卖盘
565,10:55:06,6.98,0.0,6,4188,卖盘
566,10:55:31,6.98,0.0,1,698,卖盘
567,10:55:37,6.98,0.0,3,2094,卖盘
568,10:55:54,6.98,0.0,2,1396,卖盘
569,10:56:06,6.98,0.0,14,9772,卖盘
570,10:56:21,6.98,0.0,1,698,卖盘
571,10:56:24,6.98,0.0,48,33504,卖盘
572,10:56:27,6.99,0.01,10,6990,买盘
573,10:57:09,6.98,-0.01,16,11168,卖盘
574,10:57:24,6.98,0.0,2,1396,卖盘
575,10:57:27,6.99,0.01,10,6990,买盘
576,10:58:13,6.98,-0.01,13,9074,卖盘
577,10:58:25,6.98,0.0,1,698,卖盘
578,10:58:27,6.99,0.01,10,6990,买盘
579,10:58:36,6.98,-0.01,5,3490,卖盘
580,10:58:55,6.98,0.0,1,698,卖盘
581,10:59:06,6.98,0.0,1,698,卖盘
582,10:59:16,6.98,0.0,12,8376,卖盘
583,10:59:21,6.98,0.0,48,33504,卖盘
584,10:59:51,6.98,0.0,14,9772,卖盘
585,10:59:55,6.98,0.0,1,698,卖盘
586,11:00:01,6.98,0.0,4,2792,卖盘
587,11:00:04,6.99,0.01,14,9782,买盘
588,11:00:06,6.98,-0.01,4,2792,卖盘
589,11:00:09,6.98,0.0,1,698,卖盘
590,11:00:36,6.98,0.0,6,4188,卖盘
591,11:00:48,6.98,0.0,110,76780,卖盘
592,11:00:58,6.98,0.0,13,9074,卖盘
593,11:01:16,6.98,0.0,21,14658,卖盘
594,11:01:19,6.98,0.0,94,65612,卖盘
595,11:01:21,6.98,0.0,28,19544,卖盘
596,11:01:24,6.98,0.0,13,9074,卖盘
597,11:01:27,6.98,0.0,8,5584,卖盘
598,11:01:30,6.98,0.0,19,13262,卖盘
599,11:01:36,6.98,0.0,7,4886,卖盘
600,11:01:39,6.98,0.0,20,13960,卖盘
601,11:01:42,6.98,0.0,9,6282,卖盘
602,11:01:45,6.98,0.0,162,113076,卖盘
603,11:02:00,6.98,0.0,13,9074,卖盘
604,11:02:09,6.98,0.0,4,2792,卖盘
605,11:02:12,6.98,0.0,1,698,卖盘
606,11:02:18,6.97,-0.01,13,9061,卖盘
607,11:02:21,6.97,0.0,47,32759,卖盘
608,11:02:33,6.97,0.0,13,9061,卖盘
609,11:02:36,6.98,0.01,10,6980,买盘
610,11:02:39,6.97,-0.01,9,6273,卖盘
611,11:02:43,6.97,0.0,22,15344,卖盘
612,11:02:48,6.98,0.01,10,6980,买盘
613,11:02:51,6.97,-0.01,21,14637,卖盘
614,11:03:04,6.97,0.0,13,9061,卖盘
615,11:03:16,6.98,0.01,10,6980,买盘
616,11:03:33,6.97,-0.01,13,9061,卖盘
617,11:03:39,6.97,0.0,1,697,卖盘
618,11:03:42,6.97,0.0,5,3485,卖盘
619,11:03:45,6.97,0.0,14,9758,卖盘
620,11:03:48,6.97,0.0,13,9061,卖盘
621,11:04:06,6.97,0.0,513,357561,卖盘
622,11:04:09,6.97,0.0,2,1394,卖盘
623,11:04:18,6.97,0.0,400,278800,卖盘
624,11:04:22,6.97,0.0,20,13940,卖盘
625,11:04:25,6.97,0.0,14,9758,卖盘
626,11:04:27,6.97,0.0,4,2788,卖盘
627,11:04:30,6.97,0.0,2,1394,卖盘
628,11:04:33,6.96,-0.01,872,606928,卖盘
629,11:04:36,6.96,0.0,13,9048,卖盘
630,11:04:39,6.96,0.0,46,32016,卖盘
631,11:04:45,6.96,0.0,34,23664,卖盘
632,11:04:48,6.96,0.0,11,7656,卖盘
633,11:04:52,6.96,0.0,21,14616,卖盘
634,11:04:54,6.96,0.0,130,90490,卖盘
635,11:05:04,6.96,0.0,11,7656,卖盘
636,11:05:06,6.96,0.0,125,87000,卖盘
637,11:05:09,6.96,0.0,80,55680,卖盘
638,11:05:24,6.96,0.0,13,9048,卖盘
639,11:05:27,6.96,0.0,30,20880,卖盘
640,11:05:42,6.96,0.0,13,9048,卖盘
641,11:05:45,6.97,0.01,12,8364,买盘
642,11:05:48,6.97,0.0,22,15334,买盘
643,11:05:51,6.96,-0.01,37,25752,卖盘
644,11:05:54,6.97,0.01,27,18816,买盘
645,11:05:57,6.97,0.0,20,13940,买盘
646,11:06:00,6.97,0.0,312,217464,买盘
647,11:06:04,6.97,0.0,109,75873,买盘
648,11:06:09,6.97,0.0,124,86428,买盘
649,11:06:12,6.97,0.0,12,8364,买盘
650,11:06:15,6.97,0.0,11,7667,买盘
651,11:06:18,6.99,0.02,188,131332,买盘
652,11:06:21,6.99,0.0,24,16776,买盘
653,11:06:24,6.97,-0.02,10,6970,中性盘
654,11:06:27,6.96,-0.01,340,236945,卖盘
655,11:06:30,6.99,0.03,12,8388,买盘
656,11:06:33,6.98,-0.01,1,698,买盘
657,11:06:36,6.98,0.0,25,17450,买盘
658,11:06:39,6.98,0.0,12,8376,买盘
659,11:06:42,6.99,0.01,112,78288,买盘
660,11:06:45,6.99,0.0,12,8388,买盘
661,11:06:48,6.99,0.0,37,25849,买盘
662,11:06:54,6.97,-0.02,12,8364,卖盘
663,11:06:57,6.97,0.0,3,2091,卖盘
664,11:07:12,6.99,0.02,112,78265,买盘
665,11:07:57,6.97,-0.02,12,8364,卖盘
666,11:08:00,6.97,0.0,14,9758,卖盘
667,11:08:12,6.99,0.02,119,83093,买盘
668,11:08:18,6.99,0.0,12,8388,买盘
669,11:08:39,6.97,-0.02,4,2788,卖盘
670,11:09:00,6.97,0.0,6,4182,卖盘
671,11:09:09,6.97,0.0,4,2788,卖盘
672,11:09:36,6.98,0.01,12,8376,买盘
673,11:09:39,6.97,-0.01,3,2091,卖盘
674,11:10:03,6.97,0.0,6,4182,卖盘
675,11:10:06,6.97,0.0,10,6970,卖盘
676,11:10:09,6.97,0.0,11,7672,卖盘
677,11:10:21,6.97,0.0,16,11152,卖盘
678,11:10:37,6.98,0.01,12,8376,买盘
679,11:10:40,6.97,-0.01,13,9061,卖盘
680,11:10:57,6.97,0.0,15,10455,卖盘
681,11:11:00,6.98,0.01,10,6980,买盘
682,11:11:06,6.97,-0.01,11,7672,卖盘
683,11:11:09,6.97,0.0,19,13243,卖盘
684,11:11:12,6.97,0.0,1,697,卖盘
685,11:11:15,6.97,0.0,48,33456,卖盘
686,11:11:18,6.97,0.0,17,11849,卖盘
687,11:11:21,6.96,-0.01,1,696,卖盘
688,11:11:33,6.98,0.02,37,25795,买盘
689,11:11:42,6.96,-0.02,1,696,卖盘
690,11:11:57,6.96,0.0,13,9048,卖盘
691,11:12:09,6.96,0.0,6,4176,卖盘
692,11:12:13,6.96,0.0,23,16008,卖盘
693,11:12:34,6.97,0.01,25,17412,买盘
694,11:12:36,6.96,-0.01,65,45240,卖盘
695,11:12:39,6.97,0.01,9,6273,买盘
696,11:12:43,6.97,0.0,9,6273,买盘
697,11:12:51,6.97,0.0,11,7667,买盘
698,11:12:54,6.97,0.0,14,9758,买盘
699,11:13:13,6.96,-0.01,10,6960,卖盘
700,11:13:15,6.96,0.0,12,8352,卖盘
701,11:13:42,6.96,0.0,1,696,卖盘
702,11:13:48,6.97,0.01,200,139400,买盘
703,11:13:54,6.96,-0.01,36,25056,卖盘
704,11:13:57,6.99,0.03,78,54454,买盘
705,11:14:15,6.96,-0.03,6,4176,卖盘
706,11:14:18,6.96,0.0,9,6264,卖盘
707,11:14:36,6.98,0.02,12,8376,买盘
708,11:14:39,6.98,0.0,12,8376,买盘
709,11:14:42,6.98,0.0,12,8376,买盘
710,11:14:48,6.96,-0.02,1,696,卖盘
711,11:14:51,6.96,0.0,4,2784,卖盘
712,11:15:00,6.98,0.02,27,18831,买盘
713,11:15:12,6.97,-0.01,5,3485,卖盘
714,11:15:24,6.98,0.01,12,8376,买盘
715,11:16:18,6.97,-0.01,13,9061,卖盘
716,11:16:33,6.97,0.0,13,9061,卖盘
717,11:16:43,6.97,0.0,3,2091,卖盘
718,11:16:48,6.97,0.0,13,9061,卖盘
719,11:16:52,6.97,0.0,20,13940,卖盘
720,11:17:04,6.98,0.01,209,145685,买盘
721,11:17:13,6.97,-0.01,4,2788,卖盘
722,11:17:33,6.97,0.0,16,11152,卖盘
723,11:17:42,6.97,0.0,5,3485,卖盘
724,11:17:51,6.96,-0.01,13,9058,卖盘
725,11:17:54,6.96,0.0,21,14616,卖盘
726,11:18:01,6.97,0.01,20,13940,买盘
727,11:18:09,6.96,-0.01,13,9048,卖盘
728,11:18:12,6.96,0.0,4,2784,卖盘
729,11:18:24,6.96,0.0,13,9048,卖盘
730,11:18:39,6.96,0.0,13,9048,卖盘
731,11:18:43,6.96,0.0,1,696,卖盘
732,11:18:46,6.97,0.01,10,6970,买盘
733,11:18:55,6.96,-0.01,13,9048,卖盘
734,11:18:57,6.96,0.0,2,1392,卖盘
735,11:19:00,6.96,0.0,4,2784,卖盘
736,11:19:12,6.96,0.0,14,9744,卖盘
737,11:19:27,6.96,0.0,13,9048,卖盘
738,11:19:39,6.96,0.0,102,70992,卖盘
739,11:19:42,6.96,0.0,13,9048,卖盘
740,11:19:57,6.96,0.0,13,9048,卖盘
741,11:20:00,6.96,0.0,30,20892,卖盘
742,11:20:03,6.96,0.0,4,2784,卖盘
743,11:20:09,6.97,0.01,12,8364,买盘
744,11:20:42,6.96,-0.01,16,11136,卖盘
745,11:21:00,6.97,0.01,12,8364,买盘
746,11:21:04,6.96,-0.01,18,12528,卖盘
747,11:21:06,6.96,0.0,3,2088,卖盘
748,11:21:12,6.96,0.0,1,696,卖盘
749,11:21:18,6.96,0.0,13,9048,卖盘
750,11:21:33,6.96,0.0,13,9048,卖盘
751,11:21:42,6.96,0.0,1,696,卖盘
752,11:21:54,6.96,0.0,13,9048,卖盘
753,11:22:06,6.96,0.0,17,11832,卖盘
754,11:22:09,6.96,0.0,19,13224,卖盘
755,11:22:12,6.96,0.0,2,1392,卖盘
756,11:22:19,6.96,0.0,80,55680,卖盘
757,11:22:24,6.96,0.0,13,9048,卖盘
758,11:22:39,6.96,0.0,23,16008,卖盘
759,11:22:42,6.96,0.0,2,1392,卖盘
760,11:22:54,6.97,0.01,23,16018,买盘
761,11:22:57,6.96,-0.01,1,696,卖盘
762,11:23:00,6.96,0.0,16,11136,卖盘
763,11:23:04,6.97,0.01,10,6970,买盘
764,11:23:09,6.96,-0.01,17,11832,卖盘
765,11:23:12,6.96,0.0,16,11146,卖盘
766,11:23:18,6.97,0.01,10,6970,买盘
767,11:23:51,6.96,-0.01,5,3480,卖盘
768,11:24:04,6.96,0.0,13,9048,卖盘
769,11:24:12,6.96,0.0,15,10440,卖盘
770,11:24:15,6.96,0.0,7,4872,卖盘
771,11:24:18,6.96,0.0,13,9048,卖盘
772,11:24:31,6.97,0.01,10,6970,买盘
773,11:24:33,6.96,-0.01,13,9048,卖盘
774,11:24:45,6.96,0.0,2,1392,卖盘
775,11:24:48,6.96,0.0,13,9048,卖盘
776,11:24:57,6.97,0.01,10,6970,买盘
777,11:25:09,6.96,-0.01,13,9048,卖盘
778,11:25:15,6.96,0.0,1,696,卖盘
779,11:25:18,6.96,0.0,20,13920,卖盘
780,11:25:24,6.96,0.0,23,16018,卖盘
781,11:25:30,6.97,0.01,10,6970,买盘
782,11:25:33,6.96,-0.01,1,696,卖盘
783,11:25:39,6.96,0.0,13,9048,卖盘
784,11:25:45,6.96,0.0,1,696,卖盘
785,11:25:54,6.96,0.0,13,9048,卖盘
786,11:26:04,6.96,0.0,48,33408,卖盘
787,11:26:09,6.96,0.0,13,9048,卖盘
788,11:26:15,6.96,0.0,1,696,卖盘
789,11:26:21,6.97,0.01,34,23674,买盘
790,11:26:27,6.96,-0.01,13,9048,卖盘
791,11:26:30,6.96,0.0,55,38280,卖盘
792,11:26:36,6.97,0.01,12,8364,买盘
793,11:26:39,6.97,0.0,10,6970,买盘
794,11:26:42,6.97,0.0,25,17412,买盘
795,11:26:45,6.96,-0.01,5,3480,卖盘
796,11:27:03,6.96,0.0,13,9048,卖盘
797,11:27:24,6.96,0.0,45,31330,卖盘
798,11:27:45,6.96,0.0,1,696,卖盘
799,11:27:48,6.96,0.0,13,9048,卖盘
800,11:28:04,6.96,0.0,13,9048,卖盘
801,11:28:15,6.96,0.0,5,3480,卖盘
802,11:28:24,6.97,0.01,23,16018,买盘
803,11:28:27,6.96,-0.01,23,16008,卖盘
804,11:28:30,6.97,0.01,22,15322,买盘
805,11:28:39,6.97,0.0,10,6970,买盘
806,11:28:45,6.96,-0.01,1,696,卖盘
807,11:28:51,6.96,0.0,190,132240,卖盘
808,11:28:54,6.96,0.0,9,6264,卖盘
809,11:28:57,6.96,0.0,17,11832,卖盘
810,11:29:00,6.96,0.0,19,13224,卖盘
811,11:29:09,6.96,0.0,1,696,卖盘
812,11:29:12,6.96,0.0,13,9048,卖盘
813,11:29:15,6.96,0.0,5,3480,卖盘
814,11:29:18,6.96,0.0,41,28536,卖盘
815,11:29:21,6.96,0.0,1,696,卖盘
816,11:29:24,6.96,0.0,5,3480,卖盘
817,11:29:30,6.96,0.0,2,1392,卖盘
818,11:29:33,6.96,0.0,12,8352,卖盘
819,11:29:45,6.96,0.0,4,2784,卖盘
820,11:29:51,6.97,0.01,12,8364,买盘
821,11:30:00,6.97,0.0,12,8364,买盘
822,13:00:03,6.96,-0.01,138,96048,卖盘
823,13:00:06,6.96,0.0,9,6264,卖盘
824,13:00:15,6.96,0.0,1,696,卖盘
825,13:00:18,6.96,0.0,120,83520,卖盘
826,13:00:27,6.96,0.0,26,18096,卖盘
827,13:00:45,6.95,-0.01,1,695,卖盘
828,13:01:15,6.95,0.0,2,1390,卖盘
829,13:01:18,6.95,0.0,130,90537,卖盘
830,13:01:33,6.97,0.02,120,83640,买盘
831,13:01:43,6.97,0.0,143,99586,买盘
832,13:01:45,6.95,-0.02,55,38225,卖盘
833,13:01:48,6.95,0.0,74,51430,卖盘
834,13:01:51,6.97,0.02,12,8364,买盘
835,13:02:06,6.95,-0.02,74,51430,卖盘
836,13:02:18,6.96,0.01,10,6960,买盘
837,13:02:24,6.97,0.01,60,41787,买盘
838,13:02:36,6.97,0.0,10,6970,买盘
839,13:04:04,6.97,0.0,10,6970,买盘
840,13:04:06,6.95,-0.02,1,695,卖盘
841,13:04:12,6.96,0.01,11,7656,卖盘
842,13:04:18,6.97,0.01,10,6970,买盘
843,13:05:00,6.97,0.0,76,52906,买盘
844,13:06:27,6.96,-0.01,28,19488,卖盘
845,13:07:24,6.96,0.0,1,696,买盘
846,13:08:09,6.96,0.0,10,6960,买盘
847,13:08:12,6.96,0.0,1,696,买盘
848,13:08:48,6.96,0.0,12,8352,买盘
849,13:09:04,6.96,0.0,1,696,买盘
850,13:09:06,6.95,-0.01,30,20850,卖盘
851,13:09:16,6.96,0.01,10,6960,买盘
852,13:10:04,6.95,-0.01,43,29885,卖盘
853,13:10:06,6.95,0.0,1,695,卖盘
854,13:10:18,6.96,0.01,6,4176,买盘
855,13:10:27,6.95,-0.01,5,3475,卖盘
856,13:10:33,6.96,0.01,12,8352,买盘
857,13:10:39,6.96,0.0,10,6960,买盘
858,13:12:21,6.96,0.0,22,15312,买盘
859,13:13:51,6.95,-0.01,18,12510,卖盘
860,13:14:24,6.95,0.0,1,695,卖盘
861,13:14:48,6.96,0.01,10,6960,买盘
862,13:15:16,6.95,-0.01,3,2085,卖盘
863,13:15:57,6.96,0.01,10,6960,买盘
864,13:16:06,6.95,-0.01,5,3475,卖盘
865,13:16:12,6.95,0.0,1473,1023735,卖盘
866,13:16:24,6.96,0.01,12,8352,买盘
867,13:16:30,6.96,0.0,10,6960,买盘
868,13:16:33,6.96,0.0,18,12522,买盘
869,13:16:39,6.96,0.0,10,6960,买盘
870,13:16:42,6.95,-0.01,50,34750,卖盘
871,13:16:51,6.96,0.01,10,6960,买盘
872,13:17:04,6.96,0.0,20,13912,买盘
873,13:17:12,6.96,0.0,12,8352,买盘
874,13:17:15,6.95,-0.01,40,27810,卖盘
875,13:17:21,6.96,0.01,60,41760,买盘
876,13:17:27,6.96,0.0,120,83520,买盘
877,13:17:33,6.96,0.0,10,6960,买盘
878,13:17:36,6.95,-0.01,75,52125,卖盘
879,13:17:42,6.96,0.01,60,41760,买盘
880,13:17:48,6.96,0.0,81,56376,买盘
881,13:17:54,6.96,0.0,103,71688,买盘
882,13:18:00,6.96,0.0,10,6960,买盘
883,13:18:04,6.95,-0.01,6,4170,卖盘
884,13:18:12,6.96,0.01,11,7656,买盘
885,13:18:27,6.96,0.0,60,41760,买盘
886,13:18:30,6.95,-0.01,1,695,卖盘
887,13:18:33,6.96,0.01,67,46625,买盘
888,13:18:36,6.96,0.0,10,6960,买盘
889,13:18:45,6.96,0.0,10,6960,买盘
890,13:19:04,6.98,0.02,90,62632,买盘
891,13:19:18,6.97,-0.01,16,11152,买盘
892,13:19:21,6.98,0.01,60,41845,买盘
893,13:19:24,6.98,0.0,60,41880,买盘
894,13:19:30,6.98,0.0,11,7678,买盘
895,13:19:42,6.98,0.0,11,7678,买盘
896,13:19:45,6.98,0.0,16,11168,买盘
897,13:20:06,6.96,-0.02,5,3480,卖盘
898,13:20:12,6.97,0.01,9,6273,买盘
899,13:20:15,6.97,0.0,2,1394,卖盘
900,13:20:21,6.97,0.0,16,11152,买盘
901,13:21:04,6.97,0.0,16,11142,买盘
902,13:21:06,6.95,-0.02,9,6255,卖盘
903,13:21:12,6.97,0.02,11,7667,买盘
904,13:21:15,6.95,-0.02,9,6255,卖盘
905,13:21:21,6.96,0.01,11,7656,买盘
906,13:21:58,6.96,0.0,11,7656,买盘
907,13:22:04,6.95,-0.01,24,16680,卖盘
908,13:22:10,6.96,0.01,11,7656,买盘
909,13:22:12,6.95,-0.01,1,695,卖盘
910,13:22:24,6.96,0.01,60,41760,买盘
911,13:22:27,6.97,0.01,60,41783,买盘
912,13:22:30,6.97,0.0,60,41820,买盘
913,13:22:36,6.97,0.0,11,7667,买盘
914,13:22:45,6.97,0.0,8,5576,买盘
915,13:22:51,6.97,0.0,16,11152,买盘
916,13:23:57,6.97,0.0,14,9758,买盘
917,13:24:30,6.96,-0.01,14,9744,卖盘
918,13:24:43,6.97,0.01,10,6970,买盘
919,13:25:03,6.96,-0.01,7,4872,卖盘
920,13:25:06,6.97,0.01,16,11152,买盘
921,13:25:39,6.97,0.0,13,9061,买盘
922,13:25:42,6.96,-0.01,6,4176,卖盘
923,13:25:45,6.96,0.0,1,696,卖盘
924,13:25:48,6.97,0.01,8,5576,买盘
925,13:25:51,6.96,-0.01,20,13920,卖盘
926,13:25:57,6.97,0.01,8,5576,买盘
927,13:26:03,6.96,-0.01,7,4872,卖盘
928,13:26:09,6.97,0.01,11,7667,买盘
929,13:26:12,6.97,0.0,10,6970,买盘
930,13:26:42,6.96,-0.01,14,9744,卖盘
931,13:27:03,6.96,0.0,6,4176,卖盘
932,13:27:12,6.97,0.01,16,11152,买盘
933,13:27:21,6.97,0.0,5,3485,买盘
934,13:27:27,6.97,0.0,5,3485,买盘
935,13:27:36,6.97,0.0,5,3485,买盘
936,13:27:39,6.96,-0.01,8,5568,卖盘
937,13:27:42,6.97,0.01,5,3485,买盘
938,13:27:55,6.96,-0.01,50,34800,卖盘
939,13:28:00,6.97,0.01,28,19516,买盘
940,13:28:04,6.96,-0.01,30,20890,卖盘
941,13:28:09,6.97,0.01,10,6970,买盘
942,13:28:24,6.96,-0.01,2,1392,卖盘
943,13:28:33,6.96,0.0,5,3480,卖盘
944,13:28:40,6.96,0.0,108,75168,卖盘
945,13:28:48,6.97,0.01,10,6970,买盘
946,13:28:51,6.96,-0.01,20,13920,卖盘
947,13:28:57,6.96,0.0,11,7666,卖盘
948,13:29:01,6.96,0.0,50,34800,卖盘
949,13:29:04,6.97,0.01,11,7667,买盘
950,13:29:09,6.96,-0.01,50,34800,卖盘
951,13:29:15,6.97,0.01,11,7667,买盘
952,13:29:22,6.97,0.0,35,24375,买盘
953,13:29:30,6.96,-0.01,15,10440,卖盘
954,13:29:39,6.97,0.01,15,10455,买盘
955,13:29:42,6.96,-0.01,20,13920,卖盘
956,13:29:54,6.96,0.0,1,696,卖盘
957,13:30:31,6.97,0.01,15,10455,买盘
958,13:30:39,6.97,0.0,13,9061,买盘
959,13:30:54,6.96,-0.01,1,696,卖盘
960,13:31:06,6.96,0.0,3,2088,卖盘
961,13:31:18,6.96,0.0,85,59160,卖盘
962,13:31:21,6.97,0.01,16,11149,买盘
963,13:31:24,6.96,-0.01,1,696,卖盘
964,13:31:27,6.96,0.0,10,6960,卖盘
965,13:31:30,6.97,0.01,27,18805,买盘
966,13:31:33,6.96,-0.01,13,9048,卖盘
967,13:31:39,6.97,0.01,16,11152,买盘
968,13:31:45,6.97,0.0,16,11152,买盘
969,13:31:54,6.96,-0.01,1,696,卖盘
970,13:32:00,6.96,0.0,7,4872,卖盘
971,13:32:09,6.96,0.0,10,6960,卖盘
972,13:32:15,6.96,0.0,60,41805,卖盘
973,13:32:18,6.96,0.0,1,696,卖盘
974,13:32:24,6.97,0.01,45,31365,买盘
975,13:32:42,6.97,0.0,45,31365,买盘
976,13:32:46,6.97,0.0,45,31365,买盘
977,13:32:54,6.97,0.0,45,31365,买盘
978,13:33:04,6.97,0.0,13,9061,买盘
979,13:33:06,6.97,0.0,21,14637,买盘
980,13:33:27,6.97,0.0,13,9061,卖盘
981,13:33:33,6.98,0.01,14,9771,买盘
982,13:33:48,6.97,-0.01,10,6970,卖盘
983,13:34:24,6.96,-0.01,1,696,卖盘
984,13:34:30,6.97,0.01,1,697,买盘
985,13:34:33,6.96,-0.01,4,2784,卖盘
986,13:34:39,6.97,0.01,14,9757,买盘
987,13:35:18,6.96,-0.01,6,4176,卖盘
988,13:35:21,6.96,0.0,15,10440,卖盘
989,13:35:24,6.96,0.0,1,696,卖盘
990,13:35:28,6.97,0.01,13,9061,买盘
991,13:35:33,6.96,-0.01,6,4176,卖盘
992,13:35:39,6.97,0.01,13,9061,买盘
993,13:36:01,6.97,0.0,23,16031,买盘
994,13:36:04,6.97,0.0,7,4879,卖盘
995,13:36:06,6.97,0.0,15,10455,卖盘
996,13:36:15,6.97,0.0,36,25092,买盘
997,13:36:39,6.97,0.0,9,6273,卖盘
998,13:36:51,6.96,-0.01,1,696,卖盘
999,13:37:12,6.97,0.01,13,9061,买盘
1000,13:37:24,6.96,-0.01,1,696,卖盘
1001,13:37:39,6.96,0.0,14,9744,卖盘
1002,13:38:12,6.95,-0.01,290,201630,卖盘
1003,13:38:18,6.97,0.02,13,9061,买盘
1004,13:38:24,6.96,-0.01,15,10440,卖盘
1005,13:38:30,6.97,0.01,12,8364,买盘
1006,13:38:36,6.97,0.0,84,58548,买盘
1007,13:38:39,6.97,0.0,3,2091,卖盘
1008,13:38:42,6.97,0.0,15,10466,卖盘
1009,13:38:45,6.97,0.0,9,6273,卖盘
1010,13:38:48,6.98,0.01,11,7675,买盘
1011,13:39:12,6.96,-0.02,14,9744,卖盘
1012,13:39:18,6.97,0.01,16,11152,买盘
1013,13:39:43,6.96,-0.01,21,14616,卖盘
1014,13:39:57,6.96,0.0,1,696,卖盘
1015,13:40:18,6.97,0.01,45,31365,买盘
1016,13:40:37,6.96,-0.01,23,16018,卖盘
1017,13:40:42,6.96,0.0,11,7666,卖盘
1018,13:40:48,6.97,0.01,10,6970,买盘
1019,13:41:19,6.96,-0.01,18,12528,卖盘
1020,13:41:31,6.96,0.0,15,10440,卖盘
1021,13:41:39,6.97,0.01,45,31365,买盘
1022,13:41:45,6.97,0.0,31,21607,卖盘
1023,13:42:04,6.97,0.0,13,9061,卖盘
1024,13:42:15,6.97,0.0,21,14637,卖盘
1025,13:42:22,6.98,0.01,10,6973,买盘
1026,13:43:04,6.96,-0.02,1,696,卖盘
1027,13:43:42,6.96,0.0,1,696,卖盘
1028,13:43:48,6.96,0.0,14,9744,卖盘
1029,13:44:27,6.96,0.0,3,2088,卖盘
1030,13:44:33,6.96,0.0,15,10440,卖盘
1031,13:45:01,6.96,0.0,20,13920,卖盘
1032,13:45:09,6.96,0.0,13,9048,卖盘
1033,13:45:12,6.96,0.0,6,4176,卖盘
1034,13:45:18,6.97,0.01,5,3485,买盘
1035,13:45:24,6.97,0.0,45,31365,买盘
1036,13:45:54,6.96,-0.01,1,696,卖盘
1037,13:46:00,6.96,0.0,7,4872,卖盘
1038,13:46:04,6.96,0.0,100,69600,卖盘
1039,13:46:30,6.96,0.0,4,2784,卖盘
1040,13:46:33,6.96,0.0,21,14616,卖盘
1041,13:47:00,6.96,0.0,15,10440,卖盘
1042,13:47:04,6.96,0.0,100,69600,卖盘
1043,13:47:06,6.96,0.0,33,22968,卖盘
1044,13:47:09,6.96,0.0,114,79344,卖盘
1045,13:47:13,6.96,0.0,4,2784,卖盘
1046,13:47:16,6.96,0.0,3,2088,卖盘
1047,13:47:18,6.96,0.0,1,696,卖盘
1048,13:47:21,6.96,0.0,19,13224,卖盘
1049,13:47:24,6.96,0.0,2,1392,卖盘
1050,13:47:27,6.96,0.0,2,1392,卖盘
1051,13:47:30,6.96,0.0,3,2088,卖盘
1052,13:47:33,6.96,0.0,2,1392,卖盘
1053,13:47:36,6.96,0.0,4,2784,卖盘
1054,13:47:39,6.95,-0.01,1,695,卖盘
1055,13:47:42,6.96,0.01,20,13920,买盘
1056,13:47:48,6.96,0.0,14,9744,买盘
1057,13:47:51,6.96,0.0,1,696,卖盘
1058,13:47:54,6.96,0.0,1,696,卖盘
1059,13:47:57,6.96,0.0,1,696,卖盘
1060,13:48:00,6.97,0.01,34,23676,买盘
1061,13:48:24,6.95,-0.02,1,695,卖盘
1062,13:48:46,6.95,0.0,7,4865,卖盘
1063,13:48:54,6.95,0.0,14,9730,卖盘
1064,13:49:24,6.95,0.0,1,695,卖盘
1065,13:49:39,6.95,0.0,16,11120,卖盘
1066,13:49:45,6.95,0.0,1,695,卖盘
1067,13:50:00,6.95,0.0,8,5560,卖盘
1068,13:50:09,6.95,0.0,21,14615,卖盘
1069,13:50:24,6.95,0.0,43,29905,卖盘
1070,13:50:39,6.96,0.01,20,13920,买盘
1071,13:50:54,6.95,-0.01,1,695,卖盘
1072,13:51:04,6.95,0.0,491,341245,卖盘
1073,13:51:54,6.95,0.0,1,695,卖盘
1074,13:51:57,6.95,0.0,46,31970,卖盘
1075,13:52:24,6.95,0.0,1,695,卖盘
1076,13:52:39,6.95,0.0,1,695,卖盘
1077,13:52:54,6.95,0.0,1,695,卖盘
1078,13:53:31,6.95,0.0,44,30580,卖盘
1079,13:53:54,6.95,0.0,1,695,卖盘
1080,13:54:01,6.95,0.0,8,5560,卖盘
1081,13:54:24,6.95,0.0,1,695,卖盘
1082,13:55:00,6.95,0.0,16,11120,卖盘
1083,13:55:04,6.95,0.0,46,31970,卖盘
1084,13:56:00,6.95,0.0,14,9730,卖盘
1085,13:56:24,6.95,0.0,1,695,卖盘
1086,13:56:27,6.96,0.01,20,13920,买盘
1087,13:56:33,6.95,-0.01,144,100080,卖盘
1088,13:56:36,6.95,0.0,58,40310,卖盘
1089,13:57:01,6.95,0.0,2,1390,卖盘
1090,13:57:04,6.95,0.0,1,695,卖盘
1091,13:58:01,6.95,0.0,15,10425,卖盘
1092,13:58:09,6.95,0.0,48,33360,卖盘
1093,13:58:12,6.95,0.0,11,7645,卖盘
1094,13:58:24,6.95,0.0,332,230740,卖盘
1095,13:58:36,6.95,0.0,20,13900,卖盘
1096,13:58:54,6.95,0.0,24,16680,卖盘
1097,13:59:00,6.95,0.0,14,9730,卖盘
1098,13:59:10,6.96,0.01,2,1392,买盘
1099,13:59:21,6.95,-0.01,8,5560,卖盘
1100,13:59:24,6.95,0.0,9,6255,卖盘
1101,13:59:27,6.95,0.0,12,8340,卖盘
1102,13:59:30,6.95,0.0,14,9730,卖盘
1103,13:59:40,6.95,0.0,21,14595,卖盘
1104,14:00:00,6.95,0.0,14,9730,卖盘
1105,14:00:06,6.95,0.0,26,18070,卖盘
1106,14:00:09,6.95,0.0,5,3475,卖盘
1107,14:00:12,6.95,0.0,4,2780,卖盘
1108,14:00:24,6.95,0.0,1,695,卖盘
1109,14:00:51,6.95,0.0,22,15290,卖盘
1110,14:00:54,6.95,0.0,1,695,卖盘
1111,14:00:57,6.95,0.0,25,17375,卖盘
1112,14:01:00,6.95,0.0,27,18765,卖盘
1113,14:01:24,6.95,0.0,1,695,卖盘
1114,14:01:42,6.95,0.0,50,34750,卖盘
1115,14:01:48,6.95,0.0,2,1390,卖盘
1116,14:01:52,6.95,0.0,76,52820,卖盘
1117,14:01:54,6.95,0.0,1,695,卖盘
1118,14:02:01,6.95,0.0,16,11120,卖盘
1119,14:02:04,6.95,0.0,69,47955,卖盘
1120,14:02:07,6.94,-0.01,12,8328,卖盘
1121,14:02:09,6.94,0.0,1,694,卖盘
1122,14:02:18,6.95,0.01,200,139000,买盘
1123,14:02:24,6.94,-0.01,1,694,卖盘
1124,14:02:30,6.95,0.01,200,139000,买盘
1125,14:02:39,6.95,0.0,423,293967,买盘
1126,14:02:42,6.94,-0.01,80,55520,卖盘
1127,14:02:51,6.95,0.01,200,139000,买盘
1128,14:03:21,6.95,0.0,106,73670,买盘
1129,14:03:24,6.95,0.0,10,6950,卖盘
1130,14:03:28,6.95,0.0,5,3475,卖盘
1131,14:04:03,6.96,0.01,24,16704,买盘
1132,14:04:21,6.95,-0.01,79,54905,卖盘
1133,14:04:48,6.95,0.0,33,22935,买盘
1134,14:05:30,6.95,0.0,15,10425,卖盘
1135,14:06:00,6.95,0.0,3,2085,卖盘
1136,14:06:06,6.95,0.0,120,83400,卖盘
1137,14:06:18,6.95,0.0,30,20850,卖盘
1138,14:06:33,6.95,0.0,2,1390,买盘
1139,14:06:39,6.95,0.0,15,10425,买盘
1140,14:06:57,6.94,-0.01,1,694,卖盘
1141,14:07:00,6.94,0.0,17,11798,卖盘
1142,14:07:06,6.95,0.01,34,23630,买盘
1143,14:07:09,6.95,0.0,45,31271,买盘
1144,14:09:30,6.95,0.0,259,180005,卖盘
1145,14:09:33,6.94,-0.01,4,2776,卖盘
1146,14:09:39,6.95,0.01,10,6950,买盘
1147,14:09:48,6.96,0.01,200,139112,买盘
1148,14:10:48,6.95,-0.01,72,50040,买盘
1149,14:11:00,6.96,0.01,4,2784,买盘
1150,14:11:04,6.96,0.0,200,139200,买盘
1151,14:11:12,6.97,0.01,60,41808,买盘
1152,14:11:36,6.97,0.0,120,83640,买盘
1153,14:11:51,6.97,0.0,42,29274,买盘
1154,14:12:27,6.95,-0.02,95,66025,卖盘
1155,14:12:39,6.95,0.0,2,1390,买盘
1156,14:12:45,6.94,-0.01,1,694,卖盘
1157,14:12:54,6.94,0.0,65,45110,卖盘
1158,14:13:00,6.94,0.0,6,4164,卖盘
1159,14:13:30,6.94,0.0,7,4858,卖盘
1160,14:13:57,6.95,0.01,60,41700,买盘
1161,14:14:33,6.95,0.0,4,2780,卖盘
1162,14:15:00,6.95,0.0,2,1390,卖盘
1163,14:15:06,6.95,0.0,12,8340,卖盘
1164,14:15:16,6.95,0.0,11,7645,卖盘
1165,14:16:43,6.95,0.0,6,4170,卖盘
1166,14:16:51,6.95,0.0,28,19460,卖盘
1167,14:16:57,6.95,0.0,9,6255,卖盘
1168,14:17:00,6.95,0.0,1,695,卖盘
1169,14:17:21,6.95,0.0,20,13900,卖盘
1170,14:17:36,6.95,0.0,30,20850,卖盘
1171,14:17:43,6.95,0.0,29,20155,卖盘
1172,14:18:09,6.95,0.0,5,3475,卖盘
1173,14:18:25,6.95,0.0,1,695,卖盘
1174,14:18:31,6.95,0.0,1,695,卖盘
1175,14:18:33,6.95,0.0,1,695,卖盘
1176,14:18:36,6.95,0.0,29,20155,卖盘
1177,14:18:42,6.96,0.01,200,139200,买盘
1178,14:19:12,6.96,0.0,31,21576,买盘
1179,14:19:27,6.95,-0.01,29,20155,卖盘
1180,14:19:33,6.96,0.01,7,4872,买盘
1181,14:19:37,6.96,0.0,9,6264,买盘
1182,14:19:46,6.95,-0.01,1,695,卖盘
1183,14:20:00,6.95,0.0,1,695,卖盘
1184,14:20:12,6.95,0.0,1,695,卖盘
1185,14:20:22,6.95,0.0,29,20155,卖盘
1186,14:20:51,6.96,0.01,20,13920,买盘
1187,14:21:04,6.95,-0.01,14,9730,卖盘
1188,14:21:12,6.95,0.0,29,20155,卖盘
1189,14:21:27,6.95,0.0,11,7645,卖盘
1190,14:21:45,6.95,0.0,11,7645,卖盘
1191,14:22:06,6.95,0.0,25,17375,卖盘
1192,14:22:09,6.94,-0.01,12,8329,卖盘
1193,14:22:31,6.94,0.0,1,694,卖盘
1194,14:22:45,6.94,0.0,1,694,卖盘
1195,14:22:57,6.94,0.0,32,22208,卖盘
1196,14:23:00,6.94,0.0,21,14574,卖盘
1197,14:23:30,6.95,0.01,85,59075,买盘
1198,14:23:33,6.95,0.0,26,18070,卖盘
1199,14:23:48,6.95,0.0,5,3475,卖盘
1200,14:24:42,6.95,0.0,29,20155,卖盘
1201,14:24:45,6.95,0.0,18,12510,卖盘
1202,14:25:15,6.96,0.01,130,90480,买盘
1203,14:25:31,6.96,0.0,65,45240,卖盘
1204,14:25:33,6.96,0.0,5,3480,卖盘
1205,14:25:36,6.97,0.01,191,133004,买盘
1206,14:25:42,6.97,0.0,33,23025,卖盘
1207,14:26:03,6.95,-0.02,5,3475,卖盘
1208,14:26:27,6.95,0.0,1,695,卖盘
1209,14:27:04,6.95,0.0,40,27805,卖盘
1210,14:27:15,6.97,0.02,42,29274,买盘
1211,14:27:22,6.97,0.0,58,40426,卖盘
1212,14:27:25,6.98,0.01,100,69800,买盘
1213,14:27:51,6.97,-0.01,1,697,买盘
1214,14:28:04,6.98,0.01,60,41854,买盘
1215,14:28:09,6.97,-0.01,1,697,买盘
1216,14:28:12,6.95,-0.02,29,20156,卖盘
1217,14:28:27,6.96,0.01,22,15312,买盘
1218,14:28:36,6.96,0.0,20,13920,买盘
1219,14:28:51,6.95,-0.01,11,7645,卖盘
1220,14:28:57,6.96,0.01,21,14616,买盘
1221,14:29:00,6.95,-0.01,1,695,卖盘
1222,14:29:03,6.95,0.0,29,20155,卖盘
1223,14:29:39,6.95,0.0,11,7645,卖盘
1224,14:29:57,6.95,0.0,40,27800,卖盘
1225,14:30:03,6.96,0.01,100,69600,买盘
1226,14:30:13,6.96,0.0,7,4872,买盘
1227,14:30:15,6.96,0.0,1,696,卖盘
1228,14:30:30,6.96,0.0,2,1392,卖盘
1229,14:30:54,6.96,0.0,33,22968,卖盘
1230,14:31:04,6.96,0.0,157,109272,卖盘
1231,14:31:54,6.95,-0.01,18,12510,卖盘
1232,14:32:03,6.95,0.0,302,209890,卖盘
1233,14:32:09,6.95,0.0,204,141780,卖盘
1234,14:32:24,6.95,0.0,12,8340,卖盘
1235,14:32:33,6.95,0.0,1,695,卖盘
1236,14:32:39,6.95,0.0,11,7645,卖盘
1237,14:32:45,6.95,0.0,46,31970,卖盘
1238,14:32:48,6.95,0.0,50,34750,卖盘
1239,14:32:51,6.95,0.0,20,13900,卖盘
1240,14:32:54,6.95,0.0,25,17375,卖盘
1241,14:33:06,6.94,-0.01,100,69400,卖盘
1242,14:33:09,6.94,0.0,11,7634,卖盘
1243,14:33:21,6.94,0.0,12,8328,卖盘
1244,14:33:24,6.94,0.0,60,41640,卖盘
1245,14:33:27,6.94,0.0,11,7634,卖盘
1246,14:33:39,6.94,0.0,118,81992,卖盘
1247,14:33:48,6.95,0.01,89,61855,买盘
1248,14:33:52,6.95,0.0,15,10425,卖盘
1249,14:34:00,6.96,0.01,72,50112,买盘
1250,14:34:03,6.96,0.0,18,12528,卖盘
1251,14:34:09,6.97,0.01,100,69700,买盘
1252,14:34:12,6.97,0.0,76,52972,买盘
1253,14:34:15,6.96,-0.01,34,23688,卖盘
1254,14:34:21,6.98,0.02,100,69768,买盘
1255,14:34:24,6.98,0.0,10,6980,买盘
1256,14:34:30,6.95,-0.03,1,695,卖盘
1257,14:34:52,6.97,0.02,5,3477,买盘
1258,14:35:24,6.95,-0.02,18,12510,卖盘
1259,14:35:36,6.97,0.02,110,76607,买盘
1260,14:35:39,6.95,-0.02,20,13900,卖盘
1261,14:35:48,6.97,0.02,60,41820,买盘
1262,14:36:15,6.95,-0.02,1,695,卖盘
1263,14:36:30,6.96,0.01,11,7656,买盘
1264,14:36:37,6.96,0.0,60,41760,买盘
1265,14:36:40,6.97,0.01,120,83604,买盘
1266,14:36:42,6.97,0.0,60,41820,买盘
1267,14:36:54,6.97,0.0,42,29240,买盘
1268,14:37:06,6.96,-0.01,2,1392,买盘
1269,14:37:09,6.96,0.0,28,19487,买盘
1270,14:37:12,6.95,-0.01,77,53542,卖盘
1271,14:37:15,6.96,0.01,7,4872,买盘
1272,14:37:18,6.96,0.0,6,4176,买盘
1273,14:37:21,6.97,0.01,58,40377,买盘
1274,14:37:27,6.97,0.0,1,697,买盘
1275,14:37:30,6.97,0.0,1,697,买盘
1276,14:37:33,6.98,0.01,101,70427,买盘
1277,14:37:36,6.97,-0.01,2,1394,卖盘
1278,14:37:39,6.96,-0.01,9,6264,卖盘
1279,14:37:51,6.98,0.02,10,6980,买盘
1280,14:37:57,6.97,-0.01,1,697,买盘
1281,14:38:00,6.97,0.0,1,697,买盘
1282,14:38:04,6.97,0.0,20,13940,买盘
1283,14:38:06,6.97,0.0,4,2788,买盘
1284,14:38:09,6.97,0.0,5,3485,买盘
1285,14:38:15,6.97,0.0,12,8364,买盘
1286,14:38:18,6.97,0.0,2,1394,买盘
1287,14:38:55,6.96,-0.01,1,696,卖盘
1288,14:39:06,6.97,0.01,100,69700,买盘
1289,14:39:18,6.98,0.01,95,66272,买盘
1290,14:39:24,6.98,0.0,75,52450,卖盘
1291,14:39:27,7.0,0.02,70,48956,买盘
1292,14:39:30,7.0,0.0,60,42000,买盘
1293,14:39:48,7.0,0.0,110,76968,买盘
1294,14:39:54,7.0,0.0,66,46200,买盘
1295,14:39:57,7.0,0.0,34,23800,卖盘
1296,14:40:09,7.0,0.0,10,7000,买盘
1297,14:40:13,7.01,0.01,60,42057,买盘
1298,14:40:15,7.01,0.0,10,7010,买盘
1299,14:40:18,7.01,0.0,21,14721,买盘
1300,14:40:40,6.97,-0.04,1,697,卖盘
1301,14:40:43,6.97,0.0,185,128945,卖盘
1302,14:40:45,6.97,0.0,6,4182,卖盘
1303,14:40:51,6.96,-0.01,128,89208,卖盘
1304,14:41:00,6.96,0.0,63,43848,卖盘
1305,14:41:04,6.98,0.02,10,6980,买盘
1306,14:41:30,6.96,-0.02,19,13224,卖盘
1307,14:41:51,6.97,0.01,10,6970,买盘
1308,14:41:54,6.96,-0.01,1,696,卖盘
1309,14:41:58,6.97,0.01,86,59942,买盘
1310,14:42:00,6.97,0.0,2,1394,卖盘
1311,14:42:07,6.97,0.0,47,32759,卖盘
1312,14:42:24,6.98,0.01,10,6980,买盘
1313,14:42:33,6.98,0.0,38,26524,买盘
1314,14:43:06,6.98,0.0,10,6980,买盘
1315,14:43:15,6.97,-0.01,19,13243,卖盘
1316,14:43:27,6.98,0.01,10,6980,买盘
1317,14:43:36,6.98,0.0,36,25128,买盘
1318,14:43:48,6.97,-0.01,13,9061,卖盘
1319,14:44:00,6.98,0.01,10,6980,买盘
1320,14:44:06,6.97,-0.01,11,7667,卖盘
1321,14:44:09,6.97,0.0,18,12546,卖盘
1322,14:44:25,6.97,0.0,12,8364,卖盘
1323,14:44:30,6.97,0.0,2,1394,卖盘
1324,14:44:36,6.98,0.01,146,101908,买盘
1325,14:44:39,6.98,0.0,2,1396,卖盘
1326,14:44:51,6.99,0.01,10,6990,买盘
1327,14:45:01,6.98,-0.01,2,1396,卖盘
1328,14:45:04,6.98,0.0,35,24455,卖盘
1329,14:45:21,6.98,0.0,1,698,卖盘
1330,14:45:25,6.98,0.0,2,1396,卖盘
1331,14:45:31,6.98,0.0,21,14658,卖盘
1332,14:45:33,6.98,0.0,65,45370,卖盘
1333,14:45:39,6.98,0.0,11,7678,卖盘
1334,14:45:43,6.98,0.0,36,25128,买盘
1335,14:45:46,6.98,0.0,10,6980,买盘
1336,14:46:00,6.97,-0.01,242,168674,卖盘
1337,14:46:07,6.98,0.01,10,6980,买盘
1338,14:46:09,6.98,0.0,41,28618,买盘
1339,14:46:18,6.97,-0.01,1,697,卖盘
1340,14:46:24,6.97,0.0,8,5576,卖盘
1341,14:46:27,6.97,0.0,22,15334,卖盘
1342,14:46:31,6.97,0.0,12,8364,卖盘
1343,14:46:34,6.97,0.0,9,6273,卖盘
1344,14:46:48,6.97,0.0,71,49487,卖盘
1345,14:47:00,6.97,0.0,1,697,卖盘
1346,14:47:03,6.97,0.0,11,7667,卖盘
1347,14:47:18,6.98,0.01,10,6980,买盘
1348,14:47:21,6.97,-0.01,204,142188,卖盘
1349,14:47:39,6.97,0.0,12,8364,卖盘
1350,14:48:00,6.97,0.0,13,9061,卖盘
1351,14:48:06,6.97,0.0,132,92004,卖盘
1352,14:48:12,6.97,0.0,83,57851,卖盘
1353,14:48:15,6.96,-0.01,11,7656,卖盘
1354,14:48:24,6.96,0.0,10,6960,卖盘
1355,14:48:31,6.96,0.0,1,696,卖盘
1356,14:48:34,6.96,0.0,33,22968,卖盘
1357,14:48:36,6.97,0.01,18,12546,买盘
1358,14:48:39,6.96,-0.01,20,13920,卖盘
1359,14:48:48,6.96,0.0,11,7656,卖盘
1360,14:49:00,6.96,0.0,1,696,卖盘
1361,14:49:04,6.96,0.0,11,7656,卖盘
1362,14:49:21,6.96,0.0,25,17400,卖盘
1363,14:49:24,6.96,0.0,11,7656,卖盘
1364,14:49:27,6.97,0.01,2,1394,买盘
1365,14:49:39,6.96,-0.01,11,7656,卖盘
1366,14:49:42,6.97,0.01,20,13940,买盘
1367,14:49:48,6.96,-0.01,1,696,卖盘
1368,14:49:54,6.96,0.0,11,7656,卖盘
1369,14:50:01,6.96,0.0,1,696,卖盘
1370,14:50:04,6.96,0.0,4,2784,卖盘
1371,14:50:09,6.96,0.0,11,7656,卖盘
1372,14:50:18,6.96,0.0,43,29928,卖盘
1373,14:50:21,6.96,0.0,22,15312,卖盘
1374,14:50:27,6.96,0.0,50,34800,卖盘
1375,14:50:30,6.96,0.0,11,7656,卖盘
1376,14:50:33,6.96,0.0,95,66120,卖盘
1377,14:50:39,6.97,0.01,100,69700,买盘
1378,14:50:42,6.96,-0.01,56,38976,卖盘
1379,14:50:45,6.97,0.01,89,62033,买盘
1380,14:50:48,6.97,0.0,11,7667,卖盘
1381,14:51:04,6.96,-0.01,4,2784,卖盘
1382,14:51:09,6.97,0.01,126,87822,买盘
1383,14:51:12,6.97,0.0,16,11152,卖盘
1384,14:51:15,6.96,-0.01,300,208800,卖盘
1385,14:51:33,6.96,0.0,4,2784,卖盘
1386,14:51:51,6.96,0.0,81,56376,卖盘
1387,14:51:54,6.98,0.02,100,69773,买盘
1388,14:52:00,6.97,-0.01,1,697,卖盘
1389,14:52:06,6.96,-0.01,1,696,卖盘
1390,14:52:13,6.96,0.0,162,112910,卖盘
1391,14:52:19,6.98,0.02,84,58632,买盘
1392,14:52:24,6.99,0.01,10,6990,买盘
1393,14:52:27,6.98,-0.01,61,42638,卖盘
1394,14:52:30,7.0,0.02,120,83906,买盘
1395,14:52:37,6.98,-0.02,10,6980,卖盘
1396,14:52:48,6.99,0.01,96,67104,买盘
1397,14:53:04,6.99,0.0,4,2796,卖盘
1398,14:53:48,6.98,-0.01,14,9772,卖盘
1399,14:53:57,6.98,0.0,1,698,卖盘
1400,14:54:09,6.97,-0.01,21,14637,卖盘
1401,14:54:12,6.97,0.0,15,10455,卖盘
1402,14:54:30,6.96,-0.01,13,9048,卖盘
1403,14:54:33,6.96,0.0,3,2088,卖盘
1404,14:55:00,6.96,0.0,59,41064,卖盘
1405,14:55:21,6.96,0.0,10,6960,卖盘
1406,14:55:27,6.96,0.0,7,4872,卖盘
1407,14:55:33,6.96,0.0,25,17400,卖盘
1408,14:55:36,6.96,0.0,73,50808,卖盘
1409,14:55:39,6.96,0.0,325,226200,卖盘
1410,14:55:42,6.95,-0.01,25,17375,卖盘
1411,14:55:48,6.95,0.0,8,5560,卖盘
1412,14:55:51,6.96,0.01,100,69573,买盘
1413,14:55:57,6.96,0.0,4,2784,买盘
1414,14:56:04,6.95,-0.01,7,4865,卖盘
1415,14:56:24,6.95,0.0,1,695,卖盘
1416,14:56:30,6.96,0.01,16,11136,买盘
1417,14:56:42,6.95,-0.01,17,11815,卖盘
1418,14:56:48,6.95,0.0,50,34750,卖盘
1419,14:56:54,6.95,0.0,41,28495,卖盘
1420,14:57:00,6.95,0.0,450,312750,卖盘
1421,15:00:04,6.94,-0.01,1826,1267244,卖盘
