,time,price,change,volume,amount,type
0,09:25:04,7.53,0.0,91,68523,卖盘
1,09:30:04,7.53,0.0,137,103020,买盘
2,09:30:06,7.53,0.0,5,3765,买盘
3,09:30:12,7.53,0.0,20,15060,买盘
4,09:30:21,7.54,0.01,102,76907,买盘
5,09:30:30,7.53,-0.01,10,7512,卖盘
6,09:30:34,7.54,0.01,13,9802,买盘
7,09:30:37,7.53,-0.01,14,10542,卖盘
8,09:30:42,7.54,0.01,50,37700,买盘
9,09:30:51,7.53,-0.01,54,40712,卖盘
10,09:30:58,7.53,0.0,5,3765,卖盘
11,09:31:00,7.53,0.0,24,18081,卖盘
12,09:31:06,7.52,-0.01,3,2256,卖盘
13,09:31:09,7.52,0.0,17,12784,卖盘
14,09:31:13,7.51,-0.01,39,29308,卖盘
15,09:31:15,7.5,-0.01,26,19516,卖盘
16,09:31:18,7.49,-0.01,185,138645,卖盘
17,09:31:21,7.48,-0.01,91,68261,卖盘
18,09:31:27,7.45,-0.03,51,38130,卖盘
19,09:31:31,7.5,0.05,85,63744,买盘
20,09:31:33,7.5,0.0,8,6000,卖盘
21,09:31:37,7.52,0.02,73,54882,买盘
22,09:31:39,7.53,0.01,116,87301,买盘
23,09:31:51,7.53,0.0,83,62479,买盘
24,09:31:54,7.53,0.0,17,12801,卖盘
25,09:31:57,7.5,-0.03,42,31516,卖盘
26,09:32:00,7.5,0.0,54,40500,卖盘
27,09:32:04,7.5,0.0,6,4500,卖盘
28,09:32:06,7.54,0.04,58,43729,买盘
29,09:32:10,7.5,-0.04,17,12750,卖盘
30,09:32:13,7.5,0.0,1,750,卖盘
31,09:32:15,7.53,0.03,10,7530,买盘
32,09:32:18,7.5,-0.03,39,29294,卖盘
33,09:32:21,7.56,0.06,55,41580,买盘
34,09:32:24,7.52,-0.04,44,33230,卖盘
35,09:32:27,7.5,-0.02,37,27750,卖盘
36,09:32:33,7.52,0.02,10,7520,买盘
37,09:32:36,7.55,0.03,54,40755,买盘
38,09:32:39,7.53,-0.02,14,10566,中性盘
39,09:32:48,7.55,0.02,88,66440,买盘
40,09:32:54,7.55,0.0,112,84560,卖盘
41,09:32:57,7.55,0.0,7,5285,买盘
42,09:33:00,7.55,0.0,5,3775,买盘
43,09:33:06,7.53,-0.02,1,753,卖盘
44,09:33:10,7.54,0.01,10,7538,买盘
45,09:33:15,7.54,0.0,1,754,卖盘
46,09:33:21,7.54,0.0,8,6031,买盘
47,09:33:27,7.54,0.0,1,754,买盘
48,09:33:33,7.54,0.0,15,11310,买盘
49,09:33:36,7.53,-0.01,10,7530,卖盘
50,09:33:39,7.53,0.0,2,1506,中性盘
51,09:33:42,7.54,0.01,48,36189,买盘
52,09:33:45,7.52,-0.02,11,8275,卖盘
53,09:33:51,7.52,0.0,29,21831,卖盘
54,09:33:57,7.52,0.0,1,752,卖盘
55,09:34:00,7.51,-0.01,40,30070,卖盘
56,09:34:06,7.52,0.01,3,2256,中性盘
57,09:34:16,7.51,-0.01,3,2253,卖盘
58,09:34:18,7.51,0.0,20,15020,卖盘
59,09:34:21,7.51,0.0,69,51819,卖盘
60,09:34:24,7.5,-0.01,161,120750,卖盘
61,09:34:28,7.51,0.01,7,5257,买盘
62,09:34:33,7.51,0.0,17,12776,卖盘
63,09:34:39,7.51,0.0,36,27036,买盘
64,09:34:45,7.5,-0.01,74,55500,卖盘
65,09:34:51,7.5,0.0,1,750,卖盘
66,09:34:57,7.5,0.0,60,45000,卖盘
67,09:35:00,7.52,0.02,48,36094,买盘
68,09:35:04,7.52,0.0,2,1504,卖盘
69,09:35:13,7.5,-0.02,8,6000,卖盘
70,09:35:15,7.5,0.0,25,18750,卖盘
71,09:35:21,7.5,0.0,18,13500,卖盘
72,09:35:27,7.51,0.01,65,48759,买盘
73,09:35:34,7.5,-0.01,6,4500,卖盘
74,09:35:39,7.51,0.01,13,9763,买盘
75,09:35:42,7.5,-0.01,14,10500,卖盘
76,09:35:54,7.5,0.0,47,35250,买盘
77,09:35:57,7.5,0.0,42,31500,卖盘
78,09:36:01,7.48,-0.02,10,7480,卖盘
79,09:36:09,7.5,0.02,10,7500,买盘
80,09:36:12,7.5,0.0,96,71990,买盘
81,09:36:21,7.46,-0.04,46,34316,卖盘
82,09:36:24,7.46,0.0,1,746,买盘
83,09:36:27,7.45,-0.01,70,52160,卖盘
84,09:36:34,7.45,0.0,12,8940,卖盘
85,09:36:39,7.45,0.0,6,4470,卖盘
86,09:36:42,7.46,0.01,29,21622,买盘
87,09:36:45,7.46,0.0,18,13420,买盘
88,09:36:48,7.46,0.0,10,7460,买盘
89,09:36:51,7.46,0.0,193,143560,买盘
90,09:36:54,7.46,0.0,14,10444,买盘
91,09:36:57,7.45,-0.01,50,37280,卖盘
92,09:37:04,7.46,0.01,10,7460,买盘
93,09:37:06,7.46,0.0,5,3730,买盘
94,09:37:09,7.46,0.0,34,25343,买盘
95,09:37:12,7.46,0.0,302,225292,买盘
96,09:37:16,7.46,0.0,24,17904,买盘
97,09:37:24,7.48,0.02,4,2992,买盘
98,09:37:30,7.48,0.0,11,8228,买盘
99,09:37:33,7.46,-0.02,16,11936,卖盘
100,09:37:36,7.48,0.02,20,14950,买盘
101,09:37:39,7.46,-0.02,6,4476,卖盘
102,09:37:45,7.48,0.02,15,11220,买盘
103,09:37:49,7.48,0.0,8,5984,卖盘
104,09:38:06,7.49,0.01,14,10486,中性盘
105,09:38:16,7.49,0.0,13,9737,买盘
106,09:38:21,7.49,0.0,3,2247,买盘
107,09:38:24,7.5,0.01,50,37500,买盘
108,09:38:27,7.49,-0.01,5,3745,卖盘
109,09:38:33,7.49,0.0,2,1498,卖盘
110,09:38:36,7.5,0.01,10,7500,买盘
111,09:38:42,7.5,0.0,30,22496,买盘
112,09:39:00,7.49,-0.01,15,11235,卖盘
113,09:39:09,7.49,0.0,51,38198,买盘
114,09:39:12,7.48,-0.01,4,2992,卖盘
115,09:39:15,7.49,0.01,14,10486,买盘
116,09:39:18,7.48,-0.01,40,29926,卖盘
117,09:39:21,7.49,0.01,18,13482,中性盘
118,09:39:24,7.5,0.01,55,41210,买盘
119,09:39:36,7.49,-0.01,2,1498,卖盘
120,09:39:42,7.49,0.0,3,2247,卖盘
121,09:39:45,7.49,0.0,17,12733,卖盘
122,09:39:48,7.49,0.0,7,5243,买盘
123,09:39:52,7.49,0.0,8,5992,卖盘
124,09:39:54,7.5,0.01,56,42000,买盘
125,09:40:00,7.5,0.0,16,12000,卖盘
126,09:40:04,7.5,0.0,4,3000,卖盘
127,09:40:09,7.5,0.0,60,45050,卖盘
128,09:40:21,7.5,0.0,3,2250,买盘
129,09:40:24,7.48,-0.02,26,19490,卖盘
130,09:40:33,7.48,0.0,5,3740,卖盘
131,09:40:39,7.5,0.02,16,11992,买盘
132,09:40:46,7.48,-0.02,10,7498,卖盘
133,09:40:48,7.48,0.0,20,14960,卖盘
134,09:40:51,7.48,0.0,30,22440,卖盘
135,09:41:09,7.5,0.02,50,37497,买盘
136,09:41:24,7.5,0.0,11,8250,买盘
137,09:41:27,7.5,0.0,2,1500,卖盘
138,09:41:33,7.5,0.0,98,73500,卖盘
139,09:41:42,7.51,0.01,8,6006,买盘
140,09:41:48,7.5,-0.01,33,24750,买盘
141,09:41:54,7.5,0.0,67,50250,买盘
142,09:41:57,7.49,-0.01,1,749,卖盘
143,09:42:04,7.51,0.02,10,7510,买盘
144,09:42:12,7.49,-0.02,7,5243,卖盘
145,09:42:18,7.5,0.01,5,3750,买盘
146,09:42:30,7.5,0.0,6,4505,卖盘
147,09:42:36,7.51,0.01,30,22502,买盘
148,09:42:39,7.51,0.0,30,22530,买盘
149,09:42:49,7.51,0.0,14,10510,买盘
150,09:42:51,7.5,-0.01,14,10500,卖盘
151,09:43:09,7.5,0.0,1,750,卖盘
152,09:43:15,7.5,0.0,3,2250,卖盘
153,09:43:22,7.48,-0.02,145,108572,卖盘
154,09:43:24,7.48,0.0,6,4488,买盘
155,09:43:33,7.48,0.0,1,748,买盘
156,09:43:36,7.48,0.0,1,748,买盘
157,09:43:39,7.48,0.0,1,748,买盘
158,09:43:42,7.48,0.0,1,748,买盘
159,09:43:46,7.48,0.0,25,18700,买盘
160,09:43:48,7.47,-0.01,31,23162,卖盘
161,09:43:57,7.47,0.0,4,2988,卖盘
162,09:44:00,7.47,0.0,37,27644,卖盘
163,09:44:06,7.48,0.01,13,9724,卖盘
164,09:44:09,7.48,0.0,3,2244,买盘
165,09:44:12,7.48,0.0,11,8228,买盘
166,09:44:15,7.48,0.0,3,2244,买盘
167,09:44:19,7.48,0.0,15,11220,买盘
168,09:44:27,7.5,0.02,5,3750,买盘
169,09:44:39,7.5,0.0,10,7495,买盘
170,09:44:42,7.5,0.0,19,14250,买盘
171,09:44:48,7.51,0.01,5,3755,买盘
172,09:44:54,7.51,0.0,14,10514,买盘
173,09:45:00,7.52,0.01,24,18033,买盘
174,09:45:06,7.52,0.0,55,41360,买盘
175,09:45:18,7.52,0.0,10,7520,买盘
176,09:45:24,7.51,-0.01,1,751,卖盘
177,09:45:30,7.51,0.0,20,15020,卖盘
178,09:45:33,7.51,0.0,1,751,卖盘
179,09:45:39,7.51,0.0,10,7510,卖盘
180,09:45:42,7.51,0.0,1,751,卖盘
181,09:45:48,7.51,0.0,15,11265,卖盘
182,09:45:54,7.51,0.0,1,751,卖盘
183,09:45:57,7.51,0.0,87,65337,卖盘
184,09:46:06,7.51,0.0,1,751,买盘
185,09:46:15,7.5,-0.01,1,750,卖盘
186,09:46:21,7.51,0.01,31,23281,买盘
187,09:46:24,7.51,0.0,8,6008,买盘
188,09:46:33,7.51,0.0,10,7510,买盘
189,09:46:45,7.51,0.0,23,17263,买盘
190,09:46:54,7.5,-0.01,9,6750,卖盘
191,09:47:09,7.5,0.0,10,7500,卖盘
192,09:47:30,7.49,-0.01,50,37450,卖盘
193,09:47:39,7.49,0.0,43,32207,卖盘
194,09:47:51,7.48,-0.01,50,37407,卖盘
195,09:47:54,7.5,0.02,1,750,买盘
196,09:48:18,7.48,-0.02,44,32912,卖盘
197,09:48:21,7.48,0.0,1,748,卖盘
198,09:48:24,7.48,0.0,1,748,卖盘
199,09:48:27,7.48,0.0,5,3740,卖盘
200,09:48:33,7.48,0.0,3,2244,卖盘
201,09:48:36,7.46,-0.02,424,316475,卖盘
202,09:48:42,7.46,0.0,28,20885,买盘
203,09:48:45,7.46,0.0,19,14165,买盘
204,09:48:48,7.45,-0.01,258,192210,卖盘
205,09:48:54,7.43,-0.02,88,65464,卖盘
206,09:48:57,7.43,0.0,55,40875,卖盘
207,09:49:04,7.45,0.02,32,23794,买盘
208,09:49:06,7.43,-0.02,6,4458,卖盘
209,09:49:09,7.45,0.02,13,9685,买盘
210,09:49:15,7.45,0.0,89,66147,买盘
211,09:49:18,7.45,0.0,35,26075,买盘
212,09:49:24,7.44,-0.01,1,744,卖盘
213,09:49:33,7.45,0.01,7,5215,买盘
214,09:49:42,7.44,-0.01,3,2232,卖盘
215,09:49:48,7.44,0.0,10,7440,卖盘
216,09:49:51,7.44,0.0,2,1488,卖盘
217,09:50:00,7.44,0.0,45,33485,卖盘
218,09:50:12,7.45,0.01,54,40230,买盘
219,09:50:22,7.44,-0.01,134,99696,卖盘
220,09:50:25,7.45,0.01,1,745,买盘
221,09:50:27,7.44,-0.01,25,18605,卖盘
222,09:50:36,7.44,0.0,82,61008,卖盘
223,09:50:45,7.44,0.0,10,7440,卖盘
224,09:50:48,7.45,0.01,10,7450,买盘
225,09:50:52,7.44,-0.01,5,3720,中性盘
226,09:50:54,7.44,0.0,1,744,卖盘
227,09:50:57,7.45,0.01,6,4470,买盘
228,09:51:00,7.43,-0.02,10,7433,卖盘
229,09:51:04,7.43,0.0,5,3715,卖盘
230,09:51:09,7.45,0.02,1,745,买盘
231,09:51:18,7.43,-0.02,2,1486,卖盘
232,09:51:24,7.43,0.0,15,11145,卖盘
233,09:51:39,7.43,0.0,79,58697,卖盘
234,09:51:48,7.45,0.02,6,4470,买盘
235,09:51:54,7.43,-0.02,24,17837,卖盘
236,09:52:00,7.43,0.0,1,743,卖盘
237,09:52:06,7.43,0.0,56,41608,卖盘
238,09:52:09,7.43,0.0,2,1486,卖盘
239,09:52:33,7.45,0.02,5,3725,买盘
240,09:52:45,7.45,0.0,15,11175,买盘
241,09:52:48,7.44,-0.01,2,1488,中性盘
242,09:52:54,7.43,-0.01,39,28977,卖盘
243,09:52:57,7.45,0.02,84,62580,买盘
244,09:53:06,7.44,-0.01,2,1488,卖盘
245,09:53:12,7.45,0.01,9,6705,买盘
246,09:53:15,7.44,-0.01,17,12649,卖盘
247,09:53:27,7.44,0.0,4,2976,买盘
248,09:53:33,7.44,0.0,2,1488,卖盘
249,09:53:39,7.44,0.0,5,3720,卖盘
250,09:53:42,7.44,0.0,2,1488,卖盘
251,09:53:52,7.44,0.0,32,23808,卖盘
252,09:54:00,7.44,0.0,14,10416,卖盘
253,09:54:09,7.44,0.0,22,16368,卖盘
254,09:54:13,7.44,0.0,5,3720,卖盘
255,09:54:18,7.43,-0.01,100,74300,卖盘
256,09:54:27,7.43,0.0,10,7430,卖盘
257,09:54:31,7.43,0.0,29,21547,卖盘
258,09:54:36,7.44,0.01,52,38688,买盘
259,09:54:54,7.44,0.0,55,40920,卖盘
260,09:55:01,7.44,0.0,24,17856,买盘
261,09:55:04,7.46,0.02,2,1492,买盘
262,09:55:06,7.44,-0.02,10,7440,卖盘
263,09:55:12,7.46,0.02,19,14140,买盘
264,09:55:21,7.44,-0.02,9,6696,卖盘
265,09:55:39,7.44,0.0,10,7440,卖盘
266,09:55:48,7.44,0.0,1,744,卖盘
267,09:55:54,7.45,0.01,14,10426,买盘
268,09:56:04,7.45,0.0,10,7450,买盘
269,09:56:06,7.45,0.0,9,6705,卖盘
270,09:56:09,7.46,0.01,432,322272,买盘
271,09:56:15,7.45,-0.01,1,745,卖盘
272,09:56:19,7.46,0.01,20,14920,买盘
273,09:56:42,7.46,0.0,77,57442,买盘
274,09:56:51,7.47,0.01,13,9711,买盘
275,09:56:55,7.46,-0.01,7,5227,卖盘
276,09:57:09,7.47,0.01,41,30627,卖盘
277,09:57:15,7.47,0.0,1,747,买盘
278,09:57:19,7.46,-0.01,26,19418,卖盘
279,09:57:24,7.47,0.01,15,11205,买盘
280,09:57:30,7.47,0.0,45,33615,买盘
281,09:57:36,7.47,0.0,60,44820,卖盘
282,09:57:54,7.47,0.0,10,7470,卖盘
283,09:58:00,7.48,0.01,13,9724,买盘
284,09:58:04,7.47,-0.01,15,11211,卖盘
285,09:58:12,7.48,0.01,22,16447,买盘
286,09:58:15,7.47,-0.01,5,3735,卖盘
287,09:58:18,7.47,0.0,2,1494,卖盘
288,09:58:30,7.47,0.0,25,18675,卖盘
289,09:59:00,7.47,0.0,47,35109,卖盘
290,09:59:04,7.47,0.0,2,1494,买盘
291,09:59:39,7.46,-0.01,11,8207,卖盘
292,09:59:48,7.46,0.0,17,12682,卖盘
293,09:59:51,7.47,0.01,10,7470,买盘
294,09:59:54,7.47,0.0,11,8215,买盘
295,10:00:06,7.47,0.0,5,3735,卖盘
296,10:00:15,7.47,0.0,24,17928,卖盘
297,10:00:24,7.46,-0.01,91,67886,卖盘
298,10:00:27,7.46,0.0,229,170839,卖盘
299,10:00:39,7.45,-0.01,4,2980,卖盘
300,10:00:48,7.46,0.01,4,2984,买盘
301,10:00:57,7.46,0.0,5,3730,卖盘
302,10:01:04,7.46,0.0,16,11936,卖盘
303,10:01:12,7.46,0.0,10,7460,买盘
304,10:01:18,7.45,-0.01,1,745,卖盘
305,10:01:28,7.45,0.0,126,93870,卖盘
306,10:01:33,7.45,0.0,31,23095,卖盘
307,10:01:36,7.47,0.02,10,7470,买盘
308,10:01:51,7.47,0.0,15,11205,买盘
309,10:01:54,7.45,-0.02,8,5960,卖盘
310,10:02:24,7.45,0.0,3,2235,卖盘
311,10:02:36,7.45,0.0,20,14900,卖盘
312,10:02:42,7.45,0.0,2,1490,卖盘
313,10:03:15,7.45,0.0,2,1490,卖盘
314,10:03:24,7.45,0.0,65,48425,卖盘
315,10:03:33,7.47,0.02,2,1494,买盘
316,10:03:45,7.45,-0.02,20,14900,卖盘
317,10:04:33,7.46,0.01,9,6714,卖盘
318,10:04:42,7.46,0.0,1,746,卖盘
319,10:04:45,7.47,0.01,3,2241,买盘
320,10:04:55,7.46,-0.01,2,1492,卖盘
321,10:04:58,7.47,0.01,102,76194,买盘
322,10:05:21,7.47,0.0,3,2241,卖盘
323,10:05:30,7.45,-0.02,205,152758,卖盘
324,10:05:46,7.45,0.0,86,64070,卖盘
325,10:05:48,7.45,0.0,2,1490,买盘
326,10:05:54,7.45,0.0,11,8195,买盘
327,10:06:00,7.45,0.0,12,8940,买盘
328,10:06:09,7.45,0.0,6,4470,卖盘
329,10:06:27,7.45,0.0,8,5960,卖盘
330,10:06:33,7.46,0.01,10,7460,买盘
331,10:06:36,7.45,-0.01,224,166905,卖盘
332,10:07:00,7.44,-0.01,2,1488,卖盘
333,10:07:04,7.45,0.01,29,21605,买盘
334,10:07:15,7.45,0.0,12,8940,买盘
335,10:07:18,7.45,0.0,11,8195,买盘
336,10:07:22,7.45,0.0,8,5960,买盘
337,10:07:27,7.44,-0.01,20,14896,卖盘
338,10:07:33,7.44,0.0,183,136155,卖盘
339,10:07:51,7.44,0.0,84,62546,卖盘
340,10:08:03,7.45,0.01,10,7450,买盘
341,10:08:12,7.45,0.0,20,14900,买盘
342,10:08:21,7.47,0.02,5,3735,买盘
343,10:08:24,7.47,0.0,10,7470,买盘
344,10:08:33,7.48,0.01,20,14955,买盘
345,10:08:48,7.46,-0.02,6,4476,卖盘
346,10:08:51,7.48,0.02,3,2244,买盘
347,10:09:00,7.46,-0.02,16,11936,卖盘
348,10:09:06,7.46,0.0,7,5222,买盘
349,10:09:12,7.46,0.0,1,746,卖盘
350,10:09:28,7.46,0.0,2,1492,卖盘
351,10:10:09,7.46,0.0,72,53742,卖盘
352,10:10:18,7.46,0.0,10,7460,买盘
353,10:10:28,7.46,0.0,1,746,买盘
354,10:10:45,7.45,-0.01,8,5960,卖盘
355,10:10:48,7.45,0.0,108,80460,卖盘
356,10:11:04,7.46,0.01,13,9690,买盘
357,10:11:06,7.45,-0.01,21,15645,卖盘
358,10:11:15,7.46,0.01,61,45506,买盘
359,10:11:27,7.46,0.0,39,29094,卖盘
360,10:11:36,7.45,-0.01,20,14900,卖盘
361,10:11:45,7.46,0.01,18,13428,买盘
362,10:12:12,7.47,0.01,46,34362,买盘
363,10:12:24,7.47,0.0,65,48555,卖盘
364,10:12:30,7.48,0.01,1,748,买盘
365,10:12:42,7.47,-0.01,9,6723,卖盘
366,10:12:49,7.48,0.01,128,95744,买盘
367,10:13:03,7.47,-0.01,252,188416,卖盘
368,10:13:15,7.49,0.02,1,749,买盘
369,10:13:30,7.49,0.0,28,20972,买盘
370,10:13:51,7.48,-0.01,1,748,卖盘
371,10:13:54,7.48,0.0,1,748,卖盘
372,10:13:58,7.48,0.0,11,8238,卖盘
373,10:14:00,7.48,0.0,1,748,卖盘
374,10:14:04,7.49,0.01,6,4493,买盘
375,10:14:06,7.48,-0.01,1,748,卖盘
376,10:14:21,7.48,0.0,6,4488,买盘
377,10:14:30,7.47,-0.01,80,59760,卖盘
378,10:14:42,7.48,0.01,3,2244,买盘
379,10:14:45,7.48,0.0,60,44830,买盘
380,10:14:49,7.47,-0.01,2,1494,卖盘
381,10:15:04,7.46,-0.01,108,80568,卖盘
382,10:15:06,7.47,0.01,67,50003,买盘
383,10:15:30,7.45,-0.02,6,4474,卖盘
384,10:15:42,7.47,0.02,4,2988,买盘
385,10:15:45,7.47,0.0,10,7470,买盘
386,10:16:19,7.46,-0.01,2,1492,卖盘
387,10:16:39,7.46,0.0,32,23872,买盘
388,10:16:54,7.46,0.0,79,58934,卖盘
389,10:17:30,7.45,-0.01,116,86420,卖盘
390,10:17:33,7.46,0.01,16,11935,买盘
391,10:18:12,7.45,-0.01,30,22350,卖盘
392,10:18:15,7.45,0.0,20,14900,卖盘
393,10:18:30,7.45,0.0,30,22364,卖盘
394,10:18:33,7.47,0.02,2,1492,买盘
395,10:18:45,7.47,0.0,1,747,买盘
396,10:18:48,7.47,0.0,1,747,买盘
397,10:19:18,7.45,-0.02,10,7450,卖盘
398,10:19:33,7.45,0.0,8,5960,卖盘
399,10:20:27,7.46,0.01,8,5968,卖盘
400,10:20:33,7.46,0.0,25,18650,卖盘
401,10:20:36,7.46,0.0,20,14920,卖盘
402,10:20:45,7.47,0.01,41,30587,买盘
403,10:21:13,7.47,0.0,58,43326,买盘
404,10:21:22,7.47,0.0,36,26892,卖盘
405,10:21:49,7.46,-0.01,15,11190,卖盘
406,10:22:04,7.46,0.0,10,7460,买盘
407,10:22:06,7.46,0.0,114,84933,买盘
408,10:22:09,7.46,0.0,11,8206,买盘
409,10:22:15,7.44,-0.02,50,37247,卖盘
410,10:22:33,7.44,0.0,5,3720,卖盘
411,10:22:49,7.45,0.01,18,13410,卖盘
412,10:23:25,7.45,0.0,1,745,卖盘
413,10:23:39,7.45,0.0,50,37250,卖盘
414,10:23:42,7.45,0.0,30,22350,卖盘
415,10:24:06,7.45,0.0,20,14900,卖盘
416,10:24:28,7.45,0.0,12,8940,卖盘
417,10:24:30,7.45,0.0,39,29055,卖盘
418,10:24:45,7.45,0.0,117,87165,卖盘
419,10:24:48,7.45,0.0,5,3725,卖盘
420,10:24:51,7.45,0.0,50,37250,卖盘
421,10:24:54,7.45,0.0,4,2980,卖盘
422,10:24:57,7.45,0.0,8,5960,卖盘
423,10:25:24,7.46,0.01,10,7460,买盘
424,10:25:39,7.45,-0.01,64,47680,卖盘
425,10:25:42,7.45,0.0,3,2235,卖盘
426,10:25:49,7.45,0.0,16,11920,卖盘
427,10:25:54,7.45,0.0,19,14155,卖盘
428,10:25:57,7.45,0.0,10,7450,卖盘
429,10:26:06,7.45,0.0,15,11175,卖盘
430,10:26:09,7.45,0.0,10,7450,卖盘
431,10:26:16,7.45,0.0,11,8195,卖盘
432,10:26:21,7.45,0.0,4,2980,买盘
433,10:26:24,7.44,-0.01,20,14889,卖盘
434,10:26:39,7.45,0.01,1,745,买盘
435,10:26:48,7.45,0.0,15,11175,买盘
436,10:27:00,7.45,0.0,5,3725,买盘
437,10:27:18,7.44,-0.01,3,2232,卖盘
438,10:27:25,7.44,0.0,21,15624,卖盘
439,10:27:36,7.45,0.01,4,2980,买盘
440,10:27:39,7.44,-0.01,40,29760,卖盘
441,10:27:42,7.44,0.0,60,44640,卖盘
442,10:27:45,7.44,0.0,192,142848,卖盘
443,10:27:54,7.43,-0.01,15,11145,卖盘
444,10:28:00,7.44,0.01,40,29760,买盘
445,10:28:04,7.43,-0.01,16,11888,卖盘
446,10:28:06,7.43,0.0,50,37150,卖盘
447,10:28:09,7.43,0.0,61,45323,卖盘
448,10:28:12,7.43,0.0,59,43837,卖盘
449,10:28:21,7.43,0.0,18,13374,买盘
450,10:28:33,7.43,0.0,113,83959,卖盘
451,10:28:51,7.43,0.0,30,22290,买盘
452,10:28:57,7.44,0.01,100,74400,买盘
453,10:29:12,7.44,0.0,5,3720,买盘
454,10:29:24,7.43,-0.01,300,223000,卖盘
455,10:29:27,7.44,0.01,224,166656,买盘
456,10:29:30,7.44,0.0,34,25296,买盘
457,10:29:39,7.44,0.0,14,10416,卖盘
458,10:29:48,7.46,0.02,100,74506,买盘
459,10:29:57,7.45,-0.01,52,38740,卖盘
460,10:30:15,7.46,0.01,5,3730,买盘
461,10:30:24,7.45,-0.01,1,745,卖盘
462,10:30:27,7.46,0.01,7,5222,买盘
463,10:31:12,7.45,-0.01,25,18625,卖盘
464,10:31:27,7.45,0.0,97,72327,卖盘
465,10:31:30,7.45,0.0,16,11920,卖盘
466,10:31:39,7.46,0.01,1,746,买盘
467,10:31:45,7.45,-0.01,2,1490,卖盘
468,10:31:57,7.45,0.0,4,2980,卖盘
469,10:32:30,7.45,0.0,36,26820,卖盘
470,10:32:45,7.45,0.0,1,745,卖盘
471,10:33:09,7.46,0.01,10,7460,买盘
472,10:33:42,7.45,-0.01,41,30545,卖盘
473,10:33:54,7.45,0.0,3,2235,卖盘
474,10:34:00,7.45,0.0,5,3725,卖盘
475,10:34:07,7.45,0.0,31,23095,卖盘
476,10:34:21,7.45,0.0,4,2980,卖盘
477,10:34:24,7.45,0.0,9,6705,卖盘
478,10:34:27,7.45,0.0,1,745,卖盘
479,10:34:33,7.45,0.0,1,745,卖盘
480,10:34:36,7.46,0.01,2,1492,买盘
481,10:34:42,7.45,-0.01,4,2980,卖盘
482,10:34:48,7.45,0.0,37,27565,买盘
483,10:35:09,7.44,-0.01,10,7440,卖盘
484,10:35:51,7.45,0.01,25,18625,买盘
485,10:36:04,7.44,-0.01,10,7440,卖盘
486,10:36:09,7.44,0.0,30,22320,卖盘
487,10:36:33,7.45,0.01,52,38740,买盘
488,10:36:40,7.44,-0.01,110,81859,卖盘
489,10:36:48,7.44,0.0,1,744,买盘
490,10:37:04,7.43,-0.01,3,2231,卖盘
491,10:37:30,7.43,0.0,10,7430,卖盘
492,10:37:33,7.43,0.0,10,7430,卖盘
493,10:37:45,7.43,0.0,22,16346,卖盘
494,10:38:15,7.43,0.0,151,112213,卖盘
495,10:38:18,7.43,0.0,40,29720,卖盘
496,10:38:27,7.43,0.0,21,15603,卖盘
497,10:38:43,7.43,0.0,18,13391,卖盘
498,10:38:49,7.43,0.0,127,94409,卖盘
499,10:38:51,7.43,0.0,2,1486,买盘
500,10:38:57,7.43,0.0,104,77185,买盘
501,10:39:10,7.43,0.0,2,1486,买盘
502,10:39:12,7.43,0.0,38,28234,买盘
503,10:39:18,7.43,0.0,14,10402,买盘
504,10:39:24,7.44,0.01,4,2973,买盘
505,10:39:42,7.44,0.0,46,34224,买盘
506,10:39:57,7.44,0.0,58,43146,买盘
507,10:40:06,7.44,0.0,8,5952,买盘
508,10:40:09,7.44,0.0,10,7440,买盘
509,10:40:33,7.44,0.0,3,2232,买盘
510,10:40:36,7.44,0.0,40,29760,买盘
511,10:40:45,7.44,0.0,10,7440,买盘
512,10:40:54,7.44,0.0,94,69936,买盘
513,10:40:57,7.44,0.0,2,1488,买盘
514,10:41:06,7.44,0.0,62,46128,买盘
515,10:41:12,7.44,0.0,50,37200,买盘
516,10:41:18,7.44,0.0,5,3720,买盘
517,10:41:36,7.44,0.0,52,38688,买盘
518,10:41:42,7.43,-0.01,10,7430,卖盘
519,10:41:48,7.43,0.0,5,3715,卖盘
520,10:41:57,7.43,0.0,30,22290,卖盘
521,10:42:03,7.44,0.01,5,3720,买盘
522,10:42:15,7.44,0.0,2,1488,买盘
523,10:42:18,7.44,0.0,54,40166,买盘
524,10:42:21,7.44,0.0,15,11160,买盘
525,10:42:27,7.44,0.0,5,3720,买盘
526,10:42:33,7.43,-0.01,10,7430,卖盘
527,10:42:46,7.44,0.01,15,11160,买盘
528,10:42:49,7.44,0.0,30,22320,买盘
529,10:42:57,7.44,0.0,62,46122,买盘
530,10:43:12,7.44,0.0,14,10416,买盘
531,10:43:21,7.44,0.0,94,69936,卖盘
532,10:43:24,7.45,0.01,11,8195,买盘
533,10:43:33,7.44,-0.01,5,3720,卖盘
534,10:43:51,7.44,0.0,23,17112,卖盘
535,10:43:57,7.44,0.0,53,39432,卖盘
536,10:44:21,7.44,0.0,13,9672,卖盘
537,10:44:30,7.44,0.0,5,3720,卖盘
538,10:44:33,7.45,0.01,10,7450,买盘
539,10:44:39,7.44,-0.01,9,6696,卖盘
540,10:44:45,7.43,-0.01,53,39381,卖盘
541,10:44:57,7.45,0.02,10,7450,买盘
542,10:45:18,7.44,-0.01,82,61008,卖盘
543,10:45:27,7.45,0.01,93,69285,买盘
544,10:45:33,7.44,-0.01,16,11904,卖盘
545,10:46:00,7.44,0.0,1,744,卖盘
546,10:46:18,7.44,0.0,63,46872,卖盘
547,10:46:24,7.44,0.0,19,14143,卖盘
548,10:46:39,7.45,0.01,1,745,买盘
549,10:46:51,7.45,0.0,1,745,买盘
550,10:46:55,7.45,0.0,34,25330,买盘
551,10:47:07,7.45,0.0,11,8195,买盘
552,10:47:15,7.45,0.0,35,26075,买盘
553,10:47:18,7.44,-0.01,20,14880,卖盘
554,10:47:30,7.44,0.0,3,2232,卖盘
555,10:47:40,7.44,0.0,19,14136,卖盘
556,10:47:45,7.45,0.01,30,22350,买盘
557,10:48:04,7.45,0.0,200,149000,买盘
558,10:48:07,7.46,0.01,30,22364,买盘
559,10:48:18,7.46,0.0,4,2984,买盘
560,10:48:40,7.45,-0.01,1,745,卖盘
561,10:48:45,7.45,0.0,13,9685,卖盘
562,10:49:06,7.45,0.0,15,11175,卖盘
563,10:49:33,7.44,-0.01,7,5208,卖盘
564,10:49:51,7.44,0.0,10,7440,卖盘
565,10:49:57,7.45,0.01,6,4470,买盘
566,10:51:06,7.45,0.0,16,11920,买盘
567,10:51:21,7.44,-0.01,193,143592,卖盘
568,10:51:54,7.45,0.01,72,53640,买盘
569,10:52:22,7.45,0.0,26,19370,卖盘
570,10:52:36,7.45,0.0,111,82695,卖盘
571,10:52:39,7.46,0.01,2,1492,买盘
572,10:52:51,7.45,-0.01,32,23840,卖盘
573,10:53:06,7.45,0.0,22,16390,卖盘
574,10:53:15,7.45,0.0,6,4470,卖盘
575,10:53:27,7.46,0.01,5,3730,买盘
576,10:53:30,7.46,0.0,161,120056,买盘
577,10:53:39,7.47,0.01,3,2241,买盘
578,10:54:00,7.47,0.0,50,37350,买盘
579,10:54:27,7.46,-0.01,18,13428,卖盘
580,10:54:30,7.47,0.01,4,2986,买盘
581,10:54:45,7.45,-0.02,6,4470,卖盘
582,10:55:04,7.47,0.02,36,26892,买盘
583,10:55:25,7.47,0.0,8,5976,买盘
584,10:55:45,7.46,-0.01,25,18650,卖盘
585,10:56:12,7.46,0.0,1,746,买盘
586,10:56:22,7.46,0.0,3,2238,买盘
587,10:56:24,7.46,0.0,12,8952,买盘
588,10:56:30,7.45,-0.01,5,3725,卖盘
589,10:56:39,7.45,0.0,56,41720,卖盘
590,10:56:57,7.46,0.01,5,3730,买盘
591,10:57:09,7.45,-0.01,4,2981,卖盘
592,10:57:51,7.46,0.01,4,2984,卖盘
593,10:57:57,7.46,0.0,9,6714,卖盘
594,10:58:04,7.45,-0.01,1,745,卖盘
595,10:58:12,7.45,0.0,5,3725,卖盘
596,10:58:24,7.45,0.0,56,41720,卖盘
597,10:58:36,7.44,-0.01,194,144477,卖盘
598,10:59:06,7.45,0.01,10,7450,卖盘
599,10:59:12,7.45,0.0,2,1490,卖盘
600,10:59:45,7.44,-0.01,10,7440,卖盘
601,10:59:52,7.45,0.01,6,4470,买盘
602,11:00:13,7.44,-0.01,16,11904,卖盘
603,11:00:18,7.45,0.01,18,13410,买盘
604,11:00:21,7.45,0.0,1,745,买盘
605,11:00:24,7.45,0.0,5,3725,买盘
606,11:00:27,7.45,0.0,5,3725,买盘
607,11:00:30,7.45,0.0,2,1490,买盘
608,11:00:36,7.45,0.0,2,1490,买盘
609,11:00:45,7.45,0.0,40,29800,买盘
610,11:00:48,7.45,0.0,4,2980,买盘
611,11:00:51,7.45,0.0,40,29800,买盘
612,11:01:28,7.45,0.0,10,7450,卖盘
613,11:01:33,7.46,0.01,17,12682,买盘
614,11:01:39,7.47,0.01,60,44820,买盘
615,11:01:45,7.46,-0.01,5,3730,卖盘
616,11:01:54,7.46,0.0,25,18650,卖盘
617,11:02:00,7.46,0.0,3,2238,卖盘
618,11:02:12,7.45,-0.01,7,5215,卖盘
619,11:02:15,7.46,0.01,14,10444,买盘
620,11:02:24,7.47,0.01,1,747,买盘
621,11:02:33,7.45,-0.02,82,61140,卖盘
622,11:02:45,7.45,0.0,5,3725,买盘
623,11:02:48,7.45,0.0,11,8195,买盘
624,11:02:52,7.45,0.0,13,9685,买盘
625,11:03:21,7.44,-0.01,66,49142,卖盘
626,11:03:24,7.44,0.0,3,2232,买盘
627,11:03:27,7.44,0.0,4,2976,买盘
628,11:03:30,7.44,0.0,13,9672,买盘
629,11:03:33,7.45,0.01,20,14886,买盘
630,11:03:45,7.45,0.0,1,745,买盘
631,11:03:48,7.45,0.0,5,3725,买盘
632,11:03:54,7.45,0.0,1,745,买盘
633,11:04:27,7.45,0.0,11,8195,买盘
634,11:05:12,7.46,0.01,2,1492,买盘
635,11:05:15,7.46,0.0,1,746,卖盘
636,11:06:12,7.49,0.03,173,129402,买盘
637,11:06:24,7.49,0.0,1,749,卖盘
638,11:06:28,7.49,0.0,9,6741,卖盘
639,11:06:39,7.46,-0.03,7,5222,卖盘
640,11:06:57,7.46,0.0,49,36560,卖盘
641,11:07:01,7.46,0.0,11,8206,买盘
642,11:07:04,7.48,0.02,14,10472,买盘
643,11:07:24,7.49,0.01,2,1498,买盘
644,11:07:30,7.49,0.0,8,5992,卖盘
645,11:07:36,7.49,0.0,5,3745,买盘
646,11:07:39,7.49,0.0,3,2247,买盘
647,11:07:45,7.5,0.01,50,37466,买盘
648,11:07:54,7.5,0.0,9,6750,买盘
649,11:08:03,7.49,-0.01,11,8239,卖盘
650,11:08:09,7.5,0.01,5,3750,买盘
651,11:08:12,7.5,0.0,13,9750,买盘
652,11:08:18,7.5,0.0,15,11250,买盘
653,11:08:39,7.5,0.0,9,6750,买盘
654,11:08:45,7.49,-0.01,73,54677,卖盘
655,11:09:00,7.49,0.0,16,11984,卖盘
656,11:09:06,7.49,0.0,4,2996,买盘
657,11:09:12,7.5,0.01,212,159000,买盘
658,11:09:18,7.5,0.0,24,18000,卖盘
659,11:09:42,7.5,0.0,23,17250,卖盘
660,11:09:48,7.51,0.01,50,37550,买盘
661,11:09:51,7.5,-0.01,1,750,卖盘
662,11:09:54,7.51,0.01,15,11265,买盘
663,11:09:57,7.51,0.0,5,3755,买盘
664,11:10:00,7.51,0.0,20,15020,买盘
665,11:10:04,7.51,0.0,7,5257,买盘
666,11:10:09,7.5,-0.01,67,50250,卖盘
667,11:10:18,7.52,0.02,55,41347,买盘
668,11:10:24,7.52,0.0,13,9776,买盘
669,11:10:27,7.53,0.01,337,253600,买盘
670,11:10:39,7.5,-0.03,28,21000,卖盘
671,11:11:30,7.5,0.0,100,75000,卖盘
672,11:11:36,7.52,0.02,208,156416,买盘
673,11:11:49,7.52,0.0,16,12034,卖盘
674,11:11:54,7.52,0.0,10,7520,卖盘
675,11:11:57,7.53,0.01,1,753,买盘
676,11:12:00,7.52,-0.01,13,9776,卖盘
677,11:12:09,7.53,0.01,9,6777,买盘
678,11:12:12,7.52,-0.01,24,18048,卖盘
679,11:12:18,7.5,-0.02,14,10500,卖盘
680,11:12:21,7.5,0.0,2,1500,卖盘
681,11:12:24,7.5,0.0,17,12750,卖盘
682,11:12:27,7.5,0.0,25,18750,卖盘
683,11:12:37,7.5,0.0,57,42757,卖盘
684,11:12:39,7.5,0.0,180,135000,卖盘
685,11:12:42,7.5,0.0,15,11250,卖盘
686,11:12:45,7.5,0.0,5,3750,卖盘
687,11:12:48,7.5,0.0,3,2250,卖盘
688,11:12:54,7.5,0.0,48,36000,卖盘
689,11:12:57,7.5,0.0,1,750,卖盘
690,11:13:00,7.5,0.0,23,17250,卖盘
691,11:13:09,7.5,0.0,2,1500,买盘
692,11:13:25,7.48,-0.02,97,72597,卖盘
693,11:13:45,7.48,0.0,16,11968,卖盘
694,11:13:51,7.48,0.0,10,7480,买盘
695,11:14:09,7.48,0.0,26,19448,卖盘
696,11:14:33,7.47,-0.01,10,7470,卖盘
697,11:14:48,7.46,-0.01,147,109786,卖盘
698,11:15:15,7.46,0.0,46,34316,卖盘
699,11:15:22,7.46,0.0,69,51474,买盘
700,11:15:36,7.48,0.02,150,112200,买盘
701,11:15:57,7.48,0.0,17,12716,卖盘
702,11:16:10,7.49,0.01,11,8239,买盘
703,11:16:15,7.5,0.01,24,18000,买盘
704,11:16:18,7.5,0.0,1,750,卖盘
705,11:16:21,7.5,0.0,1,750,卖盘
706,11:16:24,7.49,-0.01,61,45699,卖盘
707,11:16:27,7.49,0.0,1,749,卖盘
708,11:16:30,7.49,0.0,6,4494,卖盘
709,11:16:33,7.49,0.0,4,2996,卖盘
710,11:16:36,7.49,0.0,2,1498,卖盘
711,11:16:39,7.49,0.0,4,2996,卖盘
712,11:16:42,7.49,0.0,1,749,卖盘
713,11:16:45,7.49,0.0,3,2247,卖盘
714,11:16:48,7.49,0.0,16,11984,卖盘
715,11:17:42,7.49,0.0,7,5243,买盘
716,11:17:49,7.49,0.0,48,35952,买盘
717,11:18:00,7.49,0.0,2,1498,买盘
718,11:18:10,7.48,-0.01,13,9724,卖盘
719,11:18:12,7.51,0.03,285,213898,买盘
720,11:18:15,7.51,0.0,1,751,卖盘
721,11:18:18,7.51,0.0,47,35297,卖盘
722,11:18:27,7.51,0.0,63,47313,买盘
723,11:18:33,7.51,0.0,30,22530,买盘
724,11:18:45,7.5,-0.01,6,4500,买盘
725,11:18:55,7.5,0.0,2,1500,卖盘
726,11:18:57,7.52,0.02,11,8271,买盘
727,11:19:00,7.52,0.0,8,6016,卖盘
728,11:19:03,7.52,0.0,1,752,卖盘
729,11:19:06,7.5,-0.02,1,750,卖盘
730,11:19:10,7.51,0.01,2,1502,中性盘
731,11:19:12,7.5,-0.01,11,8259,卖盘
732,11:19:15,7.52,0.02,63,47280,买盘
733,11:19:18,7.5,-0.02,18,13500,卖盘
734,11:19:21,7.5,0.0,16,12000,卖盘
735,11:19:24,7.5,0.0,8,6000,卖盘
736,11:19:27,7.5,0.0,8,6000,卖盘
737,11:19:30,7.52,0.02,20,15030,买盘
738,11:19:33,7.5,-0.02,4,3000,卖盘
739,11:19:42,7.5,0.0,10,7500,卖盘
740,11:20:03,7.5,0.0,5,3750,卖盘
741,11:20:12,7.51,0.01,57,42755,买盘
742,11:20:15,7.51,0.0,1,751,卖盘
743,11:20:18,7.51,0.0,6,4506,卖盘
744,11:20:24,7.51,0.0,17,12783,卖盘
745,11:20:40,7.52,0.01,18,13536,买盘
746,11:20:48,7.52,0.0,9,6768,买盘
747,11:20:51,7.52,0.0,3,2256,买盘
748,11:20:54,7.52,0.0,25,18800,买盘
749,11:21:03,7.52,0.0,17,12784,买盘
750,11:21:10,7.51,-0.01,383,288003,卖盘
751,11:21:18,7.51,0.0,1,751,卖盘
752,11:21:33,7.51,0.0,5,3755,卖盘
753,11:21:42,7.52,0.01,4,3008,卖盘
754,11:21:48,7.53,0.01,10,7530,买盘
755,11:21:51,7.52,-0.01,7,5264,卖盘
756,11:21:54,7.51,-0.01,1,751,卖盘
757,11:21:57,7.51,0.0,1,751,卖盘
758,11:22:24,7.51,0.0,54,40554,卖盘
759,11:22:36,7.5,-0.01,39,29250,卖盘
760,11:23:03,7.5,0.0,15,11250,买盘
761,11:23:15,7.51,0.01,10,7510,买盘
762,11:23:27,7.51,0.0,25,18775,买盘
763,11:23:30,7.52,0.01,30,22534,买盘
764,11:23:33,7.5,-0.02,44,33000,卖盘
765,11:23:39,7.5,0.0,118,88500,买盘
766,11:23:42,7.52,0.02,80,60160,买盘
767,11:24:04,7.51,-0.01,5,3755,买盘
768,11:24:06,7.51,0.0,1,751,卖盘
769,11:24:09,7.51,0.0,5,3755,卖盘
770,11:24:18,7.51,0.0,5,3755,买盘
771,11:24:30,7.5,-0.01,81,60765,卖盘
772,11:24:39,7.51,0.01,50,37535,买盘
773,11:24:43,7.51,0.0,14,10514,买盘
774,11:25:21,7.51,0.0,14,10514,买盘
775,11:25:24,7.5,-0.01,30,22500,卖盘
776,11:25:31,7.51,0.01,20,15018,买盘
777,11:25:42,7.51,0.0,1,751,买盘
778,11:26:22,7.51,0.0,1,751,买盘
779,11:27:06,7.49,-0.02,5,3745,卖盘
780,11:28:33,7.5,0.01,5,3750,买盘
781,11:28:36,7.49,-0.01,5,3745,卖盘
782,11:28:48,7.5,0.01,20,15000,买盘
783,11:29:18,7.5,0.0,5,3750,买盘
784,11:29:48,7.5,0.0,18,13500,买盘
785,11:30:00,7.5,0.0,11,8250,买盘
786,13:00:04,7.51,0.01,226,169584,买盘
787,13:00:06,7.5,-0.01,76,57050,卖盘
788,13:00:09,7.5,0.0,1,750,买盘
789,13:00:12,7.5,0.0,24,18000,买盘
790,13:00:54,7.49,-0.01,3,2247,卖盘
791,13:01:42,7.49,0.0,4,2996,卖盘
792,13:02:27,7.5,0.01,1,750,买盘
793,13:02:42,7.49,-0.01,3,2247,卖盘
794,13:02:45,7.49,0.0,14,10486,卖盘
795,13:03:15,7.49,0.0,4,2996,卖盘
796,13:03:30,7.5,0.01,4,3000,买盘
797,13:04:09,7.5,0.0,10,7500,买盘
798,13:04:33,7.5,0.0,15,11250,买盘
799,13:04:48,7.49,-0.01,50,37450,卖盘
800,13:05:04,7.5,0.01,31,23229,买盘
801,13:05:36,7.49,-0.01,4,2996,卖盘
802,13:05:48,7.49,0.0,5,3745,卖盘
803,13:05:51,7.49,0.0,2,1498,卖盘
804,13:05:54,7.49,0.0,11,8239,卖盘
805,13:06:45,7.5,0.01,4,3000,买盘
806,13:07:04,7.49,-0.01,50,37450,卖盘
807,13:07:12,7.49,0.0,10,7490,卖盘
808,13:08:30,7.49,0.0,22,16478,卖盘
809,13:08:36,7.49,0.0,2,1498,卖盘
810,13:08:51,7.49,0.0,15,11235,卖盘
811,13:10:04,7.49,0.0,1,749,卖盘
812,13:10:06,7.5,0.01,5,3750,买盘
813,13:11:03,7.49,-0.01,7,5243,卖盘
814,13:12:12,7.49,0.0,26,19474,卖盘
815,13:12:15,7.49,0.0,5,3745,买盘
816,13:12:24,7.48,-0.01,10,7480,卖盘
817,13:12:39,7.48,0.0,5,3740,卖盘
818,13:12:51,7.48,0.0,47,35156,卖盘
819,13:13:15,7.47,-0.01,7,5229,卖盘
820,13:13:21,7.48,0.01,3,2244,买盘
821,13:13:25,7.47,-0.01,4,2988,卖盘
822,13:13:39,7.48,0.01,20,14960,买盘
823,13:13:45,7.47,-0.01,3,2241,卖盘
824,13:14:00,7.47,0.0,80,59760,卖盘
825,13:14:12,7.48,0.01,1,748,买盘
826,13:14:15,7.48,0.0,28,20944,买盘
827,13:14:24,7.47,-0.01,14,10458,卖盘
828,13:15:04,7.47,0.0,5,3735,卖盘
829,13:15:09,7.47,0.0,22,16434,卖盘
830,13:15:51,7.47,0.0,1,747,卖盘
831,13:16:15,7.49,0.02,20,14961,买盘
832,13:16:30,7.49,0.0,2,1498,买盘
833,13:16:54,7.48,-0.01,10,7480,买盘
834,13:17:25,7.48,0.0,63,47124,卖盘
835,13:17:33,7.48,0.0,3,2244,买盘
836,13:17:39,7.47,-0.01,15,11205,卖盘
837,13:18:09,7.48,0.01,20,14960,买盘
838,13:18:42,7.47,-0.01,42,31374,卖盘
839,13:19:03,7.48,0.01,2,1496,买盘
840,13:19:24,7.47,-0.01,4,2988,卖盘
841,13:20:24,7.47,0.0,22,16434,卖盘
842,13:20:30,7.47,0.0,4,2988,卖盘
843,13:20:34,7.47,0.0,8,5976,卖盘
844,13:20:36,7.47,0.0,1,747,卖盘
845,13:20:42,7.47,0.0,4,2988,卖盘
846,13:20:45,7.47,0.0,2,1494,卖盘
847,13:20:51,7.47,0.0,2,1494,卖盘
848,13:20:54,7.47,0.0,70,52290,卖盘
849,13:20:57,7.47,0.0,16,11952,卖盘
850,13:21:00,7.47,0.0,5,3735,卖盘
851,13:21:12,7.47,0.0,6,4482,买盘
852,13:21:15,7.46,-0.01,1,746,卖盘
853,13:21:21,7.47,0.01,8,5976,买盘
854,13:21:33,7.48,0.01,3,2242,买盘
855,13:21:39,7.46,-0.02,109,81314,卖盘
856,13:21:54,7.46,0.0,8,5968,买盘
857,13:22:21,7.45,-0.01,18,13410,卖盘
858,13:22:42,7.45,0.0,1,745,卖盘
859,13:22:48,7.45,0.0,3,2235,卖盘
860,13:22:51,7.45,0.0,1,745,卖盘
861,13:23:28,7.45,0.0,30,22350,卖盘
862,13:23:39,7.46,0.01,2,1492,买盘
863,13:23:42,7.46,0.0,30,22380,买盘
864,13:24:42,7.46,0.0,20,14920,卖盘
865,13:24:48,7.46,0.0,5,3730,买盘
866,13:24:54,7.45,-0.01,10,7450,卖盘
867,13:24:57,7.45,0.0,10,7450,卖盘
868,13:25:24,7.45,0.0,3,2235,卖盘
869,13:25:30,7.46,0.01,4,2984,买盘
870,13:25:39,7.45,-0.01,232,172840,卖盘
871,13:25:48,7.45,0.0,12,8940,卖盘
872,13:25:51,7.45,0.0,22,16390,卖盘
873,13:25:54,7.45,0.0,4,2980,卖盘
874,13:25:57,7.45,0.0,1,745,卖盘
875,13:26:00,7.45,0.0,7,5215,卖盘
876,13:26:04,7.45,0.0,1,745,卖盘
877,13:26:15,7.45,0.0,16,11920,卖盘
878,13:26:30,7.45,0.0,8,5960,卖盘
879,13:26:54,7.46,0.01,6,4476,卖盘
880,13:27:04,7.46,0.0,34,25364,买盘
881,13:27:09,7.46,0.0,50,37300,买盘
882,13:27:15,7.45,-0.01,11,8195,卖盘
883,13:27:21,7.46,0.01,2,1492,买盘
884,13:27:27,7.46,0.0,20,14920,买盘
885,13:27:33,7.46,0.0,11,8206,买盘
886,13:27:45,7.46,0.0,3,2238,买盘
887,13:27:48,7.46,0.0,17,12680,买盘
888,13:28:06,7.46,0.0,22,16412,买盘
889,13:28:18,7.46,0.0,21,15666,卖盘
890,13:28:27,7.48,0.02,5,3740,买盘
891,13:28:30,7.46,-0.02,24,17904,卖盘
892,13:28:33,7.46,0.0,10,7460,买盘
893,13:28:39,7.46,0.0,10,7460,买盘
894,13:28:42,7.46,0.0,9,6714,买盘
895,13:29:06,7.46,0.0,2,1492,买盘
896,13:29:30,7.46,0.0,50,37300,买盘
897,13:29:48,7.46,0.0,7,5222,买盘
898,13:29:51,7.46,0.0,31,23126,买盘
899,13:29:57,7.46,0.0,81,60426,卖盘
900,13:30:00,7.46,0.0,2,1491,买盘
901,13:30:27,7.45,-0.01,16,11920,卖盘
902,13:30:30,7.45,0.0,3,2235,卖盘
903,13:30:39,7.45,0.0,5,3725,卖盘
904,13:30:48,7.45,0.0,558,415710,卖盘
905,13:30:51,7.44,-0.01,8,5952,卖盘
906,13:31:06,7.44,0.0,2,1488,卖盘
907,13:31:10,7.44,0.0,79,58776,卖盘
908,13:31:18,7.44,0.0,13,9675,卖盘
909,13:31:36,7.45,0.01,3,2235,买盘
910,13:31:39,7.43,-0.02,385,286124,卖盘
911,13:31:42,7.46,0.03,25,18602,买盘
912,13:32:12,7.44,-0.02,3,2232,买盘
913,13:32:16,7.43,-0.01,47,34926,卖盘
914,13:32:18,7.45,0.02,1,745,买盘
915,13:32:24,7.45,0.0,2,1489,买盘
916,13:32:27,7.45,0.0,2,1490,买盘
917,13:32:51,7.46,0.01,40,29840,买盘
918,13:33:04,7.46,0.0,12,8952,买盘
919,13:33:54,7.45,-0.01,10,7450,卖盘
920,13:34:15,7.45,0.0,4,2980,卖盘
921,13:35:27,7.44,-0.01,164,122084,卖盘
922,13:35:49,7.44,0.0,5,3720,卖盘
923,13:35:54,7.45,0.01,1,745,买盘
924,13:35:57,7.45,0.0,2,1490,卖盘
925,13:36:00,7.45,0.0,1,745,卖盘
926,13:36:03,7.45,0.0,1,745,卖盘
927,13:36:06,7.45,0.0,1,745,卖盘
928,13:36:09,7.45,0.0,5,3725,卖盘
929,13:36:12,7.45,0.0,9,6705,卖盘
930,13:36:22,7.45,0.0,5,3725,买盘
931,13:37:24,7.45,0.0,4,2980,买盘
932,13:37:27,7.45,0.0,20,14900,买盘
933,13:37:49,7.45,0.0,1,745,卖盘
934,13:37:52,7.45,0.0,20,14900,卖盘
935,13:37:54,7.46,0.01,9,6707,买盘
936,13:38:12,7.46,0.0,19,14174,买盘
937,13:38:42,7.44,-0.02,15,11160,卖盘
938,13:39:06,7.45,0.01,41,30545,卖盘
939,13:39:12,7.44,-0.01,5,3720,卖盘
940,13:39:16,7.45,0.01,3,2235,买盘
941,13:39:24,7.45,0.0,3,2235,买盘
942,13:39:36,7.44,-0.01,25,18620,卖盘
943,13:39:45,7.44,0.0,4,2976,卖盘
944,13:39:57,7.46,0.02,1,746,买盘
945,13:40:15,7.45,-0.01,13,9685,买盘
946,13:40:36,7.45,0.0,10,7450,卖盘
947,13:40:48,7.45,0.0,1,745,卖盘
948,13:40:51,7.45,0.0,1,745,卖盘
949,13:40:54,7.45,0.0,1,745,卖盘
950,13:40:57,7.45,0.0,1,745,卖盘
951,13:41:00,7.45,0.0,1,745,卖盘
952,13:41:03,7.45,0.0,1,745,卖盘
953,13:41:06,7.45,0.0,1,745,卖盘
954,13:41:09,7.45,0.0,11,8195,卖盘
955,13:41:12,7.45,0.0,1,745,卖盘
956,13:41:15,7.45,0.0,4,2980,卖盘
957,13:41:18,7.45,0.0,2,1490,卖盘
958,13:41:27,7.45,0.0,18,13410,卖盘
959,13:42:16,7.45,0.0,5,3725,买盘
960,13:42:19,7.44,-0.01,18,13407,卖盘
961,13:42:33,7.45,0.01,11,8195,买盘
962,13:42:48,7.46,0.01,14,10444,买盘
963,13:43:04,7.45,-0.01,3,2235,卖盘
964,13:43:30,7.45,0.0,3,2235,卖盘
965,13:43:33,7.46,0.01,3,2238,买盘
966,13:44:21,7.45,-0.01,13,9685,卖盘
967,13:45:01,7.45,0.0,70,52150,卖盘
968,13:45:24,7.44,-0.01,3,2232,卖盘
969,13:45:33,7.44,0.0,16,11904,卖盘
970,13:45:36,7.45,0.01,33,24585,买盘
971,13:45:42,7.45,0.0,21,15645,卖盘
972,13:46:00,7.45,0.0,30,22350,卖盘
973,13:46:06,7.45,0.0,3,2235,卖盘
974,13:46:09,7.45,0.0,18,13410,卖盘
975,13:46:18,7.45,0.0,6,4470,卖盘
976,13:46:27,7.45,0.0,2,1490,卖盘
977,13:46:31,7.45,0.0,3,2235,卖盘
978,13:46:34,7.46,0.01,7,5219,买盘
979,13:46:36,7.45,-0.01,2,1490,卖盘
980,13:46:39,7.45,0.0,1,745,卖盘
981,13:46:42,7.45,0.0,1,745,卖盘
982,13:46:45,7.45,0.0,1,745,卖盘
983,13:46:48,7.45,0.0,1,745,卖盘
984,13:46:51,7.45,0.0,1,745,卖盘
985,13:46:54,7.45,0.0,1,745,卖盘
986,13:47:00,7.45,0.0,14,10430,卖盘
987,13:47:04,7.45,0.0,5,3725,卖盘
988,13:47:06,7.45,0.0,1,745,卖盘
989,13:47:09,7.45,0.0,1,745,卖盘
990,13:47:21,7.45,0.0,4,2980,卖盘
991,13:47:36,7.46,0.01,13,9698,买盘
992,13:47:45,7.45,-0.01,13,9695,卖盘
993,13:48:00,7.46,0.01,5,3730,买盘
994,13:48:21,7.45,-0.01,3,2235,卖盘
995,13:49:06,7.46,0.01,62,46252,买盘
996,13:49:24,7.45,-0.01,3,2235,卖盘
997,13:49:27,7.45,0.0,4,2980,卖盘
998,13:49:30,7.45,0.0,16,11920,卖盘
999,13:49:33,7.45,0.0,5,3725,卖盘
1000,13:49:36,7.45,0.0,5,3725,卖盘
1001,13:49:39,7.45,0.0,6,4470,卖盘
1002,13:49:42,7.45,0.0,4,2980,卖盘
1003,13:49:45,7.45,0.0,6,4470,卖盘
1004,13:49:48,7.45,0.0,5,3725,卖盘
1005,13:49:51,7.45,0.0,10,7450,卖盘
1006,13:49:54,7.45,0.0,4,2980,卖盘
1007,13:49:57,7.45,0.0,2,1490,卖盘
1008,13:50:00,7.45,0.0,2,1490,卖盘
1009,13:50:04,7.45,0.0,6,4470,卖盘
1010,13:50:06,7.45,0.0,79,58849,卖盘
1011,13:50:09,7.44,-0.01,3,2232,卖盘
1012,13:50:12,7.44,0.0,15,11160,卖盘
1013,13:50:15,7.44,0.0,7,5208,卖盘
1014,13:50:18,7.44,0.0,4,2976,卖盘
1015,13:50:21,7.44,0.0,3,2232,卖盘
1016,13:50:24,7.44,0.0,11,8189,卖盘
1017,13:50:28,7.44,0.0,17,12648,卖盘
1018,13:50:30,7.44,0.0,69,51336,卖盘
1019,13:50:33,7.44,0.0,12,8928,卖盘
1020,13:50:36,7.44,0.0,5,3720,卖盘
1021,13:50:39,7.44,0.0,7,5208,卖盘
1022,13:50:42,7.44,0.0,14,10416,卖盘
1023,13:50:45,7.44,0.0,8,5952,卖盘
1024,13:50:48,7.44,0.0,4,2976,卖盘
1025,13:50:51,7.44,0.0,3,2232,卖盘
1026,13:50:57,7.44,0.0,135,100440,卖盘
1027,13:51:00,7.44,0.0,4,2976,买盘
1028,13:51:12,7.43,-0.01,138,102534,卖盘
1029,13:51:24,7.42,-0.01,10,7420,卖盘
1030,13:51:30,7.42,0.0,170,126140,卖盘
1031,13:51:33,7.42,0.0,68,50479,卖盘
1032,13:51:42,7.41,-0.01,50,37050,卖盘
1033,13:51:46,7.41,0.0,262,194142,卖盘
1034,13:51:52,7.41,0.0,42,31122,卖盘
1035,13:52:04,7.4,-0.01,9,6660,卖盘
1036,13:52:06,7.41,0.01,74,54834,买盘
1037,13:52:09,7.4,-0.01,3,2220,卖盘
1038,13:52:12,7.4,0.0,30,22200,卖盘
1039,13:52:18,7.41,0.01,10,7410,买盘
1040,13:52:24,7.41,0.0,27,20007,买盘
1041,13:52:27,7.41,0.0,22,16302,买盘
1042,13:52:30,7.4,-0.01,4,2960,卖盘
1043,13:52:43,7.41,0.01,15,11115,买盘
1044,13:52:55,7.41,0.0,14,10374,卖盘
1045,13:52:57,7.41,0.0,24,17764,买盘
1046,13:53:00,7.41,0.0,12,8892,买盘
1047,13:53:03,7.41,0.0,64,47424,卖盘
1048,13:53:06,7.4,-0.01,250,185065,卖盘
1049,13:53:09,7.4,0.0,464,343423,卖盘
1050,13:53:12,7.39,-0.01,16,11828,卖盘
1051,13:53:15,7.39,0.0,39,28823,卖盘
1052,13:53:18,7.4,0.01,32,23658,买盘
1053,13:53:21,7.4,0.0,69,51049,买盘
1054,13:53:24,7.39,-0.01,5,3695,卖盘
1055,13:53:27,7.39,0.0,9,6651,卖盘
1056,13:53:30,7.4,0.01,56,41387,买盘
1057,13:53:33,7.39,-0.01,63,46557,卖盘
1058,13:53:36,7.39,0.0,202,149278,买盘
1059,13:53:39,7.39,0.0,14,10346,买盘
1060,13:53:42,7.39,0.0,7,5167,买盘
1061,13:53:48,7.38,-0.01,100,73800,卖盘
1062,13:53:51,7.37,-0.01,295,217570,卖盘
1063,13:53:54,7.38,0.01,10,7377,买盘
1064,13:53:57,7.36,-0.02,4,2944,卖盘
1065,13:54:00,7.37,0.01,1,737,卖盘
1066,13:54:06,7.38,0.01,65,47967,买盘
1067,13:54:09,7.39,0.01,14,10346,买盘
1068,13:54:18,7.4,0.01,83,61420,买盘
1069,13:54:24,7.4,0.0,20,14800,买盘
1070,13:54:27,7.4,0.0,38,28120,买盘
1071,13:54:45,7.4,0.0,95,70300,卖盘
1072,13:55:18,7.42,0.02,10,7418,买盘
1073,13:55:27,7.41,-0.01,3,2223,卖盘
1074,13:55:34,7.42,0.01,10,7420,买盘
1075,13:55:37,7.41,-0.01,1,741,卖盘
1076,13:56:04,7.42,0.01,3,2226,买盘
1077,13:56:09,7.42,0.0,7,5194,买盘
1078,13:56:16,7.42,0.0,66,48972,买盘
1079,13:56:18,7.41,-0.01,11,8159,卖盘
1080,13:56:27,7.41,0.0,26,19266,卖盘
1081,13:56:30,7.42,0.01,10,7420,买盘
1082,13:56:39,7.42,0.0,14,10388,买盘
1083,13:56:42,7.41,-0.01,2,1482,卖盘
1084,13:56:45,7.42,0.01,5,3710,买盘
1085,13:56:54,7.41,-0.01,1,741,卖盘
1086,13:57:03,7.41,0.0,12,8892,卖盘
1087,13:57:06,7.42,0.01,42,31164,买盘
1088,13:57:09,7.41,-0.01,159,117879,卖盘
1089,13:57:12,7.41,0.0,3,2223,买盘
1090,13:57:15,7.41,0.0,1,741,买盘
1091,13:57:18,7.41,0.0,28,20748,买盘
1092,13:57:21,7.41,0.0,7,5187,买盘
1093,13:57:52,7.41,0.0,3,2223,卖盘
1094,13:58:09,7.41,0.0,2,1482,卖盘
1095,13:58:15,7.42,0.01,1,742,卖盘
1096,13:58:30,7.42,0.0,6,4452,卖盘
1097,13:58:42,7.43,0.01,11,8170,买盘
1098,13:58:54,7.43,0.0,1,743,买盘
1099,13:58:57,7.42,-0.01,8,5936,卖盘
1100,13:59:00,7.41,-0.01,125,92717,卖盘
1101,13:59:09,7.41,0.0,27,20005,买盘
1102,13:59:33,7.41,0.0,1,741,卖盘
1103,13:59:39,7.4,-0.01,1,740,卖盘
1104,13:59:42,7.41,0.01,2,1482,买盘
1105,13:59:57,7.41,0.0,20,14820,卖盘
1106,14:00:00,7.43,0.02,27,20061,买盘
1107,14:00:04,7.41,-0.02,50,37050,卖盘
1108,14:00:09,7.41,0.0,2,1482,卖盘
1109,14:00:15,7.42,0.01,4,2968,卖盘
1110,14:00:18,7.42,0.0,3,2226,卖盘
1111,14:00:27,7.43,0.01,6,4458,买盘
1112,14:00:36,7.43,0.0,34,25262,买盘
1113,14:00:46,7.43,0.0,19,14117,买盘
1114,14:00:48,7.42,-0.01,2,1485,卖盘
1115,14:00:54,7.42,0.0,261,193682,卖盘
1116,14:01:00,7.44,0.02,30,22320,买盘
1117,14:01:09,7.43,-0.01,16,11888,买盘
1118,14:01:12,7.43,0.0,3,2229,卖盘
1119,14:01:33,7.49,0.06,573,428528,买盘
1120,14:01:37,7.49,0.0,1,749,卖盘
1121,14:01:39,7.49,0.0,12,8988,卖盘
1122,14:01:43,7.49,0.0,14,10486,卖盘
1123,14:01:54,7.49,0.0,53,39697,买盘
1124,14:02:31,7.47,-0.02,10,7470,买盘
1125,14:02:45,7.45,-0.02,1,745,卖盘
1126,14:02:57,7.46,0.01,49,36554,买盘
1127,14:03:06,7.46,0.0,1,746,卖盘
1128,14:03:12,7.46,0.0,2,1492,卖盘
1129,14:03:24,7.46,0.0,33,24618,卖盘
1130,14:03:39,7.46,0.0,1,746,买盘
1131,14:03:42,7.46,0.0,55,41030,买盘
1132,14:03:48,7.46,0.0,1,746,卖盘
1133,14:04:07,7.46,0.0,9,6789,卖盘
1134,14:04:10,7.46,0.0,7,5222,卖盘
1135,14:04:12,7.46,0.0,1,746,卖盘
1136,14:04:15,7.46,0.0,4,2984,卖盘
1137,14:04:18,7.46,0.0,70,52220,卖盘
1138,14:04:24,7.47,0.01,119,88893,买盘
1139,14:04:31,7.47,0.0,1,747,卖盘
1140,14:04:39,7.47,0.0,7,5229,卖盘
1141,14:04:42,7.46,-0.01,1,746,卖盘
1142,14:04:48,7.47,0.01,6,4482,买盘
1143,14:05:06,7.46,-0.01,30,22380,卖盘
1144,14:05:09,7.46,0.0,2,1492,卖盘
1145,14:05:12,7.46,0.0,1,746,卖盘
1146,14:05:15,7.46,0.0,13,9698,卖盘
1147,14:05:18,7.44,-0.02,107,79749,卖盘
1148,14:05:36,7.44,0.0,5,3720,卖盘
1149,14:05:39,7.44,0.0,7,5134,卖盘
1150,14:05:45,7.43,-0.01,2,1486,卖盘
1151,14:05:48,7.43,0.0,5,3715,卖盘
1152,14:05:51,7.42,-0.01,100,74278,卖盘
1153,14:06:06,7.44,0.02,78,58106,买盘
1154,14:06:12,7.44,0.0,54,40176,卖盘
1155,14:06:30,7.44,0.0,1,670,买盘
1156,14:06:42,7.42,-0.02,5,3710,卖盘
1157,14:07:00,7.44,0.02,6,4464,买盘
1158,14:07:30,7.44,0.0,2,1488,买盘
1159,14:07:36,7.43,-0.01,16,11897,卖盘
1160,14:07:48,7.44,0.01,35,26037,买盘
1161,14:08:12,7.44,0.0,59,43970,买盘
1162,14:08:24,7.44,0.0,41,30430,卖盘
1163,14:08:36,7.44,0.0,24,17930,买盘
1164,14:08:42,7.44,0.0,4,2976,卖盘
1165,14:09:09,7.44,0.0,3,2232,卖盘
1166,14:09:12,7.44,0.0,12,8854,卖盘
1167,14:09:24,7.43,-0.01,25,18575,卖盘
1168,14:09:30,7.44,0.01,38,28346,买盘
1169,14:09:51,7.45,0.01,29,21601,买盘
1170,14:09:54,7.45,0.0,2,1490,卖盘
1171,14:09:57,7.45,0.0,6,4470,卖盘
1172,14:10:00,7.45,0.0,9,6705,卖盘
1173,14:10:03,7.45,0.0,3,2236,卖盘
1174,14:10:12,7.44,-0.01,1,744,卖盘
1175,14:10:36,7.44,0.0,1,744,卖盘
1176,14:10:42,7.44,0.0,54,40102,卖盘
1177,14:10:54,7.43,-0.01,1,743,卖盘
1178,14:11:00,7.42,-0.01,32,23751,卖盘
1179,14:11:12,7.43,0.01,20,14860,买盘
1180,14:11:19,7.42,-0.01,1,742,卖盘
1181,14:11:21,7.43,0.01,23,17089,买盘
1182,14:11:33,7.43,0.0,1,743,卖盘
1183,14:11:42,7.44,0.01,2,1488,买盘
1184,14:11:51,7.43,-0.01,73,54239,卖盘
1185,14:12:33,7.43,0.0,21,15604,卖盘
1186,14:12:37,7.43,0.0,1,743,卖盘
1187,14:12:57,7.44,0.01,13,9672,买盘
1188,14:13:00,7.44,0.0,8,5952,卖盘
1189,14:13:04,7.44,0.0,11,8184,卖盘
1190,14:13:18,7.43,-0.01,130,96694,卖盘
1191,14:13:21,7.44,0.01,1,744,卖盘
1192,14:13:39,7.44,0.0,1,744,卖盘
1193,14:13:45,7.44,0.0,3,2232,卖盘
1194,14:14:04,7.43,-0.01,1,743,卖盘
1195,14:14:21,7.43,0.0,1,743,卖盘
1196,14:14:24,7.43,0.0,9,6687,卖盘
1197,14:14:31,7.43,0.0,8,5944,卖盘
1198,14:14:39,7.44,0.01,3,2232,买盘
1199,14:14:42,7.44,0.0,2,1488,买盘
1200,14:14:51,7.44,0.0,10,7440,买盘
1201,14:14:57,7.44,0.0,71,52823,买盘
1202,14:15:09,7.44,0.0,13,9672,买盘
1203,14:15:15,7.44,0.0,1,744,卖盘
1204,14:15:28,7.45,0.01,37,27538,买盘
1205,14:15:33,7.44,-0.01,1,744,卖盘
1206,14:15:36,7.44,0.0,13,9672,卖盘
1207,14:15:39,7.44,0.0,3,2232,卖盘
1208,14:15:42,7.44,0.0,8,5952,卖盘
1209,14:15:45,7.45,0.01,200,149000,买盘
1210,14:15:51,7.45,0.0,250,186250,买盘
1211,14:15:54,7.45,0.0,21,15644,买盘
1212,14:16:00,7.45,0.0,262,195160,买盘
1213,14:16:06,7.45,0.0,45,33525,买盘
1214,14:16:09,7.45,0.0,24,17880,买盘
1215,14:16:12,7.45,0.0,275,204875,买盘
1216,14:16:18,7.46,0.01,8,5968,买盘
1217,14:16:24,7.47,0.01,7,5229,买盘
1218,14:16:27,7.48,0.01,180,134571,买盘
1219,14:16:36,7.48,0.0,10,7480,买盘
1220,14:16:40,7.47,-0.01,1,747,中性盘
1221,14:16:45,7.48,0.01,3,2244,买盘
1222,14:16:54,7.48,0.0,6,4487,买盘
1223,14:16:57,7.49,0.01,100,74854,买盘
1224,14:17:00,7.49,0.0,19,14231,买盘
1225,14:17:03,7.5,0.01,501,375665,买盘
1226,14:17:06,7.5,0.0,6,4500,卖盘
1227,14:17:09,7.47,-0.03,7,5229,卖盘
1228,14:17:18,7.48,0.01,1,748,中性盘
1229,14:17:21,7.48,0.0,5,3744,卖盘
1230,14:17:24,7.49,0.01,9,6734,买盘
1231,14:17:27,7.48,-0.01,3,2244,卖盘
1232,14:17:30,7.48,0.0,2,1496,卖盘
1233,14:17:33,7.48,0.0,1,748,卖盘
1234,14:17:36,7.48,0.0,1,748,卖盘
1235,14:17:39,7.48,0.0,2,1496,卖盘
1236,14:17:42,7.48,0.0,1,748,卖盘
1237,14:17:45,7.48,0.0,1,748,卖盘
1238,14:17:48,7.48,0.0,1,748,卖盘
1239,14:17:51,7.49,0.01,20,14979,买盘
1240,14:17:54,7.48,-0.01,8,5984,卖盘
1241,14:18:00,7.48,0.0,5,3740,买盘
1242,14:18:04,7.49,0.01,43,32207,买盘
1243,14:18:06,7.51,0.02,230,172525,买盘
1244,14:18:10,7.48,-0.03,2,1496,卖盘
1245,14:18:33,7.48,0.0,7,5236,卖盘
1246,14:18:36,7.49,0.01,3,2247,买盘
1247,14:18:45,7.49,0.0,8,5992,卖盘
1248,14:18:48,7.49,0.0,21,15729,买盘
1249,14:18:57,7.49,0.0,1,749,卖盘
1250,14:19:00,7.5,0.01,5,3750,买盘
1251,14:19:04,7.5,0.0,1,750,买盘
1252,14:19:15,7.49,-0.01,5,3745,卖盘
1253,14:19:21,7.48,-0.01,115,86020,卖盘
1254,14:19:24,7.48,0.0,31,23188,买盘
1255,14:19:30,7.47,-0.01,90,67230,卖盘
1256,14:19:45,7.48,0.01,56,41888,买盘
1257,14:19:51,7.48,0.0,17,12716,卖盘
1258,14:19:57,7.47,-0.01,1,747,卖盘
1259,14:20:00,7.48,0.01,10,7480,买盘
1260,14:20:04,7.48,0.0,4,2992,买盘
1261,14:20:09,7.47,-0.01,1,747,卖盘
1262,14:20:15,7.47,0.0,22,16444,卖盘
1263,14:20:18,7.48,0.01,63,47124,买盘
1264,14:20:27,7.48,0.0,1,748,卖盘
1265,14:20:33,7.48,0.0,41,30668,卖盘
1266,14:20:36,7.48,0.0,3,2244,卖盘
1267,14:20:54,7.49,0.01,18,13482,买盘
1268,14:20:57,7.49,0.0,30,22470,买盘
1269,14:21:00,7.48,-0.01,12,8991,卖盘
1270,14:21:06,7.49,0.01,10,7490,卖盘
1271,14:21:21,7.48,-0.01,1,748,卖盘
1272,14:21:24,7.5,0.02,148,110969,买盘
1273,14:21:42,7.49,-0.01,1,749,卖盘
1274,14:21:48,7.49,0.0,19,14231,卖盘
1275,14:22:00,7.49,0.0,6,4494,买盘
1276,14:22:04,7.48,-0.01,4,2995,卖盘
1277,14:22:18,7.49,0.01,123,92127,买盘
1278,14:22:24,7.49,0.0,2,1498,买盘
1279,14:22:28,7.48,-0.01,1,748,卖盘
1280,14:22:33,7.48,0.0,67,50116,卖盘
1281,14:22:45,7.47,-0.01,2,1495,卖盘
1282,14:22:49,7.48,0.01,16,11968,买盘
1283,14:22:54,7.47,-0.01,25,18679,卖盘
1284,14:23:00,7.49,0.02,2,1498,买盘
1285,14:23:12,7.47,-0.02,1,747,卖盘
1286,14:23:15,7.47,0.0,64,47808,卖盘
1287,14:23:30,7.47,0.0,1,747,卖盘
1288,14:23:42,7.48,0.01,10,7480,买盘
1289,14:23:45,7.47,-0.01,1,747,卖盘
1290,14:23:51,7.47,0.0,195,145665,卖盘
1291,14:23:57,7.47,0.0,12,8964,卖盘
1292,14:24:06,7.46,-0.01,1,746,卖盘
1293,14:24:09,7.46,0.0,2,1492,卖盘
1294,14:24:15,7.46,0.0,12,8952,卖盘
1295,14:24:24,7.47,0.01,4,2988,买盘
1296,14:24:30,7.46,-0.01,1,746,卖盘
1297,14:24:51,7.46,0.0,1,746,卖盘
1298,14:24:54,7.46,0.0,15,11190,卖盘
1299,14:24:57,7.46,0.0,3,2238,卖盘
1300,14:25:04,7.46,0.0,10,7460,卖盘
1301,14:25:06,7.47,0.01,39,29130,买盘
1302,14:25:12,7.46,-0.01,16,11949,卖盘
1303,14:25:16,7.45,-0.01,1,745,卖盘
1304,14:25:18,7.46,0.01,1,746,买盘
1305,14:25:36,7.45,-0.01,1,745,卖盘
1306,14:25:45,7.45,0.0,60,44700,卖盘
1307,14:25:51,7.45,0.0,5,3725,买盘
1308,14:25:54,7.45,0.0,29,21605,买盘
1309,14:26:00,7.44,-0.01,1,744,卖盘
1310,14:26:09,7.45,0.01,50,37240,买盘
1311,14:26:12,7.45,0.0,32,23840,卖盘
1312,14:26:16,7.44,-0.01,1,744,卖盘
1313,14:26:22,7.45,0.01,2,1490,买盘
1314,14:26:24,7.45,0.0,108,80360,买盘
1315,14:26:27,7.45,0.0,1,745,卖盘
1316,14:26:33,7.48,0.03,41,30652,买盘
1317,14:26:45,7.47,-0.01,1,747,买盘
1318,14:26:52,7.47,0.0,1,747,卖盘
1319,14:26:55,7.47,0.0,1,747,卖盘
1320,14:26:57,7.48,0.01,20,14960,买盘
1321,14:27:00,7.47,-0.01,30,22410,卖盘
1322,14:27:03,7.47,0.0,1,747,买盘
1323,14:27:16,7.46,-0.01,15,11200,卖盘
1324,14:27:21,7.45,-0.01,1,745,卖盘
1325,14:27:24,7.48,0.03,10,7470,买盘
1326,14:27:42,7.47,-0.01,1,747,卖盘
1327,14:27:46,7.47,0.0,1,747,卖盘
1328,14:27:48,7.47,0.0,1,747,卖盘
1329,14:27:51,7.47,0.0,1,747,卖盘
1330,14:27:54,7.47,0.0,1,747,卖盘
1331,14:27:57,7.47,0.0,1,747,卖盘
1332,14:28:01,7.47,0.0,1,747,卖盘
1333,14:28:04,7.47,0.0,11,8227,卖盘
1334,14:28:06,7.47,0.0,1,747,卖盘
1335,14:28:09,7.47,0.0,1,747,卖盘
1336,14:28:12,7.47,0.0,2,1494,卖盘
1337,14:28:24,7.48,0.01,2,1496,买盘
1338,14:28:28,7.47,-0.01,6,4482,卖盘
1339,14:28:31,7.47,0.0,2,1494,卖盘
1340,14:28:48,7.47,0.0,20,14940,卖盘
1341,14:28:54,7.47,0.0,2,1494,卖盘
1342,14:29:12,7.47,0.0,2,1494,卖盘
1343,14:29:15,7.47,0.0,45,33615,卖盘
1344,14:29:27,7.46,-0.01,1,746,卖盘
1345,14:29:36,7.46,0.0,1,746,买盘
1346,14:29:39,7.46,0.0,2,1492,卖盘
1347,14:29:45,7.46,0.0,20,14920,卖盘
1348,14:30:00,7.47,0.01,18,13446,买盘
1349,14:30:12,7.47,0.0,71,53037,买盘
1350,14:30:24,7.47,0.0,10,7470,卖盘
1351,14:30:33,7.47,0.0,12,8964,卖盘
1352,14:30:36,7.47,0.0,94,70218,卖盘
1353,14:30:42,7.47,0.0,15,11205,卖盘
1354,14:31:00,7.45,-0.02,100,74579,卖盘
1355,14:31:12,7.45,0.0,1,745,卖盘
1356,14:31:15,7.45,0.0,4,2980,卖盘
1357,14:31:25,7.47,0.02,25,18675,买盘
1358,14:31:33,7.47,0.0,6,4482,卖盘
1359,14:31:45,7.47,0.0,26,19422,买盘
1360,14:31:51,7.45,-0.02,1,745,卖盘
1361,14:32:04,7.46,0.01,1,746,卖盘
1362,14:32:09,7.46,0.0,100,74600,卖盘
1363,14:32:24,7.46,0.0,21,15666,卖盘
1364,14:32:33,7.46,0.0,4,2984,卖盘
1365,14:32:36,7.46,0.0,8,5968,卖盘
1366,14:32:45,7.46,0.0,12,8952,卖盘
1367,14:32:48,7.46,0.0,4,2984,卖盘
1368,14:33:00,7.46,0.0,2,1492,卖盘
1369,14:33:06,7.45,-0.01,77,57365,卖盘
1370,14:33:21,7.44,-0.01,26,19344,卖盘
1371,14:33:30,7.45,0.01,5,3722,买盘
1372,14:33:34,7.44,-0.01,1,744,卖盘
1373,14:33:37,7.45,0.01,9,6705,买盘
1374,14:33:39,7.44,-0.01,40,29760,卖盘
1375,14:33:42,7.44,0.0,10,7440,卖盘
1376,14:33:51,7.44,0.0,7,5208,卖盘
1377,14:33:57,7.45,0.01,79,58855,买盘
1378,14:34:04,7.44,-0.01,1,744,卖盘
1379,14:34:06,7.44,0.0,38,28272,卖盘
1380,14:34:15,7.43,-0.01,9,6687,卖盘
1381,14:34:21,7.43,0.0,2,1486,卖盘
1382,14:34:27,7.44,0.01,1,744,买盘
1383,14:34:33,7.43,-0.01,6,4458,卖盘
1384,14:34:54,7.43,0.0,3,2229,卖盘
1385,14:35:04,7.43,0.0,84,62412,卖盘
1386,14:35:15,7.42,-0.01,5,3710,卖盘
1387,14:35:21,7.42,0.0,1,742,卖盘
1388,14:35:25,7.42,0.0,10,7420,卖盘
1389,14:35:28,7.42,0.0,20,14840,卖盘
1390,14:35:30,7.43,0.01,80,59440,买盘
1391,14:35:37,7.42,-0.01,15,11136,卖盘
1392,14:35:54,7.42,0.0,33,24510,卖盘
1393,14:36:09,7.41,-0.01,90,66751,卖盘
1394,14:36:12,7.42,0.01,2,1484,中性盘
1395,14:36:15,7.42,0.0,2,1484,卖盘
1396,14:36:18,7.44,0.02,20,14865,买盘
1397,14:36:42,7.44,0.0,9,6696,买盘
1398,14:36:45,7.42,-0.02,39,28960,卖盘
1399,14:36:48,7.42,0.0,1,742,卖盘
1400,14:37:12,7.42,0.0,1,742,卖盘
1401,14:37:27,7.42,0.0,1,742,卖盘
1402,14:37:36,7.43,0.01,1,743,中性盘
1403,14:37:51,7.43,0.0,1,743,卖盘
1404,14:37:57,7.43,0.0,21,15603,买盘
1405,14:38:00,7.43,0.0,23,17089,买盘
1406,14:38:04,7.44,0.01,48,35712,买盘
1407,14:38:18,7.45,0.01,53,39485,买盘
1408,14:38:21,7.44,-0.01,10,7440,卖盘
1409,14:38:24,7.44,0.0,20,14880,卖盘
1410,14:38:39,7.44,0.0,17,12648,卖盘
1411,14:38:42,7.44,0.0,1,744,卖盘
1412,14:38:45,7.44,0.0,1,744,卖盘
1413,14:38:48,7.44,0.0,1,744,卖盘
1414,14:38:51,7.44,0.0,1,744,卖盘
1415,14:38:54,7.44,0.0,24,17856,卖盘
1416,14:39:09,7.43,-0.01,1,743,买盘
1417,14:39:12,7.43,0.0,6,4462,卖盘
1418,14:39:28,7.43,0.0,39,28977,卖盘
1419,14:39:33,7.43,0.0,15,11145,卖盘
1420,14:39:36,7.43,0.0,26,19318,买盘
1421,14:39:39,7.43,0.0,61,45263,买盘
1422,14:39:42,7.43,0.0,80,59440,买盘
1423,14:39:45,7.43,0.0,3,2229,买盘
1424,14:39:54,7.43,0.0,5,3715,买盘
1425,14:40:00,7.43,0.0,6,4458,卖盘
1426,14:40:06,7.43,0.0,18,13374,买盘
1427,14:40:12,7.43,0.0,13,9659,卖盘
1428,14:40:15,7.43,0.0,20,14860,卖盘
1429,14:40:27,7.43,0.0,61,45323,卖盘
1430,14:40:30,7.43,0.0,6,4458,卖盘
1431,14:40:36,7.42,-0.01,20,14840,卖盘
1432,14:40:39,7.43,0.01,1,743,买盘
1433,14:40:42,7.42,-0.01,20,14840,卖盘
1434,14:40:45,7.42,0.0,17,12614,卖盘
1435,14:40:54,7.42,0.0,56,41552,卖盘
1436,14:40:57,7.43,0.01,39,28958,买盘
1437,14:41:01,7.42,-0.01,28,20776,卖盘
1438,14:41:06,7.42,0.0,28,20776,卖盘
1439,14:41:12,7.42,0.0,11,8162,卖盘
1440,14:41:22,7.42,0.0,134,99428,卖盘
1441,14:41:39,7.41,-0.01,3,2223,卖盘
1442,14:41:48,7.41,0.0,33,24453,卖盘
1443,14:41:55,7.41,0.0,50,37050,卖盘
1444,14:41:57,7.41,0.0,46,34086,卖盘
1445,14:42:00,7.41,0.0,479,354939,卖盘
1446,14:42:04,7.41,0.0,15,11115,买盘
1447,14:42:07,7.41,0.0,6,4446,买盘
1448,14:42:10,7.4,-0.01,16,11840,卖盘
1449,14:42:18,7.4,0.0,45,33300,卖盘
1450,14:42:21,7.4,0.0,30,22200,卖盘
1451,14:42:24,7.41,0.01,44,32604,买盘
1452,14:42:27,7.41,0.0,10,7410,卖盘
1453,14:42:30,7.41,0.0,40,29640,卖盘
1454,14:42:33,7.41,0.0,6,4446,卖盘
1455,14:42:40,7.41,0.0,16,11856,买盘
1456,14:42:43,7.41,0.0,10,7410,卖盘
1457,14:42:46,7.41,0.0,28,20761,卖盘
1458,14:42:48,7.41,0.0,45,33345,卖盘
1459,14:42:52,7.41,0.0,95,70395,卖盘
1460,14:43:01,7.4,-0.01,111,82240,卖盘
1461,14:43:04,7.4,0.0,1,740,卖盘
1462,14:43:09,7.41,0.01,30,22230,买盘
1463,14:43:12,7.41,0.0,4,2964,买盘
1464,14:43:15,7.4,-0.01,136,100687,卖盘
1465,14:43:21,7.41,0.01,15,11115,买盘
1466,14:43:25,7.41,0.0,5,3705,买盘
1467,14:43:28,7.4,-0.01,45,33300,卖盘
1468,14:43:34,7.41,0.01,12,8892,买盘
1469,14:43:36,7.41,0.0,19,14092,卖盘
1470,14:43:39,7.41,0.0,54,40014,卖盘
1471,14:43:45,7.41,0.0,62,45942,卖盘
1472,14:43:48,7.41,0.0,23,17043,买盘
1473,14:43:57,7.41,0.0,49,36309,卖盘
1474,14:44:00,7.42,0.01,5,3710,买盘
1475,14:44:04,7.41,-0.01,33,24483,卖盘
1476,14:44:09,7.41,0.0,8,5928,卖盘
1477,14:44:12,7.41,0.0,10,7410,卖盘
1478,14:44:30,7.42,0.01,2,1484,买盘
1479,14:44:36,7.42,0.0,4,2968,买盘
1480,14:44:42,7.41,-0.01,155,114855,卖盘
1481,14:44:45,7.41,0.0,1,741,卖盘
1482,14:44:49,7.42,0.01,9,6677,买盘
1483,14:44:51,7.41,-0.01,38,28158,卖盘
1484,14:44:54,7.41,0.0,1,741,卖盘
1485,14:44:57,7.41,0.0,1,741,卖盘
1486,14:45:03,7.42,0.01,3,2225,买盘
1487,14:45:06,7.41,-0.01,1,741,卖盘
1488,14:45:09,7.42,0.01,1,742,买盘
1489,14:45:33,7.41,-0.01,10,7410,卖盘
1490,14:45:42,7.41,0.0,20,14820,卖盘
1491,14:45:45,7.41,0.0,162,120042,卖盘
1492,14:45:51,7.41,0.0,10,7410,买盘
1493,14:45:54,7.4,-0.01,90,66600,卖盘
1494,14:45:57,7.4,0.0,13,9620,卖盘
1495,14:46:04,7.4,0.0,87,64380,卖盘
1496,14:46:06,7.41,0.01,62,45982,中性盘
1497,14:46:12,7.41,0.0,16,11856,买盘
1498,14:46:15,7.41,0.0,1,741,买盘
1499,14:46:18,7.41,0.0,27,20007,买盘
1500,14:46:21,7.41,0.0,29,21489,买盘
1501,14:46:24,7.41,0.0,8,5928,卖盘
1502,14:46:27,7.41,0.0,18,13338,卖盘
1503,14:46:31,7.41,0.0,5,3705,卖盘
1504,14:46:33,7.41,0.0,5,3705,卖盘
1505,14:46:39,7.4,-0.01,49,36308,卖盘
1506,14:46:42,7.41,0.01,58,42978,买盘
1507,14:46:48,7.41,0.0,15,11115,卖盘
1508,14:47:04,7.41,0.0,1,741,卖盘
1509,14:47:09,7.42,0.01,30,22260,买盘
1510,14:47:12,7.41,-0.01,5,3705,卖盘
1511,14:47:21,7.42,0.01,25,18550,买盘
1512,14:47:24,7.41,-0.01,50,37050,卖盘
1513,14:47:27,7.41,0.0,86,63776,卖盘
1514,14:47:30,7.41,0.0,122,90510,卖盘
1515,14:47:36,7.41,0.0,6,4446,买盘
1516,14:47:45,7.42,0.01,35,25970,买盘
1517,14:48:00,7.43,0.01,24,17828,买盘
1518,14:48:03,7.42,-0.01,8,5936,卖盘
1519,14:48:07,7.43,0.01,4,2972,买盘
1520,14:48:12,7.43,0.0,57,42351,买盘
1521,14:48:16,7.43,0.0,18,13374,卖盘
1522,14:48:21,7.43,0.0,3,2229,卖盘
1523,14:48:24,7.43,0.0,10,7430,卖盘
1524,14:48:27,7.43,0.0,26,19318,卖盘
1525,14:48:30,7.43,0.0,1,743,卖盘
1526,14:48:40,7.43,0.0,1,743,卖盘
1527,14:48:42,7.43,0.0,2,1486,卖盘
1528,14:49:00,7.42,-0.01,10,7420,卖盘
1529,14:49:03,7.42,0.0,11,8162,卖盘
1530,14:49:12,7.43,0.01,7,5198,买盘
1531,14:49:18,7.43,0.0,70,51990,买盘
1532,14:49:33,7.43,0.0,15,11145,买盘
1533,14:49:45,7.42,-0.01,30,22260,卖盘
1534,14:49:54,7.43,0.01,72,53491,买盘
1535,14:49:57,7.43,0.0,1,743,卖盘
1536,14:50:03,7.43,0.0,94,69842,卖盘
1537,14:50:06,7.43,0.0,35,26005,卖盘
1538,14:50:21,7.43,0.0,2,1486,买盘
1539,14:50:24,7.42,-0.01,10,7420,卖盘
1540,14:50:48,7.42,0.0,1,742,卖盘
1541,14:50:54,7.42,0.0,12,8908,卖盘
1542,14:50:57,7.43,0.01,3,2229,买盘
1543,14:51:10,7.43,0.0,24,17832,买盘
1544,14:51:12,7.42,-0.01,50,37100,卖盘
1545,14:51:15,7.43,0.01,130,96590,买盘
1546,14:51:18,7.42,-0.01,20,14840,卖盘
1547,14:51:21,7.42,0.0,1,742,卖盘
1548,14:51:24,7.43,0.01,10,7430,买盘
1549,14:51:27,7.42,-0.01,12,8904,卖盘
1550,14:51:30,7.42,0.0,11,8162,卖盘
1551,14:51:39,7.42,0.0,1,742,卖盘
1552,14:51:42,7.42,0.0,2,1484,卖盘
1553,14:51:51,7.42,0.0,14,10388,卖盘
1554,14:51:54,7.42,0.0,1,742,卖盘
1555,14:52:06,7.42,0.0,8,5936,卖盘
1556,14:52:15,7.43,0.01,20,14860,买盘
1557,14:52:19,7.43,0.0,10,7430,买盘
1558,14:52:27,7.42,-0.01,80,59360,卖盘
1559,14:52:33,7.42,0.0,11,8162,卖盘
1560,14:52:39,7.43,0.01,3,2229,买盘
1561,14:52:45,7.42,-0.01,1,742,卖盘
1562,14:52:48,7.43,0.01,108,80244,买盘
1563,14:52:51,7.42,-0.01,67,49731,卖盘
1564,14:52:54,7.43,0.01,20,14860,买盘
1565,14:52:57,7.42,-0.01,201,149241,卖盘
1566,14:53:00,7.43,0.01,20,14860,买盘
1567,14:53:04,7.43,0.0,11,8173,买盘
1568,14:53:06,7.43,0.0,29,21529,买盘
1569,14:53:15,7.42,-0.01,4,2968,卖盘
1570,14:53:18,7.43,0.01,3,2229,买盘
1571,14:53:24,7.43,0.0,8,5944,买盘
1572,14:53:33,7.43,0.0,100,74300,买盘
1573,14:53:37,7.43,0.0,13,9659,买盘
1574,14:53:39,7.43,0.0,20,14860,卖盘
1575,14:53:42,7.43,0.0,14,10402,卖盘
1576,14:53:45,7.43,0.0,8,5944,卖盘
1577,14:53:51,7.43,0.0,20,14860,买盘
1578,14:53:54,7.43,0.0,10,7430,买盘
1579,14:53:57,7.43,0.0,5,3715,买盘
1580,14:54:00,7.43,0.0,5,3715,卖盘
1581,14:54:03,7.43,0.0,40,29720,卖盘
1582,14:54:09,7.43,0.0,10,7430,买盘
1583,14:54:15,7.42,-0.01,40,29680,卖盘
1584,14:54:21,7.42,0.0,29,21538,卖盘
1585,14:54:25,7.42,0.0,2,1484,卖盘
1586,14:54:42,7.42,0.0,120,89040,卖盘
1587,14:54:45,7.43,0.01,30,22290,买盘
1588,14:54:55,7.43,0.0,32,23776,买盘
1589,14:54:58,7.42,-0.01,12,8904,卖盘
1590,14:55:06,7.42,0.0,180,133560,卖盘
1591,14:55:09,7.42,0.0,14,10388,卖盘
1592,14:55:12,7.43,0.01,72,53471,买盘
1593,14:55:15,7.43,0.0,33,24510,买盘
1594,14:55:21,7.42,-0.01,22,16324,卖盘
1595,14:55:27,7.42,0.0,1,742,卖盘
1596,14:55:37,7.42,0.0,93,69084,卖盘
1597,14:55:39,7.42,0.0,10,7420,卖盘
1598,14:55:42,7.42,0.0,38,28196,卖盘
1599,14:55:45,7.43,0.01,15,11145,买盘
1600,14:55:48,7.43,0.0,144,106849,买盘
1601,14:55:54,7.42,-0.01,15,11130,卖盘
1602,14:55:57,7.42,0.0,9,6678,卖盘
1603,14:56:04,7.42,0.0,22,16324,卖盘
1604,14:56:06,7.42,0.0,26,19292,卖盘
1605,14:56:09,7.43,0.01,100,74300,买盘
1606,14:56:12,7.43,0.0,81,60103,买盘
1607,14:56:15,7.42,-0.01,133,98686,卖盘
1608,14:56:18,7.42,0.0,130,96515,卖盘
1609,14:56:27,7.43,0.01,23,17089,买盘
1610,14:56:30,7.42,-0.01,9,6678,卖盘
1611,14:56:34,7.42,0.0,33,24486,卖盘
1612,14:56:36,7.42,0.0,21,15582,买盘
1613,14:56:40,7.42,0.0,25,18550,买盘
1614,14:56:45,7.42,0.0,6,4452,卖盘
1615,14:56:48,7.42,0.0,7,5194,买盘
1616,14:56:51,7.42,0.0,2,1484,买盘
1617,14:56:54,7.42,0.0,5,3710,买盘
1618,14:56:57,7.42,0.0,50,37100,买盘
1619,15:00:04,7.41,-0.01,881,652821,卖盘
