,time,price,change,volume,amount,type
0,09:25:04,16.0,-0.04,3,4800,卖盘
1,09:30:04,16.26,0.26,6,9756,中性盘
2,09:30:07,16.2,-0.06,2,3246,卖盘
3,09:30:10,16.2,0.0,5,8098,买盘
4,09:30:28,16.25,0.05,10,16215,买盘
5,09:30:52,16.22,-0.03,16,25932,买盘
6,09:31:13,16.19,-0.03,2,3226,中性盘
7,09:31:15,16.2,0.01,9,14580,卖盘
8,09:31:25,16.18,-0.02,1,1618,买盘
9,09:31:28,16.18,0.0,11,17798,买盘
10,09:31:40,16.07,-0.11,2,3214,卖盘
11,09:31:43,16.08,0.01,1,1608,卖盘
12,09:31:48,16.17,0.09,16,25872,买盘
13,09:31:51,16.09,-0.08,1,1609,卖盘
14,09:32:10,16.14,0.05,3,4842,中性盘
15,09:32:15,16.09,-0.05,3,4827,卖盘
16,09:32:19,16.14,0.05,9,14526,买盘
17,09:32:31,16.14,0.0,7,11292,买盘
18,09:32:33,16.09,-0.05,5,8065,卖盘
19,09:32:37,16.14,0.05,1,1614,买盘
20,09:32:46,16.14,0.0,1,1614,买盘
21,09:32:52,16.15,0.01,11,17763,买盘
22,09:33:01,16.11,-0.04,1,1611,卖盘
23,09:33:04,16.1,-0.01,37,59607,卖盘
24,09:33:06,16.1,0.0,3,4830,买盘
25,09:33:16,16.1,0.0,6,9660,买盘
26,09:33:22,16.06,-0.04,59,94847,卖盘
27,09:33:28,16.1,0.04,9,14490,买盘
28,09:33:31,16.06,-0.04,1,1606,卖盘
29,09:33:33,16.06,0.0,1,1606,卖盘
30,09:33:49,16.15,0.09,16,25780,买盘
31,09:34:01,16.16,0.01,11,17769,买盘
32,09:34:04,16.09,-0.07,3,4827,卖盘
33,09:34:31,16.15,0.06,9,14535,买盘
34,09:34:33,16.09,-0.06,2,3218,卖盘
35,09:34:42,16.17,0.08,16,25862,买盘
36,09:35:01,16.1,-0.07,1,1610,卖盘
37,09:35:04,16.1,0.0,1,1610,卖盘
38,09:35:13,16.1,0.0,10,16103,卖盘
39,09:35:37,16.1,0.0,5,8050,卖盘
40,09:35:40,16.1,0.0,28,45080,卖盘
41,09:35:49,16.1,0.0,4,6440,买盘
42,09:35:52,16.1,0.0,31,49910,买盘
43,09:36:04,16.11,0.01,1,1611,卖盘
44,09:36:07,16.11,0.0,1,1611,卖盘
45,09:36:10,16.11,0.0,28,45108,卖盘
46,09:36:19,16.11,0.0,7,11282,卖盘
47,09:36:25,16.11,0.0,4,6444,买盘
48,09:36:34,16.1,-0.01,2,3220,卖盘
49,09:36:46,16.1,0.0,12,19320,卖盘
50,09:36:55,16.1,0.0,1,1610,卖盘
51,09:36:58,16.1,0.0,10,16100,卖盘
52,09:37:00,16.11,0.01,6,9666,买盘
53,09:37:24,16.1,-0.01,1,1610,卖盘
54,09:37:27,16.11,0.01,1,1611,买盘
55,09:37:34,16.11,0.0,12,19332,买盘
56,09:37:52,16.11,0.0,2,3222,卖盘
57,09:37:55,16.11,0.0,1,1611,卖盘
58,09:38:10,16.12,0.01,1,1612,卖盘
59,09:38:16,16.16,0.04,3,4848,买盘
60,09:38:22,16.12,-0.04,2,3224,卖盘
61,09:38:52,16.12,0.0,1,1612,卖盘
62,09:38:55,16.12,0.0,3,4836,卖盘
63,09:39:04,16.12,0.0,1,1612,卖盘
64,09:39:07,16.14,0.02,6,9684,买盘
65,09:39:09,16.12,-0.02,43,69316,卖盘
66,09:39:16,16.12,0.0,6,9672,卖盘
67,09:39:22,16.12,0.0,15,24180,买盘
68,09:39:27,16.11,-0.01,1,1611,卖盘
69,09:39:40,16.12,0.01,6,9672,买盘
70,09:39:43,16.12,0.0,18,29016,买盘
71,09:39:45,16.12,0.0,1,1612,买盘
72,09:39:52,16.12,0.0,2,3224,卖盘
73,09:39:55,16.12,0.0,1,1612,卖盘
74,09:40:19,16.13,0.01,1,1613,卖盘
75,09:40:33,16.14,0.01,4,6456,买盘
76,09:40:46,16.14,0.0,1,1614,买盘
77,09:40:49,16.14,0.0,9,14526,买盘
78,09:40:51,16.14,0.0,1,1614,卖盘
79,09:40:55,16.14,0.0,2,3228,卖盘
80,09:41:10,16.15,0.01,2,3230,买盘
81,09:41:15,16.14,-0.01,21,33894,卖盘
82,09:41:19,16.14,0.0,1,1614,买盘
83,09:41:31,16.13,-0.01,3,4839,卖盘
84,09:41:43,16.14,0.01,8,12912,买盘
85,09:41:46,16.14,0.0,13,20972,买盘
86,09:41:55,16.14,0.0,2,3228,买盘
87,09:41:58,16.14,0.0,6,9684,买盘
88,09:42:01,16.14,0.0,9,14520,买盘
89,09:42:16,16.13,-0.01,3,4839,卖盘
90,09:42:24,16.14,0.01,6,9684,买盘
91,09:42:28,16.14,0.0,6,9684,买盘
92,09:42:34,16.14,0.0,1,1614,买盘
93,09:42:40,16.14,0.0,5,8074,卖盘
94,09:42:43,16.14,0.0,5,8070,卖盘
95,09:42:48,16.13,-0.01,1,1613,卖盘
96,09:42:58,16.13,0.0,10,16130,卖盘
97,09:43:01,16.13,0.0,2,3226,卖盘
98,09:43:04,16.13,0.0,2,3226,买盘
99,09:43:09,16.12,-0.01,1,1612,卖盘
100,09:43:13,16.12,0.0,2,3224,卖盘
101,09:43:19,16.12,0.0,2,3224,卖盘
102,09:43:28,16.12,0.0,1,1612,卖盘
103,09:43:37,16.12,0.0,3,4836,卖盘
104,09:43:43,16.12,0.0,3,4836,卖盘
105,09:43:58,16.12,0.0,9,14512,卖盘
106,09:44:01,16.12,0.0,1,1612,卖盘
107,09:44:12,16.12,0.0,10,16120,卖盘
108,09:44:46,16.12,0.0,15,24180,卖盘
109,09:44:58,16.11,-0.01,6,9666,卖盘
110,09:45:04,16.12,0.01,1,1612,买盘
111,09:45:15,16.11,-0.01,1,1611,卖盘
112,09:45:18,16.11,0.0,5,8057,卖盘
113,09:45:28,16.11,0.0,13,20943,卖盘
114,09:45:30,16.11,0.0,1,1611,卖盘
115,09:45:34,16.1,-0.01,2,3220,卖盘
116,09:45:37,16.1,0.0,1,1610,卖盘
117,09:45:40,16.1,0.0,2,3220,卖盘
118,09:45:45,16.1,0.0,5,8050,卖盘
119,09:45:58,16.1,0.0,5,8050,卖盘
120,09:46:10,16.1,0.0,1,1610,卖盘
121,09:46:13,16.1,0.0,1,1610,卖盘
122,09:46:16,16.1,0.0,1,1610,卖盘
123,09:46:19,16.1,0.0,9,14490,卖盘
124,09:46:22,16.1,0.0,10,16100,卖盘
125,09:46:25,16.09,-0.01,5,8045,卖盘
126,09:46:28,16.08,-0.01,1,1608,卖盘
127,09:46:31,16.08,0.0,1,1608,卖盘
128,09:46:40,16.08,0.0,2,3216,卖盘
129,09:46:46,16.08,0.0,6,9648,卖盘
130,09:46:55,16.08,0.0,20,32160,卖盘
131,09:46:57,16.07,-0.01,1,1607,卖盘
132,09:47:01,16.06,-0.01,1,1606,卖盘
133,09:47:04,16.05,-0.01,14,22482,卖盘
134,09:47:07,16.05,0.0,2,3210,卖盘
135,09:47:10,16.05,0.0,2,3210,卖盘
136,09:47:16,16.05,0.0,1,1605,卖盘
137,09:47:19,16.05,0.0,1,1605,卖盘
138,09:47:22,16.08,0.03,12,19288,买盘
139,09:47:46,16.06,-0.02,1,1606,卖盘
140,09:47:49,16.06,0.0,2,3212,卖盘
141,09:47:55,16.06,0.0,1,1606,卖盘
142,09:48:01,16.06,0.0,56,89936,卖盘
143,09:48:07,16.06,0.0,1,1606,卖盘
144,09:48:13,16.06,0.0,3,4818,卖盘
145,09:48:19,16.06,0.0,3,4818,卖盘
146,09:48:27,16.06,0.0,5,8030,卖盘
147,09:48:31,16.06,0.0,8,12848,卖盘
148,09:48:37,16.06,0.0,1,1606,卖盘
149,09:48:40,16.06,0.0,10,16060,卖盘
150,09:48:43,16.05,-0.01,5,8028,卖盘
151,09:48:46,16.06,0.01,2,3212,买盘
152,09:48:49,16.07,0.01,2,3214,卖盘
153,09:49:07,16.07,0.0,2,3214,卖盘
154,09:49:16,16.07,0.0,2,3214,卖盘
155,09:49:19,16.08,0.01,1,1608,买盘
156,09:49:22,16.07,-0.01,1,1607,卖盘
157,09:49:28,16.08,0.01,18,28927,买盘
158,09:49:40,16.07,-0.01,1,1607,卖盘
159,09:49:42,16.06,-0.01,4,6424,卖盘
160,09:49:49,16.06,0.0,3,4818,卖盘
161,09:49:58,16.06,0.0,4,6424,卖盘
162,09:50:04,16.06,0.0,11,17666,买盘
163,09:50:07,16.05,-0.01,1,1605,卖盘
164,09:50:09,16.05,0.0,11,17655,卖盘
165,09:50:12,16.04,-0.01,1,1604,卖盘
166,09:50:25,16.04,0.0,3,4812,卖盘
167,09:50:34,16.05,0.01,6,9630,买盘
168,09:50:39,16.04,-0.01,2,3208,卖盘
169,09:50:43,16.04,0.0,6,9624,卖盘
170,09:50:46,16.04,0.0,4,6414,买盘
171,09:50:58,16.04,0.0,9,14436,买盘
172,09:51:13,16.04,0.0,3,4812,卖盘
173,09:51:16,16.05,0.01,26,41717,买盘
174,09:51:28,16.05,0.0,19,30497,卖盘
175,09:51:34,16.05,0.0,5,8025,买盘
176,09:51:43,16.04,-0.01,1,1604,卖盘
177,09:51:46,16.04,0.0,3,4812,卖盘
178,09:52:01,16.05,0.01,11,17655,买盘
179,09:52:04,16.05,0.0,5,8025,买盘
180,09:52:16,16.05,0.0,6,9633,卖盘
181,09:52:19,16.05,0.0,2,3210,卖盘
182,09:52:31,16.06,0.01,2,3212,买盘
183,09:52:46,16.05,-0.01,3,4815,卖盘
184,09:53:13,16.05,0.0,42,67420,卖盘
185,09:53:16,16.05,0.0,1,1605,卖盘
186,09:53:19,16.05,0.0,3,4815,卖盘
187,09:53:37,16.05,0.0,2,3210,卖盘
188,09:53:43,16.05,0.0,1,1605,卖盘
189,09:53:49,16.05,0.0,6,9630,卖盘
190,09:53:55,16.05,0.0,2,3210,卖盘
191,09:54:04,16.05,0.0,13,20877,卖盘
192,09:54:10,16.05,0.0,2,3210,卖盘
193,09:54:15,16.05,0.0,1,1605,卖盘
194,09:54:24,16.06,0.01,12,19272,买盘
195,09:54:37,16.05,-0.01,1,1605,卖盘
196,09:54:40,16.06,0.01,3,4816,买盘
197,09:54:43,16.05,-0.01,1,1605,卖盘
198,09:54:58,16.05,0.0,2,3210,卖盘
199,09:55:04,16.06,0.01,1,1606,买盘
200,09:55:10,16.05,-0.01,1,1605,卖盘
201,09:55:12,16.05,0.0,2,3210,卖盘
202,09:55:16,16.05,0.0,40,64200,卖盘
203,09:55:19,16.04,-0.01,1,1604,卖盘
204,09:55:25,16.05,0.01,4,6420,买盘
205,09:55:28,16.04,-0.01,2,3208,卖盘
206,09:55:34,16.04,0.0,1,1604,卖盘
207,09:55:36,16.04,0.0,1,1604,卖盘
208,09:55:40,16.04,0.0,1,1604,卖盘
209,09:55:46,16.05,0.01,8,12840,买盘
210,09:55:49,16.05,0.0,4,6420,买盘
211,09:56:01,16.05,0.0,16,25686,卖盘
212,09:56:04,16.06,0.01,1,1606,买盘
213,09:56:06,16.05,-0.01,2,3210,卖盘
214,09:56:09,16.06,0.01,1,1606,买盘
215,09:56:13,16.05,-0.01,1,1605,卖盘
216,09:56:16,16.06,0.01,3,4817,买盘
217,09:56:30,16.06,0.0,8,12848,卖盘
218,09:56:40,16.06,0.0,2,3212,卖盘
219,09:56:43,16.06,0.0,1,1606,卖盘
220,09:56:46,16.06,0.0,1,1606,卖盘
221,09:56:54,16.1,0.04,3,4830,买盘
222,09:56:58,16.1,0.0,3,4830,买盘
223,09:57:04,16.1,0.0,2,3220,买盘
224,09:57:10,16.06,-0.04,4,6436,卖盘
225,09:57:16,16.06,0.0,1,1606,卖盘
226,09:57:37,16.06,0.0,2,3212,卖盘
227,09:57:43,16.06,0.0,1,1606,卖盘
228,09:57:46,16.06,0.0,1,1606,卖盘
229,09:57:58,16.06,0.0,1,1606,卖盘
230,09:58:06,16.06,0.0,1,1606,卖盘
231,09:58:09,16.06,0.0,1,1606,卖盘
232,09:58:12,16.06,0.0,3,4818,卖盘
233,09:58:22,16.06,0.0,44,70665,卖盘
234,09:58:34,16.04,-0.02,1,1604,卖盘
235,09:58:37,16.04,0.0,3,4812,卖盘
236,09:58:49,16.06,0.02,5,8030,买盘
237,09:58:52,16.06,0.0,1,1606,买盘
238,09:58:55,16.04,-0.02,6,9624,卖盘
239,09:59:04,16.06,0.02,2,3212,买盘
240,09:59:07,16.06,0.0,7,11242,买盘
241,09:59:10,16.04,-0.02,3,4812,卖盘
242,09:59:34,16.06,0.02,2,3212,卖盘
243,09:59:37,16.06,0.0,1,1606,卖盘
244,10:00:00,16.06,0.0,2,3212,卖盘
245,10:00:31,16.1,0.04,4,6437,买盘
246,10:00:34,16.06,-0.04,1,1606,卖盘
247,10:00:37,16.1,0.04,10,16100,买盘
248,10:00:42,16.09,-0.01,1,1609,卖盘
249,10:00:58,16.1,0.01,3,4830,买盘
250,10:01:04,16.1,0.0,3,4828,买盘
251,10:01:22,16.09,-0.01,35,56315,卖盘
252,10:01:34,16.09,0.0,2,3218,卖盘
253,10:02:04,16.09,0.0,3,4827,卖盘
254,10:02:12,16.1,0.01,6,9660,买盘
255,10:02:19,16.1,0.0,5,8050,买盘
256,10:02:37,16.1,0.0,1,1610,买盘
257,10:03:04,16.1,0.0,1,1610,买盘
258,10:03:28,16.1,0.0,2,3220,买盘
259,10:03:40,16.09,-0.01,1,1609,卖盘
260,10:03:43,16.09,0.0,2,3218,卖盘
261,10:03:55,16.1,0.01,6,9660,买盘
262,10:04:04,16.1,0.0,5,8050,买盘
263,10:04:10,16.1,0.0,14,22540,买盘
264,10:04:13,16.1,0.0,3,4830,买盘
265,10:04:25,16.1,0.0,1,1610,买盘
266,10:04:51,16.09,-0.01,1,1609,卖盘
267,10:04:54,16.09,0.0,12,19313,卖盘
268,10:04:58,16.1,0.01,5,8048,买盘
269,10:05:04,16.1,0.0,1,1610,买盘
270,10:05:07,16.09,-0.01,61,98149,卖盘
271,10:05:28,16.1,0.01,3,4830,买盘
272,10:06:04,16.1,0.0,1,1610,买盘
273,10:06:16,16.1,0.0,4,6440,买盘
274,10:06:31,16.1,0.0,4,6438,买盘
275,10:06:34,16.09,-0.01,1,1609,卖盘
276,10:06:58,16.09,0.0,2,3219,卖盘
277,10:07:00,16.1,0.01,1,1610,买盘
278,10:07:04,16.1,0.0,5,8050,买盘
279,10:07:07,16.1,0.0,1,1610,买盘
280,10:07:13,16.1,0.0,9,14490,买盘
281,10:07:34,16.09,-0.01,8,12879,卖盘
282,10:07:37,16.1,0.01,9,14488,买盘
283,10:07:55,16.09,-0.01,17,27359,卖盘
284,10:08:01,16.09,0.0,1,1609,卖盘
285,10:08:07,16.1,0.01,3,4829,买盘
286,10:08:10,16.1,0.0,1,1610,买盘
287,10:08:13,16.1,0.0,3,4830,买盘
288,10:08:19,16.1,0.0,1,1610,卖盘
289,10:08:31,16.09,-0.01,1,1609,卖盘
290,10:08:33,16.09,0.0,2,3218,卖盘
291,10:08:37,16.09,0.0,6,9654,卖盘
292,10:08:46,16.09,0.0,17,27353,卖盘
293,10:08:49,16.09,0.0,41,65969,卖盘
294,10:09:01,16.09,0.0,49,78841,卖盘
295,10:09:03,16.09,0.0,2,3218,买盘
296,10:09:16,16.09,0.0,1,1609,买盘
297,10:09:34,16.09,0.0,3,4827,卖盘
298,10:09:45,16.1,0.01,1,1610,买盘
299,10:09:58,16.09,-0.01,1,1609,卖盘
300,10:10:01,16.09,0.0,2,3218,卖盘
301,10:10:25,16.09,0.0,2,3218,卖盘
302,10:10:31,16.09,0.0,1,1609,卖盘
303,10:10:49,16.1,0.01,3,4830,买盘
304,10:10:55,16.1,0.0,6,9660,买盘
305,10:11:01,16.09,-0.01,1,1609,卖盘
306,10:11:04,16.1,0.01,1,1610,买盘
307,10:11:27,16.09,-0.01,3,4827,卖盘
308,10:11:31,16.09,0.0,32,51488,卖盘
309,10:11:58,16.09,0.0,10,16090,卖盘
310,10:12:19,16.1,0.01,1,1610,买盘
311,10:12:46,16.09,-0.01,1,1609,卖盘
312,10:12:49,16.09,0.0,2,3218,卖盘
313,10:12:52,16.09,0.0,10,16090,卖盘
314,10:13:01,16.1,0.01,6,9658,买盘
315,10:13:28,16.1,0.0,3,4830,买盘
316,10:14:55,16.09,-0.01,1,1609,卖盘
317,10:14:58,16.09,0.0,1,1609,卖盘
318,10:15:01,16.09,0.0,1,1609,卖盘
319,10:15:40,16.09,0.0,5,8045,卖盘
320,10:16:24,16.1,0.01,6,9660,买盘
321,10:16:34,16.1,0.0,2,3220,买盘
322,10:16:43,16.09,-0.01,10,16090,卖盘
323,10:16:46,16.09,0.0,10,16090,卖盘
324,10:16:49,16.1,0.01,10,16100,买盘
325,10:16:51,16.1,0.0,1,1610,买盘
326,10:16:55,16.1,0.0,3,4830,买盘
327,10:17:07,16.09,-0.01,2,3218,卖盘
328,10:17:10,16.09,0.0,1,1609,卖盘
329,10:17:22,16.1,0.01,37,59570,买盘
330,10:17:24,16.1,0.0,2,3220,买盘
331,10:17:31,16.1,0.0,10,16100,买盘
332,10:17:34,16.1,0.0,75,120750,买盘
333,10:17:40,16.1,0.0,5,8050,中性盘
334,10:17:43,16.1,0.0,1,1610,买盘
335,10:17:46,16.1,0.0,1,1610,买盘
336,10:17:49,16.1,0.0,7,11270,买盘
337,10:17:52,16.1,0.0,1,1610,买盘
338,10:18:07,16.09,-0.01,2,3218,卖盘
339,10:18:09,16.09,0.0,1,1609,卖盘
340,10:18:37,16.09,0.0,4,6441,卖盘
341,10:19:07,16.1,0.01,3,4830,卖盘
342,10:19:45,16.12,0.02,24,38688,买盘
343,10:20:04,16.14,0.02,6,9684,买盘
344,10:20:07,16.13,-0.01,2,3226,中性盘
345,10:20:10,16.13,0.0,3,4841,卖盘
346,10:20:12,16.14,0.01,2,3228,买盘
347,10:20:37,16.14,0.0,2,3227,买盘
348,10:20:45,16.14,0.0,1,1614,买盘
349,10:21:06,16.13,-0.01,2,3226,卖盘
350,10:21:10,16.13,0.0,1,1613,卖盘
351,10:21:39,16.13,0.0,1,1613,卖盘
352,10:22:07,16.13,0.0,2,3226,卖盘
353,10:22:15,16.14,0.01,1,1614,买盘
354,10:22:37,16.14,0.0,1,1614,卖盘
355,10:22:40,16.15,0.01,29,46810,买盘
356,10:22:46,16.15,0.0,17,27455,买盘
357,10:22:52,16.15,0.0,2,3230,买盘
358,10:23:07,16.14,-0.01,2,3228,卖盘
359,10:23:13,16.15,0.01,2,3230,买盘
360,10:23:36,16.14,-0.01,65,104910,卖盘
361,10:23:39,16.14,0.0,1,1614,卖盘
362,10:23:42,16.15,0.01,6,9689,买盘
363,10:23:45,16.14,-0.01,3,4842,卖盘
364,10:24:07,16.14,0.0,1,1614,卖盘
365,10:24:10,16.14,0.0,2,3229,卖盘
366,10:24:40,16.14,0.0,2,3228,卖盘
367,10:24:58,16.14,0.0,1,1614,卖盘
368,10:25:01,16.15,0.01,5,8075,买盘
369,10:25:10,16.14,-0.01,17,27454,卖盘
370,10:25:12,16.14,0.0,2,3228,卖盘
371,10:25:27,16.15,0.01,3,4845,买盘
372,10:25:46,16.14,-0.01,58,93612,卖盘
373,10:25:58,16.15,0.01,8,12920,买盘
374,10:26:07,16.14,-0.01,10,16140,卖盘
375,10:26:10,16.14,0.0,13,20993,卖盘
376,10:26:12,16.14,0.0,1,1614,卖盘
377,10:26:15,16.13,-0.01,3,4841,卖盘
378,10:26:37,16.14,0.01,1,1614,中性盘
379,10:26:40,16.13,-0.01,5,8069,卖盘
380,10:26:43,16.12,-0.01,1,1612,卖盘
381,10:26:49,16.12,0.0,9,14508,卖盘
382,10:27:10,16.15,0.03,4,6456,买盘
383,10:27:13,16.13,-0.02,1,1613,卖盘
384,10:27:45,16.13,0.0,1,1613,卖盘
385,10:27:58,16.13,0.0,5,8065,卖盘
386,10:28:01,16.12,-0.01,1,1612,卖盘
387,10:28:07,16.13,0.01,1,1613,买盘
388,10:28:10,16.12,-0.01,1,1612,卖盘
389,10:28:19,16.12,0.0,3,4836,买盘
390,10:28:43,16.12,0.0,1,1612,卖盘
391,10:29:10,16.12,0.0,2,3224,卖盘
392,10:29:13,16.12,0.0,1,1612,卖盘
393,10:29:40,16.12,0.0,1,1612,卖盘
394,10:29:42,16.13,0.01,4,6451,买盘
395,10:29:45,16.12,-0.01,2,3224,卖盘
396,10:30:10,16.12,0.0,1,1612,卖盘
397,10:30:40,16.12,0.0,1,1612,卖盘
398,10:30:43,16.12,0.0,2,3224,卖盘
399,10:31:01,16.13,0.01,2,3226,买盘
400,10:31:39,16.12,-0.01,3,4836,卖盘
401,10:31:48,16.12,0.0,3,4836,卖盘
402,10:32:01,16.12,0.0,6,9672,卖盘
403,10:32:07,16.12,0.0,2,3224,卖盘
404,10:32:10,16.11,-0.01,3,4833,卖盘
405,10:32:40,16.11,0.0,2,3222,卖盘
406,10:33:07,16.09,-0.02,3,4827,卖盘
407,10:33:22,16.09,0.0,4,6436,卖盘
408,10:33:34,16.11,0.02,6,9666,买盘
409,10:33:39,16.08,-0.03,1,1608,卖盘
410,10:34:01,16.08,0.0,7,11256,买盘
411,10:34:09,16.09,0.01,1,1609,卖盘
412,10:34:40,16.09,0.0,1,1609,卖盘
413,10:35:37,16.07,-0.02,50,80395,卖盘
414,10:35:40,16.1,0.03,2,3220,卖盘
415,10:35:49,16.1,0.0,5,8050,卖盘
416,10:35:52,16.1,0.0,4,6440,卖盘
417,10:35:55,16.07,-0.03,1,1607,卖盘
418,10:35:58,16.1,0.03,4,6440,买盘
419,10:36:12,16.07,-0.03,1,1607,卖盘
420,10:36:40,16.07,0.0,1,1607,卖盘
421,10:37:10,16.07,0.0,2,3214,卖盘
422,10:37:13,16.07,0.0,9,14463,卖盘
423,10:37:16,16.07,0.0,1,1607,买盘
424,10:37:19,16.07,0.0,1,1607,买盘
425,10:37:40,16.11,0.04,19,30578,买盘
426,10:37:49,16.11,0.0,1,1611,买盘
427,10:37:55,16.11,0.0,3,4833,买盘
428,10:37:58,16.11,0.0,6,9666,买盘
429,10:38:01,16.05,-0.06,63,101129,卖盘
430,10:38:04,16.05,0.0,1,1605,买盘
431,10:38:07,16.05,0.0,1,1605,买盘
432,10:38:10,16.05,0.0,2,3210,买盘
433,10:38:16,16.05,0.0,6,9630,买盘
434,10:38:36,16.06,0.01,1,1606,卖盘
435,10:39:06,16.06,0.0,1,1606,卖盘
436,10:39:09,16.06,0.0,1,1606,卖盘
437,10:39:40,16.06,0.0,1,1606,卖盘
438,10:39:52,16.11,0.05,2,3222,买盘
439,10:40:40,16.06,-0.05,2,3212,卖盘
440,10:42:18,16.06,0.0,5,8030,卖盘
441,10:42:22,16.06,0.0,1,1606,卖盘
442,10:42:55,16.11,0.05,6,9666,买盘
443,10:42:58,16.06,-0.05,3,4818,卖盘
444,10:43:22,16.07,0.01,1,1607,卖盘
445,10:44:25,16.07,0.0,1,1607,卖盘
446,10:44:30,16.07,0.0,1,1607,卖盘
447,10:44:55,16.07,0.0,2,3214,卖盘
448,10:45:12,16.1,0.03,1,1610,卖盘
449,10:45:21,16.1,0.0,1,1610,卖盘
450,10:45:27,16.1,0.0,1,1610,卖盘
451,10:45:37,16.1,0.0,1,1610,卖盘
452,10:45:52,16.1,0.0,7,11276,卖盘
453,10:46:22,16.1,0.0,1,1610,卖盘
454,10:46:25,16.1,0.0,1,1610,卖盘
455,10:46:52,16.1,0.0,1,1610,卖盘
456,10:46:57,16.1,0.0,1,1610,卖盘
457,10:47:04,16.11,0.01,4,6444,买盘
458,10:47:28,16.1,-0.01,1,1610,卖盘
459,10:47:51,16.1,0.0,1,1610,卖盘
460,10:48:21,16.1,0.0,2,3220,卖盘
461,10:48:25,16.1,0.0,1,1610,卖盘
462,10:48:42,16.11,0.01,3,4833,买盘
463,10:48:51,16.1,-0.01,1,1610,卖盘
464,10:49:24,16.1,0.0,2,3220,卖盘
465,10:49:34,16.11,0.01,6,9666,买盘
466,10:49:58,16.11,0.0,2,3222,买盘
467,10:50:24,16.1,-0.01,1,1610,卖盘
468,10:50:52,16.1,0.0,1,1610,卖盘
469,10:50:55,16.11,0.01,1,1611,买盘
470,10:51:16,16.11,0.0,3,4833,买盘
471,10:51:19,16.11,0.0,1,1611,买盘
472,10:51:25,16.11,0.0,7,11276,买盘
473,10:51:40,16.11,0.0,1,1611,买盘
474,10:52:00,16.11,0.0,1,1611,买盘
475,10:52:22,16.11,0.0,1,1611,中性盘
476,10:52:24,16.11,0.0,1,1611,卖盘
477,10:52:28,16.11,0.0,2,3222,卖盘
478,10:52:43,16.12,0.01,4,6448,买盘
479,10:53:24,16.11,-0.01,2,3222,卖盘
480,10:53:43,16.12,0.01,37,59609,买盘
481,10:54:19,16.11,-0.01,10,16110,卖盘
482,10:54:25,16.11,0.0,1,1611,卖盘
483,10:54:46,16.11,0.0,3,4833,卖盘
484,10:54:49,16.12,0.01,1,1612,买盘
485,10:54:55,16.11,-0.01,1,1611,卖盘
486,10:55:10,16.12,0.01,26,41892,买盘
487,10:55:28,16.11,-0.01,1,1611,卖盘
488,10:56:25,16.11,0.0,2,3222,卖盘
489,10:56:52,16.11,0.0,5,8055,卖盘
490,10:56:55,16.11,0.0,5,8055,卖盘
491,10:57:10,16.11,0.0,7,11277,卖盘
492,10:57:28,16.11,0.0,1,1611,卖盘
493,10:57:43,16.11,0.0,6,9666,卖盘
494,10:57:48,16.11,0.0,2,3222,卖盘
495,10:57:55,16.11,0.0,1,1611,卖盘
496,10:57:58,16.11,0.0,1,1611,卖盘
497,10:58:22,16.11,0.0,3,4833,卖盘
498,10:58:25,16.11,0.0,1,1611,卖盘
499,10:58:55,16.11,0.0,1,1611,卖盘
500,10:59:25,16.11,0.0,11,17721,卖盘
501,10:59:55,16.11,0.0,1,1611,卖盘
502,11:00:01,16.11,0.0,4,6444,卖盘
503,11:00:22,16.11,0.0,21,33831,卖盘
504,11:00:24,16.1,-0.01,5,8050,卖盘
505,11:00:40,16.11,0.01,28,45108,买盘
506,11:01:09,16.1,-0.01,7,11270,卖盘
507,11:01:28,16.07,-0.03,1,1607,卖盘
508,11:01:55,16.07,0.0,1,1607,卖盘
509,11:02:28,16.09,0.02,1,1609,卖盘
510,11:02:37,16.09,0.0,1,1609,卖盘
511,11:02:57,16.09,0.0,1,1609,卖盘
512,11:03:22,16.09,0.0,20,32180,卖盘
513,11:03:25,16.07,-0.02,4,6428,卖盘
514,11:03:28,16.07,0.0,1,1607,卖盘
515,11:03:52,16.07,0.0,10,16070,卖盘
516,11:04:00,16.07,0.0,17,27319,卖盘
517,11:04:25,16.07,0.0,1,1607,卖盘
518,11:04:27,16.07,0.0,1,1607,卖盘
519,11:04:55,16.09,0.02,3,4827,买盘
520,11:05:16,16.1,0.01,8,12880,买盘
521,11:05:28,16.1,0.0,1,1610,卖盘
522,11:05:49,16.1,0.0,2,3220,卖盘
523,11:05:58,16.1,0.0,1,1610,卖盘
524,11:06:28,16.1,0.0,1,1610,卖盘
525,11:06:58,16.1,0.0,1,1610,卖盘
526,11:07:28,16.1,0.0,1,1610,卖盘
527,11:07:57,16.05,-0.05,162,260432,卖盘
528,11:08:01,16.05,0.0,1,1605,卖盘
529,11:08:04,16.05,0.0,1,1605,买盘
530,11:08:09,16.05,0.0,1,1605,卖盘
531,11:08:28,16.04,-0.01,2,3208,卖盘
532,11:08:30,16.04,0.0,8,12832,卖盘
533,11:08:33,16.04,0.0,2,3208,买盘
534,11:08:40,16.11,0.07,1,1611,买盘
535,11:09:28,16.04,-0.07,1,1604,卖盘
536,11:09:58,16.05,0.01,1,1605,卖盘
537,11:10:28,16.05,0.0,1,1605,卖盘
538,11:10:57,16.1,0.05,4,6440,买盘
539,11:11:28,16.06,-0.04,2,3212,中性盘
540,11:11:37,16.1,0.04,6,9660,买盘
541,11:12:13,16.1,0.0,10,16100,卖盘
542,11:12:19,16.1,0.0,35,56350,卖盘
543,11:12:28,16.1,0.0,1,1610,卖盘
544,11:12:30,16.1,0.0,1,1610,卖盘
545,11:13:28,16.1,0.0,1,1610,卖盘
546,11:13:57,16.1,0.0,1,1610,卖盘
547,11:14:25,16.11,0.01,3,4833,买盘
548,11:14:27,16.1,-0.01,1,1610,卖盘
549,11:15:28,16.1,0.0,1,1610,卖盘
550,11:15:30,16.1,0.0,1,1610,卖盘
551,11:15:37,16.11,0.01,1,1611,买盘
552,11:15:40,16.11,0.0,4,6444,买盘
553,11:15:43,16.11,0.0,8,12888,买盘
554,11:15:46,16.11,0.0,6,9666,买盘
555,11:15:49,16.11,0.0,8,12888,买盘
556,11:15:51,16.11,0.0,14,22554,买盘
557,11:15:55,16.11,0.0,3,4833,买盘
558,11:15:58,16.11,0.0,2,3222,买盘
559,11:16:01,16.11,0.0,2,3222,买盘
560,11:16:30,16.1,-0.01,2,3220,卖盘
561,11:16:33,16.11,0.01,5,8055,买盘
562,11:16:39,16.11,0.0,4,7974,买盘
563,11:17:09,16.02,-0.09,185,296713,卖盘
564,11:17:13,16.11,0.09,3,4833,卖盘
565,11:17:16,16.11,0.0,1,1611,卖盘
566,11:17:31,16.11,0.0,1,1611,卖盘
567,11:17:37,16.11,0.0,1,1611,卖盘
568,11:17:58,16.11,0.0,1,1611,卖盘
569,11:18:21,16.12,0.01,1,1612,买盘
570,11:18:24,16.12,0.0,1,1612,买盘
571,11:18:27,16.12,0.0,1,1612,买盘
572,11:18:31,16.12,0.0,2,3223,买盘
573,11:18:33,16.12,0.0,1,1612,买盘
574,11:18:36,16.12,0.0,2,3224,买盘
575,11:18:39,16.12,0.0,1,1612,买盘
576,11:18:42,16.12,0.0,1,1612,买盘
577,11:18:45,16.12,0.0,2,3224,买盘
578,11:18:48,16.12,0.0,1,1612,买盘
579,11:19:16,16.12,0.0,6,9672,买盘
580,11:19:28,16.11,-0.01,1,1611,卖盘
581,11:19:30,16.11,0.0,1,1611,卖盘
582,11:19:42,16.11,0.0,1,1611,卖盘
583,11:20:30,16.11,0.0,1,1611,卖盘
584,11:21:00,16.11,0.0,1,1611,卖盘
585,11:21:12,16.11,0.0,8,12888,卖盘
586,11:21:30,16.11,0.0,1,1611,卖盘
587,11:21:40,16.12,0.01,1,1612,买盘
588,11:22:04,16.11,-0.01,1,1611,卖盘
589,11:22:22,16.11,0.0,6,9666,卖盘
590,11:22:30,16.11,0.0,1,1611,卖盘
591,11:22:36,16.11,0.0,23,37053,卖盘
592,11:22:55,16.11,0.0,7,11277,卖盘
593,11:22:58,16.04,-0.07,5,8020,卖盘
594,11:23:13,16.04,0.0,1,1604,买盘
595,11:23:25,16.04,0.0,10,16042,卖盘
596,11:23:30,16.04,0.0,2,3208,卖盘
597,11:24:31,16.05,0.01,1,1605,卖盘
598,11:25:00,16.05,0.0,1,1605,卖盘
599,11:25:34,16.06,0.01,1,1606,卖盘
600,11:26:01,16.06,0.0,1,1606,卖盘
601,11:26:06,16.11,0.05,5,8055,买盘
602,11:26:30,16.06,-0.05,1,1606,卖盘
603,11:27:31,16.06,0.0,2,3212,卖盘
604,11:29:01,16.07,0.01,1,1607,卖盘
605,13:00:04,16.11,0.04,19,30576,买盘
606,13:00:07,16.11,0.0,6,9665,买盘
607,13:00:33,16.1,-0.01,5,8050,买盘
608,13:01:00,16.09,-0.01,1,1609,卖盘
609,13:01:58,16.09,0.0,6,9654,卖盘
610,13:02:54,16.1,0.01,3,4830,买盘
611,13:02:58,16.09,-0.01,6,9654,卖盘
612,13:03:58,16.09,0.0,6,9654,卖盘
613,13:04:07,16.1,0.01,5,8050,买盘
614,13:04:57,16.09,-0.01,13,20924,卖盘
615,13:05:12,16.09,0.0,1,1609,卖盘
616,13:05:18,16.1,0.01,2,3220,买盘
617,13:05:57,16.09,-0.01,6,9654,卖盘
618,13:06:36,16.1,0.01,9,14490,买盘
619,13:06:42,16.1,0.0,1,1610,卖盘
620,13:07:21,16.11,0.01,8,12888,买盘
621,13:07:42,16.11,0.0,13,20943,买盘
622,13:08:57,16.11,0.0,6,9666,卖盘
623,13:09:27,16.11,0.0,10,16110,卖盘
624,13:09:57,16.11,0.0,6,9666,卖盘
625,13:10:00,16.12,0.01,3,4836,买盘
626,13:10:34,16.12,0.0,50,80600,买盘
627,13:10:37,16.12,0.0,7,11284,买盘
628,13:10:49,16.15,0.03,3,4845,买盘
629,13:11:24,16.15,0.0,1,1615,买盘
630,13:11:27,16.12,-0.03,2,3224,卖盘
631,13:11:51,16.15,0.03,30,48450,买盘
632,13:12:25,16.16,0.01,6,9696,买盘
633,13:12:34,16.15,-0.01,1,1615,卖盘
634,13:12:37,16.15,0.0,1,1615,卖盘
635,13:12:43,16.16,0.01,2,3232,买盘
636,13:12:58,16.15,-0.01,11,17765,卖盘
637,13:13:01,16.15,0.0,1,1615,卖盘
638,13:13:04,16.15,0.0,1,1615,卖盘
639,13:13:10,16.16,0.01,90,145440,买盘
640,13:13:13,16.15,-0.01,10,16150,卖盘
641,13:13:48,16.16,0.01,21,33936,买盘
642,13:14:37,16.17,0.01,3,4851,买盘
643,13:14:48,16.17,0.0,1,1617,买盘
644,13:14:57,16.15,-0.02,3,4845,卖盘
645,13:15:00,16.17,0.02,1,1617,买盘
646,13:15:21,16.17,0.0,1,1617,买盘
647,13:15:27,16.17,0.0,1,1617,买盘
648,13:15:31,16.17,0.0,4,6468,买盘
649,13:16:07,16.2,0.03,90,145788,买盘
650,13:16:09,16.2,0.0,8,12955,买盘
651,13:16:27,16.2,0.0,2,3240,买盘
652,13:16:36,16.2,0.0,5,8100,买盘
653,13:16:40,16.2,0.0,2,3240,买盘
654,13:16:55,16.2,0.0,3,4860,买盘
655,13:17:06,16.2,0.0,2,3240,买盘
656,13:17:15,16.2,0.0,3,4860,买盘
657,13:17:22,16.2,0.0,3,4860,买盘
658,13:17:27,16.2,0.0,2,3240,买盘
659,13:17:39,16.2,0.0,1,1620,买盘
660,13:17:48,16.2,0.0,7,9850,买盘
661,13:18:04,16.2,0.0,5,8100,卖盘
662,13:18:09,16.2,0.0,2,3240,卖盘
663,13:18:21,16.2,0.0,7,11340,卖盘
664,13:18:27,16.2,0.0,4,6480,买盘
665,13:18:37,16.2,0.0,5,8100,买盘
666,13:18:48,16.2,0.0,25,40500,买盘
667,13:18:57,16.19,-0.01,5,8095,卖盘
668,13:19:04,16.2,0.01,1,1620,买盘
669,13:19:07,16.2,0.0,2,3240,买盘
670,13:19:21,16.2,0.0,14,22680,买盘
671,13:19:27,16.2,0.0,4,6480,买盘
672,13:20:10,16.2,0.0,16,25926,卖盘
673,13:20:30,16.21,0.01,18,29178,买盘
674,13:20:52,16.22,0.01,2,3244,买盘
675,13:21:15,16.22,0.0,4,6488,买盘
676,13:21:22,16.22,0.0,7,11354,买盘
677,13:21:58,16.2,-0.02,5,8100,卖盘
678,13:22:15,16.22,0.02,2,3244,买盘
679,13:22:31,16.22,0.0,36,58392,买盘
680,13:22:43,16.22,0.0,27,43794,卖盘
681,13:22:48,16.22,0.0,9,14598,买盘
682,13:23:28,16.25,0.03,70,113637,买盘
683,13:23:34,16.22,-0.03,1,1622,买盘
684,13:23:42,16.22,0.0,1,1622,买盘
685,13:23:45,16.26,0.04,90,146290,买盘
686,13:24:06,16.28,0.02,35,56940,买盘
687,13:24:58,16.23,-0.05,5,8115,卖盘
688,13:25:00,16.3,0.07,46,74925,买盘
689,13:25:09,16.3,0.0,36,58680,买盘
690,13:25:19,16.31,0.01,7,11417,买盘
691,13:25:31,16.33,0.02,10,16330,买盘
692,13:25:37,16.32,-0.01,4,6528,卖盘
693,13:25:40,16.32,0.0,10,16320,买盘
694,13:25:43,16.3,-0.02,30,48929,卖盘
695,13:25:55,16.3,0.0,22,35900,卖盘
696,13:26:12,16.31,0.01,12,19562,买盘
697,13:26:22,16.3,-0.01,10,16300,卖盘
698,13:26:31,16.3,0.0,10,16300,卖盘
699,13:26:34,16.31,0.01,40,65240,买盘
700,13:26:52,16.31,0.0,4,6524,买盘
701,13:26:58,16.3,-0.01,37,60353,卖盘
702,13:27:00,16.32,0.02,69,112593,买盘
703,13:27:04,16.32,0.0,10,16320,卖盘
704,13:27:07,16.33,0.01,34,55522,买盘
705,13:27:09,16.33,0.0,2,3266,卖盘
706,13:27:15,16.33,0.0,12,19596,卖盘
707,13:27:18,16.33,0.0,14,22862,买盘
708,13:27:24,16.33,0.0,23,37562,买盘
709,13:27:42,16.32,-0.01,16,26112,卖盘
710,13:27:48,16.32,0.0,6,9792,买盘
711,13:27:58,16.31,-0.01,19,31001,卖盘
712,13:28:16,16.3,-0.01,12,19560,卖盘
713,13:28:31,16.3,0.0,3,4890,买盘
714,13:28:33,16.3,0.0,12,19554,买盘
715,13:28:43,16.31,0.01,50,81522,买盘
716,13:28:54,16.3,-0.01,23,37472,买盘
717,13:28:57,16.28,-0.02,4,6512,卖盘
718,13:29:01,16.28,0.0,1,1628,买盘
719,13:29:06,16.28,0.0,1,1628,买盘
720,13:29:09,16.28,0.0,5,8140,买盘
721,13:29:16,16.28,0.0,10,16280,卖盘
722,13:29:19,16.3,0.02,27,44010,买盘
723,13:29:28,16.3,0.0,2,3260,卖盘
724,13:29:36,16.3,0.0,11,17926,买盘
725,13:29:43,16.32,0.02,50,81579,买盘
726,13:29:54,16.29,-0.03,56,91294,卖盘
727,13:30:28,16.31,0.02,6,9786,买盘
728,13:30:39,16.32,0.01,27,44064,买盘
729,13:30:58,16.33,0.01,43,70219,买盘
730,13:31:06,16.33,0.0,8,13067,卖盘
731,13:31:16,16.34,0.01,19,31046,买盘
732,13:31:22,16.34,0.0,7,11438,卖盘
733,13:31:33,16.34,0.0,15,24515,卖盘
734,13:31:37,16.34,0.0,7,11438,卖盘
735,13:31:40,16.34,0.0,6,9804,卖盘
736,13:31:43,16.34,0.0,14,22876,买盘
737,13:31:48,16.33,-0.01,4,6532,卖盘
738,13:31:54,16.34,0.01,6,9804,买盘
739,13:31:57,16.33,-0.01,16,26128,卖盘
740,13:32:07,16.31,-0.02,35,57090,卖盘
741,13:32:12,16.33,0.02,18,29394,买盘
742,13:32:21,16.33,0.0,5,8165,卖盘
743,13:32:25,16.33,0.0,5,8165,买盘
744,13:32:33,16.31,-0.02,2,3262,卖盘
745,13:32:48,16.33,0.02,2,3266,买盘
746,13:33:00,16.31,-0.02,20,32620,卖盘
747,13:33:19,16.31,0.0,5,8155,卖盘
748,13:33:22,16.31,0.0,12,19572,卖盘
749,13:33:30,16.32,0.01,6,9792,买盘
750,13:33:37,16.31,-0.01,1,1631,卖盘
751,13:33:40,16.31,0.0,4,6525,卖盘
752,13:33:52,16.31,0.0,4,6524,卖盘
753,13:33:54,16.31,0.0,13,21203,卖盘
754,13:33:57,16.29,-0.02,4,6516,卖盘
755,13:34:28,16.29,0.0,3,4887,买盘
756,13:34:34,16.28,-0.01,4,6512,卖盘
757,13:34:37,16.29,0.01,6,9774,买盘
758,13:34:55,16.29,0.0,1,1629,买盘
759,13:35:12,16.29,0.0,6,9774,买盘
760,13:35:22,16.3,0.01,3,4890,买盘
761,13:35:43,16.3,0.0,18,29340,买盘
762,13:35:55,16.32,0.02,6,9788,买盘
763,13:36:21,16.3,-0.02,4,6520,卖盘
764,13:36:57,16.3,0.0,5,8150,卖盘
765,13:37:16,16.31,0.01,1,1631,卖盘
766,13:37:22,16.3,-0.01,5,8150,卖盘
767,13:37:58,16.3,0.0,5,8150,卖盘
768,13:38:10,16.3,0.0,40,65230,卖盘
769,13:38:13,16.3,0.0,2,3260,卖盘
770,13:38:15,16.3,0.0,15,24450,卖盘
771,13:38:21,16.3,0.0,10,16300,卖盘
772,13:38:25,16.3,0.0,1,1630,卖盘
773,13:38:40,16.31,0.01,1,1631,买盘
774,13:38:58,16.3,-0.01,5,8150,卖盘
775,13:39:04,16.3,0.0,134,218420,卖盘
776,13:39:09,16.3,0.0,2,3260,买盘
777,13:39:30,16.29,-0.01,11,17919,卖盘
778,13:39:58,16.28,-0.01,5,8140,卖盘
779,13:40:07,16.28,0.0,6,9768,卖盘
780,13:40:34,16.28,0.0,20,32560,卖盘
781,13:40:55,16.28,0.0,1,1628,卖盘
782,13:40:57,16.28,0.0,5,8140,卖盘
783,13:41:12,16.28,0.0,27,43956,卖盘
784,13:41:16,16.28,0.0,30,48840,卖盘
785,13:41:37,16.27,-0.01,6,9762,卖盘
786,13:41:40,16.26,-0.01,5,8130,卖盘
787,13:41:46,16.26,0.0,20,32520,卖盘
788,13:41:51,16.27,0.01,2,3254,买盘
789,13:41:57,16.26,-0.01,5,8130,卖盘
790,13:42:00,16.26,0.0,6,9756,卖盘
791,13:42:10,16.26,0.0,10,16260,卖盘
792,13:42:34,16.26,0.0,6,9756,卖盘
793,13:42:46,16.25,-0.01,1,1625,卖盘
794,13:42:57,16.23,-0.02,1,1623,卖盘
795,13:43:09,16.23,0.0,14,22718,买盘
796,13:43:45,16.23,0.0,1,1623,买盘
797,13:43:52,16.23,0.0,12,19476,买盘
798,13:44:24,16.23,0.0,17,27591,买盘
799,13:45:18,16.25,0.02,13,21125,买盘
800,13:45:28,16.25,0.0,6,9750,买盘
801,13:45:34,16.26,0.01,4,6504,买盘
802,13:45:51,16.25,-0.01,8,13000,卖盘
803,13:46:58,16.23,-0.02,6,9738,卖盘
804,13:47:46,16.25,0.02,5,8125,买盘
805,13:47:58,16.23,-0.02,5,8115,卖盘
806,13:48:27,16.24,0.01,3,4872,买盘
807,13:48:40,16.25,0.01,1,1625,买盘
808,13:48:45,16.25,0.0,2,3250,买盘
809,13:48:58,16.24,-0.01,5,8120,卖盘
810,13:49:55,16.24,0.0,9,14616,卖盘
811,13:49:58,16.24,0.0,5,8120,卖盘
812,13:50:06,16.25,0.01,4,6500,买盘
813,13:50:10,16.25,0.0,1,1625,买盘
814,13:50:16,16.25,0.0,2,3250,买盘
815,13:50:31,16.25,0.0,1,1625,买盘
816,13:50:42,16.25,0.0,1,1625,买盘
817,13:50:57,16.24,-0.01,5,8120,卖盘
818,13:51:01,16.25,0.01,1,1625,买盘
819,13:51:04,16.25,0.0,4,6500,买盘
820,13:51:22,16.25,0.0,15,24375,买盘
821,13:51:33,16.26,0.01,7,11382,买盘
822,13:51:36,16.26,0.0,18,29268,买盘
823,13:51:49,16.26,0.0,5,8130,买盘
824,13:51:57,16.28,0.02,30,48831,买盘
825,13:52:04,16.29,0.01,3,4887,买盘
826,13:52:06,16.29,0.0,15,24435,买盘
827,13:52:09,16.3,0.01,42,68457,买盘
828,13:52:19,16.29,-0.01,20,32580,卖盘
829,13:52:25,16.3,0.01,10,16300,买盘
830,13:52:28,16.3,0.0,1,1630,买盘
831,13:52:34,16.3,0.0,1,1630,买盘
832,13:52:54,16.3,0.0,6,9780,买盘
833,13:52:58,16.3,0.0,1,1630,买盘
834,13:53:04,16.3,0.0,10,16300,买盘
835,13:53:10,16.3,0.0,2,3260,买盘
836,13:53:21,16.3,0.0,1,1630,买盘
837,13:53:27,16.3,0.0,2,3260,买盘
838,13:53:49,16.29,-0.01,5,8145,卖盘
839,13:53:58,16.29,0.0,21,34209,卖盘
840,13:54:04,16.3,0.01,7,11410,买盘
841,13:54:10,16.29,-0.01,5,8145,卖盘
842,13:54:27,16.29,0.0,1,1629,买盘
843,13:54:31,16.29,0.0,28,45612,买盘
844,13:54:51,16.29,0.0,6,9774,卖盘
845,13:54:58,16.29,0.0,5,8145,卖盘
846,13:55:07,16.29,0.0,65,105885,卖盘
847,13:55:18,16.28,-0.01,1,1628,卖盘
848,13:55:31,16.28,0.0,10,16280,卖盘
849,13:55:52,16.27,-0.01,10,16270,卖盘
850,13:55:54,16.27,0.0,5,8135,卖盘
851,13:55:58,16.27,0.0,5,8135,卖盘
852,13:56:04,16.27,0.0,12,19524,卖盘
853,13:56:07,16.27,0.0,6,9762,卖盘
854,13:56:57,16.25,-0.02,5,8125,卖盘
855,13:57:57,16.25,0.0,5,8125,卖盘
856,13:58:25,16.27,0.02,1,1627,买盘
857,13:58:43,16.27,0.0,19,30864,买盘
858,13:58:52,16.29,0.02,35,57002,买盘
859,13:59:00,16.25,-0.04,71,115498,卖盘
860,13:59:07,16.25,0.0,2,3250,买盘
861,13:59:12,16.25,0.0,5,8125,买盘
862,13:59:19,16.25,0.0,73,118576,买盘
863,14:00:16,16.25,0.0,5,8125,卖盘
864,14:00:24,16.29,0.04,1,1629,买盘
865,14:00:57,16.27,-0.02,5,8135,卖盘
866,14:01:01,16.29,0.02,9,14661,买盘
867,14:01:04,16.29,0.0,4,6516,买盘
868,14:01:07,16.29,0.0,21,34209,买盘
869,14:01:12,16.29,0.0,60,97700,买盘
870,14:01:16,16.29,0.0,9,14661,卖盘
871,14:01:36,16.27,-0.02,4,6508,买盘
872,14:01:43,16.29,0.02,7,11398,买盘
873,14:01:48,16.29,0.0,8,13032,买盘
874,14:01:51,16.29,0.0,4,6516,中性盘
875,14:02:10,16.28,-0.01,14,22792,卖盘
876,14:02:12,16.28,0.0,61,99367,卖盘
877,14:02:46,16.29,0.01,11,17919,卖盘
878,14:02:55,16.29,0.0,20,32580,买盘
879,14:02:58,16.3,0.01,10,16298,买盘
880,14:03:21,16.28,-0.02,89,144904,卖盘
881,14:03:37,16.28,0.0,3,4884,买盘
882,14:03:58,16.27,-0.01,52,84651,卖盘
883,14:04:04,16.28,0.01,1,1628,买盘
884,14:04:12,16.28,0.0,23,37444,买盘
885,14:04:16,16.26,-0.02,5,8133,卖盘
886,14:04:22,16.28,0.02,15,24420,买盘
887,14:04:30,16.27,-0.01,1,1627,买盘
888,14:04:57,16.26,-0.01,5,8130,卖盘
889,14:05:04,16.27,0.01,10,16270,买盘
890,14:05:31,16.27,0.0,3,4881,买盘
891,14:05:37,16.27,0.0,7,11389,买盘
892,14:05:58,16.26,-0.01,4,6504,卖盘
893,14:06:01,16.26,0.0,19,30894,卖盘
894,14:06:52,16.26,0.0,4,6504,卖盘
895,14:06:58,16.26,0.0,9,14634,卖盘
896,14:07:42,16.26,0.0,5,8130,卖盘
897,14:07:58,16.26,0.0,5,8130,卖盘
898,14:08:19,16.26,0.0,14,22764,卖盘
899,14:08:31,16.26,0.0,1,1626,卖盘
900,14:08:57,16.22,-0.04,5,8110,卖盘
901,14:09:16,16.27,0.05,7,11389,买盘
902,14:09:58,16.22,-0.05,25,40550,卖盘
903,14:10:04,16.26,0.04,1,1626,买盘
904,14:10:37,16.23,-0.03,2,3246,卖盘
905,14:10:49,16.23,0.0,11,17853,卖盘
906,14:10:55,16.23,0.0,9,14607,卖盘
907,14:10:57,16.23,0.0,15,24345,卖盘
908,14:11:25,16.24,0.01,10,16240,买盘
909,14:11:28,16.24,0.0,15,24360,买盘
910,14:11:37,16.26,0.02,3,4878,买盘
911,14:12:37,16.25,-0.01,5,8125,卖盘
912,14:12:49,16.25,0.0,16,26000,买盘
913,14:12:58,16.25,0.0,2,3250,卖盘
914,14:13:04,16.25,0.0,4,6500,买盘
915,14:13:10,16.25,0.0,2,3250,买盘
916,14:13:22,16.25,0.0,3,4875,买盘
917,14:13:58,16.25,0.0,10,16244,买盘
918,14:14:07,16.25,0.0,12,19500,买盘
919,14:14:16,16.26,0.01,6,9756,买盘
920,14:14:19,16.26,0.0,2,3252,买盘
921,14:14:31,16.33,0.07,246,401143,买盘
922,14:14:49,16.35,0.02,45,73519,买盘
923,14:15:04,16.35,0.0,1,1635,买盘
924,14:15:22,16.35,0.0,11,17985,买盘
925,14:15:31,16.28,-0.07,18,29315,卖盘
926,14:15:34,16.28,0.0,10,16280,买盘
927,14:15:37,16.28,0.0,3,4884,买盘
928,14:15:40,16.28,0.0,5,8140,买盘
929,14:15:42,16.28,0.0,1,1628,买盘
930,14:15:46,16.28,0.0,1,1628,买盘
931,14:15:58,16.28,0.0,5,8140,卖盘
932,14:16:19,16.34,0.06,21,34314,买盘
933,14:16:42,16.35,0.01,57,93148,买盘
934,14:17:12,16.35,0.0,3,4905,买盘
935,14:17:22,16.35,0.0,16,26160,买盘
936,14:17:58,16.33,-0.02,2,3266,卖盘
937,14:18:04,16.33,0.0,4,6532,买盘
938,14:18:07,16.34,0.01,6,9804,买盘
939,14:18:25,16.34,0.0,10,16340,买盘
940,14:18:34,16.34,0.0,24,39216,卖盘
941,14:18:39,16.33,-0.01,10,16330,卖盘
942,14:18:42,16.34,0.01,9,14706,买盘
943,14:18:45,16.34,0.0,5,8170,卖盘
944,14:18:55,16.34,0.0,20,32680,卖盘
945,14:18:58,16.35,0.01,104,170030,买盘
946,14:19:04,16.36,0.01,44,71943,买盘
947,14:19:10,16.36,0.0,7,11452,买盘
948,14:19:12,16.37,0.01,115,188205,买盘
949,14:19:15,16.37,0.0,2,3274,买盘
950,14:19:18,16.38,0.01,76,124435,买盘
951,14:19:22,16.38,0.0,36,58968,买盘
952,14:19:25,16.38,0.0,34,55692,买盘
953,14:19:28,16.39,0.01,37,60643,买盘
954,14:19:31,16.42,0.03,18,29531,买盘
955,14:19:34,16.42,0.0,13,21346,买盘
956,14:19:39,16.47,0.05,70,115153,买盘
957,14:19:42,16.45,-0.02,10,16450,卖盘
958,14:19:46,16.48,0.03,20,32958,买盘
959,14:19:49,16.48,0.0,33,54383,买盘
960,14:19:52,16.45,-0.03,6,9870,卖盘
961,14:19:55,16.48,0.03,32,52732,买盘
962,14:19:58,16.48,0.0,41,67568,买盘
963,14:20:01,16.48,0.0,6,9888,卖盘
964,14:20:04,16.48,0.0,75,123672,卖盘
965,14:20:06,16.49,0.01,22,36278,买盘
966,14:20:10,16.48,-0.01,10,16480,卖盘
967,14:20:12,16.49,0.01,44,72536,买盘
968,14:20:16,16.5,0.01,150,247500,买盘
969,14:20:19,16.5,0.0,4,6597,买盘
970,14:20:21,16.5,0.0,102,168290,买盘
971,14:20:31,16.48,-0.02,28,46171,卖盘
972,14:20:37,16.47,-0.01,1,1647,卖盘
973,14:20:40,16.48,0.01,3,4944,买盘
974,14:20:43,16.48,0.0,21,34593,买盘
975,14:20:46,16.48,0.0,10,16480,买盘
976,14:20:49,16.45,-0.03,9,14820,卖盘
977,14:20:52,16.44,-0.01,3,4932,买盘
978,14:20:55,16.44,0.0,20,32880,买盘
979,14:20:57,16.44,0.0,11,18084,买盘
980,14:21:10,16.49,0.05,2,3298,买盘
981,14:21:19,16.48,-0.01,7,11536,买盘
982,14:21:37,16.48,0.0,60,98875,买盘
983,14:21:46,16.47,-0.01,1,1647,买盘
984,14:21:57,16.43,-0.04,2,3286,卖盘
985,14:22:10,16.47,0.04,18,29590,买盘
986,14:22:13,16.42,-0.05,14,22996,卖盘
987,14:22:19,16.43,0.01,16,26282,买盘
988,14:22:25,16.43,0.0,10,16430,卖盘
989,14:22:27,16.44,0.01,17,27948,卖盘
990,14:22:39,16.43,-0.01,24,39432,卖盘
991,14:23:04,16.41,-0.02,10,16410,卖盘
992,14:23:10,16.42,0.01,50,82100,卖盘
993,14:23:18,16.41,-0.01,2,3282,卖盘
994,14:23:28,16.41,0.0,14,22964,买盘
995,14:23:37,16.41,0.0,1,1641,买盘
996,14:23:40,16.41,0.0,11,18051,卖盘
997,14:23:45,16.41,0.0,6,9846,买盘
998,14:23:58,16.39,-0.02,6,9834,卖盘
999,14:24:04,16.39,0.0,41,67199,卖盘
1000,14:24:18,16.39,0.0,30,49169,买盘
1001,14:24:34,16.39,0.0,39,63921,买盘
1002,14:24:37,16.38,-0.01,1,1638,卖盘
1003,14:24:52,16.37,-0.01,1,1637,卖盘
1004,14:24:55,16.38,0.01,31,50778,买盘
1005,14:25:00,16.39,0.01,19,31141,买盘
1006,14:25:16,16.41,0.02,27,44307,买盘
1007,14:25:19,16.41,0.0,3,4923,卖盘
1008,14:25:31,16.42,0.01,6,9852,买盘
1009,14:25:37,16.41,-0.01,8,13134,卖盘
1010,14:25:55,16.41,0.0,6,9846,买盘
1011,14:26:10,16.41,0.0,20,32820,卖盘
1012,14:26:25,16.41,0.0,17,27897,卖盘
1013,14:26:30,16.41,0.0,9,14769,卖盘
1014,14:26:33,16.4,-0.01,30,49200,卖盘
1015,14:26:40,16.4,0.0,13,21320,卖盘
1016,14:26:43,16.41,0.01,18,29538,买盘
1017,14:26:45,16.4,-0.01,8,13120,卖盘
1018,14:26:52,16.4,0.0,24,39360,买盘
1019,14:26:58,16.4,0.0,6,9840,卖盘
1020,14:27:06,16.41,0.01,43,70563,买盘
1021,14:27:13,16.41,0.0,10,16410,卖盘
1022,14:27:16,16.41,0.0,10,16410,卖盘
1023,14:27:19,16.41,0.0,34,55798,卖盘
1024,14:27:21,16.44,0.03,13,21370,买盘
1025,14:27:24,16.45,0.01,5,8225,买盘
1026,14:27:27,16.44,-0.01,7,11509,卖盘
1027,14:27:43,16.45,0.01,32,52640,买盘
1028,14:27:45,16.45,0.0,11,18095,卖盘
1029,14:27:52,16.45,0.0,5,8225,卖盘
1030,14:27:55,16.45,0.0,2,3290,卖盘
1031,14:27:58,16.45,0.0,3,4935,买盘
1032,14:28:00,16.45,0.0,24,39480,买盘
1033,14:28:04,16.45,0.0,2,3290,买盘
1034,14:28:07,16.45,0.0,9,14805,买盘
1035,14:28:25,16.44,-0.01,4,6576,卖盘
1036,14:28:37,16.44,0.0,1,1644,卖盘
1037,14:28:46,16.42,-0.02,6,9852,卖盘
1038,14:28:52,16.44,0.02,44,72336,买盘
1039,14:29:07,16.44,0.0,3,4932,买盘
1040,14:29:18,16.42,-0.02,8,13136,卖盘
1041,14:29:25,16.43,0.01,5,8215,买盘
1042,14:29:37,16.43,0.0,6,9858,买盘
1043,14:29:43,16.43,0.0,4,6572,卖盘
1044,14:29:49,16.43,0.0,5,8215,卖盘
1045,14:29:58,16.42,-0.01,5,8210,卖盘
1046,14:30:01,16.43,0.01,1,1643,买盘
1047,14:30:07,16.43,0.0,30,49290,买盘
1048,14:30:18,16.44,0.01,1,1644,买盘
1049,14:30:28,16.43,-0.01,3,4929,卖盘
1050,14:30:31,16.43,0.0,1,1643,卖盘
1051,14:30:51,16.43,0.0,10,16430,卖盘
1052,14:31:06,16.43,0.0,10,16430,卖盘
1053,14:31:16,16.43,0.0,21,34515,卖盘
1054,14:31:31,16.43,0.0,8,13144,买盘
1055,14:31:37,16.43,0.0,7,11501,买盘
1056,14:31:46,16.42,-0.01,4,6568,卖盘
1057,14:31:58,16.42,0.0,5,8210,卖盘
1058,14:32:04,16.43,0.01,27,44349,买盘
1059,14:32:37,16.43,0.0,11,18073,买盘
1060,14:32:52,16.43,0.0,21,34521,卖盘
1061,14:33:07,16.41,-0.02,55,90255,卖盘
1062,14:33:09,16.42,0.01,13,21346,买盘
1063,14:33:40,16.41,-0.01,5,8205,卖盘
1064,14:33:46,16.42,0.01,23,37766,买盘
1065,14:34:01,16.42,0.0,8,13136,卖盘
1066,14:34:19,16.42,0.0,12,19704,卖盘
1067,14:34:37,16.42,0.0,46,75532,卖盘
1068,14:34:43,16.42,0.0,88,144496,买盘
1069,14:34:45,16.41,-0.01,11,18051,卖盘
1070,14:34:58,16.41,0.0,5,8205,卖盘
1071,14:35:04,16.41,0.0,10,16410,卖盘
1072,14:35:06,16.41,0.0,11,18051,卖盘
1073,14:35:16,16.4,-0.01,13,21320,卖盘
1074,14:35:21,16.4,0.0,16,26240,卖盘
1075,14:35:25,16.41,0.01,12,19692,买盘
1076,14:35:28,16.4,-0.01,6,9840,卖盘
1077,14:35:46,16.4,0.0,1,1640,卖盘
1078,14:35:52,16.4,0.0,8,13120,卖盘
1079,14:35:54,16.4,0.0,47,77076,买盘
1080,14:35:58,16.39,-0.01,2,3278,卖盘
1081,14:36:10,16.37,-0.02,1,1637,卖盘
1082,14:36:21,16.37,0.0,1,1637,卖盘
1083,14:36:34,16.37,0.0,6,9822,卖盘
1084,14:36:39,16.37,0.0,5,8185,卖盘
1085,14:36:52,16.37,0.0,11,18007,卖盘
1086,14:36:58,16.34,-0.03,6,9804,卖盘
1087,14:37:10,16.34,0.0,2,3268,卖盘
1088,14:37:13,16.34,0.0,8,13072,卖盘
1089,14:37:15,16.34,0.0,1,1634,买盘
1090,14:37:27,16.34,0.0,20,32680,买盘
1091,14:37:34,16.33,-0.01,11,17963,卖盘
1092,14:37:40,16.31,-0.02,4,6524,卖盘
1093,14:37:57,16.31,0.0,6,9786,卖盘
1094,14:38:15,16.33,0.02,9,14697,买盘
1095,14:38:28,16.31,-0.02,21,34281,卖盘
1096,14:38:52,16.33,0.02,67,109411,买盘
1097,14:38:57,16.33,0.0,11,17969,卖盘
1098,14:39:07,16.36,0.03,3,4908,买盘
1099,14:39:28,16.36,0.0,7,11452,买盘
1100,14:39:33,16.36,0.0,9,14724,买盘
1101,14:39:39,16.36,0.0,20,32720,卖盘
1102,14:39:49,16.37,0.01,9,14728,买盘
1103,14:40:07,16.37,0.0,53,86761,买盘
1104,14:40:22,16.37,0.0,3,4911,卖盘
1105,14:40:46,16.37,0.0,10,16370,卖盘
1106,14:41:10,16.37,0.0,3,4911,卖盘
1107,14:41:13,16.37,0.0,10,16370,卖盘
1108,14:41:16,16.37,0.0,2,3274,卖盘
1109,14:41:40,16.38,0.01,1,1638,买盘
1110,14:41:43,16.39,0.01,4,6556,买盘
1111,14:41:46,16.4,0.01,60,98372,买盘
1112,14:42:01,16.4,0.0,3,4920,买盘
1113,14:42:16,16.4,0.0,50,82000,买盘
1114,14:42:21,16.4,0.0,9,14760,买盘
1115,14:42:34,16.42,0.02,5,8210,买盘
1116,14:42:36,16.41,-0.01,4,6564,卖盘
1117,14:42:43,16.41,0.0,57,93580,买盘
1118,14:42:49,16.41,0.0,5,8205,卖盘
1119,14:42:55,16.41,0.0,15,24615,买盘
1120,14:43:04,16.41,0.0,5,8205,卖盘
1121,14:43:07,16.41,0.0,10,16410,卖盘
1122,14:43:21,16.41,0.0,8,13128,买盘
1123,14:43:31,16.42,0.01,1,1642,买盘
1124,14:43:42,16.42,0.0,3,4926,买盘
1125,14:43:58,16.42,0.0,5,8210,卖盘
1126,14:44:04,16.43,0.01,20,32860,买盘
1127,14:44:07,16.43,0.0,6,9858,买盘
1128,14:44:19,16.43,0.0,8,13144,买盘
1129,14:44:31,16.43,0.0,1,1643,买盘
1130,14:44:34,16.43,0.0,5,8215,买盘
1131,14:44:37,16.43,0.0,6,9858,买盘
1132,14:44:52,16.43,0.0,7,11501,买盘
1133,14:44:57,16.43,0.0,4,6572,买盘
1134,14:45:25,16.43,0.0,1,1643,买盘
1135,14:45:30,16.42,-0.01,20,32840,卖盘
1136,14:45:34,16.43,0.01,10,16430,买盘
1137,14:45:43,16.43,0.0,3,4929,买盘
1138,14:45:49,16.43,0.0,16,26288,买盘
1139,14:46:10,16.42,-0.01,4,6568,卖盘
1140,14:46:13,16.43,0.01,8,13144,买盘
1141,14:46:19,16.42,-0.01,11,18062,卖盘
1142,14:46:25,16.42,0.0,42,68994,卖盘
1143,14:46:31,16.42,0.0,4,6568,买盘
1144,14:46:40,16.42,0.0,4,6568,买盘
1145,14:46:58,16.42,0.0,8,13136,买盘
1146,14:47:01,16.42,0.0,5,8210,买盘
1147,14:47:16,16.42,0.0,4,6568,卖盘
1148,14:47:18,16.45,0.03,100,164342,买盘
1149,14:47:22,16.42,-0.03,5,8210,中性盘
1150,14:47:25,16.42,0.0,6,9852,卖盘
1151,14:47:28,16.42,0.0,5,8210,卖盘
1152,14:47:52,16.42,0.0,83,136286,买盘
1153,14:48:04,16.43,0.01,4,6572,卖盘
1154,14:48:15,16.43,0.0,1,1643,买盘
1155,14:48:18,16.44,0.01,11,18084,买盘
1156,14:48:21,16.44,0.0,6,9864,买盘
1157,14:48:31,16.45,0.01,5,8225,买盘
1158,14:48:36,16.42,-0.03,100,164250,卖盘
1159,14:48:40,16.42,0.0,2,3284,卖盘
1160,14:48:43,16.45,0.03,6,9870,买盘
1161,14:49:01,16.45,0.0,70,115150,买盘
1162,14:49:09,16.45,0.0,16,26320,卖盘
1163,14:49:15,16.42,-0.03,15,24669,卖盘
1164,14:49:19,16.46,0.04,7,11522,买盘
1165,14:49:37,16.45,-0.01,2,3290,买盘
1166,14:49:43,16.47,0.02,56,92168,买盘
1167,14:49:45,16.46,-0.01,20,32920,中性盘
1168,14:49:55,16.45,-0.01,6,9870,买盘
1169,14:50:01,16.46,0.01,3,4938,买盘
1170,14:50:04,16.45,-0.01,12,19745,卖盘
1171,14:50:13,16.46,0.01,1,1646,卖盘
1172,14:50:15,16.46,0.0,1,1646,卖盘
1173,14:50:18,16.46,0.0,1,1646,卖盘
1174,14:50:28,16.47,0.01,7,11529,买盘
1175,14:50:31,16.46,-0.01,6,9876,卖盘
1176,14:50:49,16.46,0.0,15,24690,买盘
1177,14:50:58,16.43,-0.03,1,1643,卖盘
1178,14:51:12,16.46,0.03,21,34518,买盘
1179,14:51:22,16.42,-0.04,12,19704,卖盘
1180,14:51:28,16.41,-0.01,24,40224,卖盘
1181,14:51:40,16.42,0.01,16,26272,中性盘
1182,14:51:52,16.41,-0.01,11,18051,卖盘
1183,14:51:58,16.41,0.0,17,27897,卖盘
1184,14:52:04,16.41,0.0,5,7384,卖盘
1185,14:52:22,16.41,0.0,12,19692,买盘
1186,14:52:25,16.4,-0.01,7,11480,卖盘
1187,14:52:37,16.41,0.01,10,16410,买盘
1188,14:52:49,16.41,0.0,5,8205,卖盘
1189,14:52:52,16.42,0.01,1,1642,买盘
1190,14:53:16,16.42,0.0,4,6568,买盘
1191,14:53:25,16.42,0.0,10,16420,买盘
1192,14:53:37,16.41,-0.01,10,16410,卖盘
1193,14:53:43,16.42,0.01,1,1642,买盘
1194,14:53:48,16.41,-0.01,8,13128,卖盘
1195,14:53:55,16.42,0.01,15,24628,买盘
1196,14:53:58,16.41,-0.01,27,43488,卖盘
1197,14:54:04,16.41,0.0,60,98460,买盘
1198,14:54:10,16.4,-0.01,4,6560,卖盘
1199,14:54:13,16.4,0.0,7,11480,卖盘
1200,14:54:28,16.4,0.0,3,4920,卖盘
1201,14:54:31,16.4,0.0,50,82000,卖盘
1202,14:54:33,16.39,-0.01,12,19674,卖盘
1203,14:54:37,16.39,0.0,17,27863,卖盘
1204,14:54:42,16.4,0.01,21,34430,买盘
1205,14:55:01,16.39,-0.01,1,1639,买盘
1206,14:55:04,16.39,0.0,25,40975,买盘
1207,14:55:07,16.39,0.0,29,47531,买盘
1208,14:55:10,16.4,0.01,48,78720,买盘
1209,14:55:13,16.41,0.01,3,4923,买盘
1210,14:55:28,16.4,-0.01,2,3280,买盘
1211,14:55:34,16.39,-0.01,10,16392,卖盘
1212,14:55:51,16.41,0.02,10,16410,买盘
1213,14:55:54,16.4,-0.01,4,6560,卖盘
1214,14:55:58,16.4,0.0,10,16400,卖盘
1215,14:56:01,16.41,0.01,5,8205,买盘
1216,14:56:04,16.41,0.0,20,32820,买盘
1217,14:56:06,16.41,0.0,2,3282,买盘
1218,14:56:13,16.41,0.0,4,6564,买盘
1219,14:56:19,16.4,-0.01,1,1640,卖盘
1220,14:56:21,16.41,0.01,20,32820,买盘
1221,14:56:25,16.41,0.0,1,2462,买盘
1222,14:56:28,16.41,0.0,1,820,买盘
1223,14:56:39,16.41,0.0,2,4102,买盘
1224,14:56:43,16.42,0.01,37,60754,买盘
1225,14:56:52,16.42,0.0,8,13136,买盘
1226,14:56:55,16.42,0.0,1,1642,买盘
1227,14:56:58,16.43,0.01,38,62411,买盘
1228,14:57:00,16.43,0.0,8,13144,卖盘
1229,15:00:04,16.43,0.0,366,601338,卖盘
