,time,price,change,volume,amount,type
0,09:25:04,5.5,0.0,1,550,卖盘
1,09:30:04,5.51,0.01,4,2205,中性盘
2,09:30:07,5.5,-0.01,20,11017,卖盘
3,09:30:48,5.51,0.01,1,551,卖盘
4,09:30:51,5.51,0.0,10,5510,卖盘
5,09:30:58,5.51,0.0,18,9918,买盘
6,09:31:06,5.51,0.0,1,551,卖盘
7,09:31:09,5.52,0.01,5,2760,买盘
8,09:31:13,5.51,-0.01,31,17081,卖盘
9,09:31:39,5.5,-0.01,20,11000,卖盘
10,09:31:45,5.49,-0.01,1,549,卖盘
11,09:31:48,5.49,0.0,1,549,卖盘
12,09:32:06,5.51,0.02,62,34151,买盘
13,09:32:33,5.51,0.0,1,551,卖盘
14,09:32:45,5.51,0.0,1,551,卖盘
15,09:32:51,5.51,0.0,1,551,卖盘
16,09:32:54,5.51,0.0,9,4959,卖盘
17,09:33:04,5.51,0.0,10,5510,卖盘
18,09:33:06,5.51,0.0,1,551,卖盘
19,09:33:18,5.51,0.0,1,551,卖盘
20,09:33:27,5.52,0.01,10,5519,买盘
21,09:33:31,5.51,-0.01,1,551,卖盘
22,09:33:33,5.52,0.01,10,5520,买盘
23,09:33:36,5.52,0.0,3,1656,买盘
24,09:34:16,5.51,-0.01,1,551,卖盘
25,09:34:18,5.51,0.0,11,6061,卖盘
26,09:34:30,5.49,-0.02,4,2196,卖盘
27,09:34:33,5.49,0.0,3,1647,卖盘
28,09:34:48,5.5,0.01,40,21998,买盘
29,09:34:54,5.49,-0.01,34,18678,卖盘
30,09:35:00,5.49,0.0,17,9333,卖盘
31,09:35:18,5.48,-0.01,4,2192,中性盘
32,09:35:24,5.48,0.0,1,548,卖盘
33,09:35:34,5.48,0.0,5,2740,卖盘
34,09:35:46,5.47,-0.01,2,1094,卖盘
35,09:35:48,5.47,0.0,30,16410,卖盘
36,09:36:06,5.48,0.01,51,27948,买盘
37,09:36:09,5.48,0.0,12,6576,买盘
38,09:36:12,5.48,0.0,6,3288,买盘
39,09:36:18,5.48,0.0,5,2740,买盘
40,09:36:21,5.48,0.0,1,548,买盘
41,09:36:24,5.48,0.0,10,5480,买盘
42,09:36:31,5.47,-0.01,3,1641,卖盘
43,09:36:45,5.49,0.02,11,6039,买盘
44,09:36:48,5.49,0.0,1,549,买盘
45,09:36:51,5.49,0.0,3,1647,买盘
46,09:37:54,5.49,0.0,4,2196,卖盘
47,09:38:42,5.51,0.02,27,14877,买盘
48,09:39:04,5.5,-0.01,66,36300,卖盘
49,09:39:18,5.5,0.0,30,16500,卖盘
50,09:39:24,5.5,0.0,5,2750,卖盘
51,09:40:39,5.5,0.0,3,1650,卖盘
52,09:40:42,5.5,0.0,1,550,卖盘
53,09:41:18,5.5,0.0,9,4950,卖盘
54,09:41:54,5.5,0.0,10,5500,卖盘
55,09:41:57,5.5,0.0,19,10450,卖盘
56,09:42:01,5.49,-0.01,5,2745,卖盘
57,09:42:06,5.51,0.02,130,71627,买盘
58,09:42:30,5.51,0.0,95,52345,买盘
59,09:43:12,5.5,-0.01,3,1650,卖盘
60,09:44:21,5.5,0.0,4,2200,卖盘
61,09:44:39,5.52,0.02,3,1656,买盘
62,09:44:42,5.52,0.0,3,1656,买盘
63,09:44:45,5.52,0.0,3,1656,买盘
64,09:44:48,5.52,0.0,3,1656,买盘
65,09:44:51,5.52,0.0,2,1104,买盘
66,09:44:54,5.52,0.0,2,1104,买盘
67,09:44:58,5.52,0.0,3,1656,买盘
68,09:45:12,5.52,0.0,2,1104,买盘
69,09:45:15,5.52,0.0,1,552,买盘
70,09:45:18,5.52,0.0,1,552,买盘
71,09:45:21,5.52,0.0,1,552,买盘
72,09:45:24,5.52,0.0,1,552,买盘
73,09:45:27,5.52,0.0,1,552,买盘
74,09:45:30,5.52,0.0,1,552,买盘
75,09:45:33,5.52,0.0,1,552,买盘
76,09:45:42,5.52,0.0,9,4968,买盘
77,09:45:45,5.52,0.0,1,552,买盘
78,09:46:19,5.52,0.0,1,552,买盘
79,09:46:21,5.52,0.0,1,552,买盘
80,09:46:24,5.52,0.0,1,552,买盘
81,09:46:27,5.52,0.0,1,552,买盘
82,09:46:31,5.52,0.0,1,552,买盘
83,09:46:33,5.52,0.0,1,552,买盘
84,09:46:36,5.52,0.0,1,552,买盘
85,09:46:39,5.52,0.0,1,552,买盘
86,09:46:42,5.52,0.0,1,552,买盘
87,09:46:45,5.52,0.0,1,552,买盘
88,09:46:48,5.52,0.0,1,552,买盘
89,09:46:51,5.52,0.0,18,9936,买盘
90,09:46:54,5.52,0.0,2,1104,买盘
91,09:47:06,5.52,0.0,9,4968,卖盘
92,09:47:25,5.52,0.0,5,2760,买盘
93,09:48:06,5.52,0.0,7,3864,卖盘
94,09:48:09,5.52,0.0,11,6072,卖盘
95,09:48:24,5.51,-0.01,22,12122,卖盘
96,09:48:27,5.51,0.0,77,42427,卖盘
97,09:48:31,5.51,0.0,1,551,卖盘
98,09:48:40,5.5,-0.01,6,3300,卖盘
99,09:48:45,5.5,0.0,11,6050,卖盘
100,09:49:36,5.5,0.0,50,27500,卖盘
101,09:49:42,5.5,0.0,5,2750,卖盘
102,09:49:57,5.5,0.0,7,3850,卖盘
103,09:50:15,5.5,0.0,4,2200,卖盘
104,09:50:25,5.5,0.0,5,2750,卖盘
105,09:50:27,5.5,0.0,4,2200,卖盘
106,09:51:12,5.5,0.0,3,1650,卖盘
107,09:51:15,5.5,0.0,75,41250,卖盘
108,09:51:18,5.5,0.0,14,7700,卖盘
109,09:51:31,5.5,0.0,3,1650,卖盘
110,09:51:33,5.5,0.0,9,4950,卖盘
111,09:51:39,5.5,0.0,8,4400,卖盘
112,09:52:04,5.5,0.0,3,1650,卖盘
113,09:52:48,5.5,0.0,20,11000,卖盘
114,09:52:51,5.5,0.0,30,16500,卖盘
115,09:53:39,5.5,0.0,1,550,卖盘
116,09:53:42,5.5,0.0,8,4400,卖盘
117,09:54:48,5.49,-0.01,4,2196,卖盘
118,09:54:51,5.49,0.0,61,33489,卖盘
119,09:54:54,5.49,0.0,3,1647,卖盘
120,09:54:57,5.49,0.0,26,14274,卖盘
121,09:55:01,5.49,0.0,6,3294,卖盘
122,09:55:33,5.48,-0.01,6,3288,卖盘
123,09:55:57,5.48,0.0,20,10960,卖盘
124,09:56:15,5.48,0.0,3,1644,卖盘
125,09:56:37,5.49,0.01,20,10980,买盘
126,09:56:39,5.49,0.0,47,25803,买盘
127,09:57:03,5.49,0.0,3,1647,卖盘
128,09:57:31,5.49,0.0,5,2745,卖盘
129,09:58:04,5.49,0.0,7,3843,卖盘
130,09:58:36,5.49,0.0,25,13725,卖盘
131,09:58:39,5.5,0.01,2,1100,买盘
132,09:58:42,5.49,-0.01,6,3294,卖盘
133,09:58:48,5.49,0.0,17,9333,卖盘
134,09:59:12,5.48,-0.01,2,1096,卖盘
135,09:59:18,5.49,0.01,8,4392,买盘
136,10:00:15,5.48,-0.01,9,4932,卖盘
137,10:00:33,5.48,0.0,8,4384,卖盘
138,10:00:39,5.48,0.0,21,11508,卖盘
139,10:00:51,5.48,0.0,27,14796,卖盘
140,10:00:54,5.48,0.0,229,125492,卖盘
141,10:00:57,5.48,0.0,38,20824,卖盘
142,10:01:25,5.48,0.0,20,10960,买盘
143,10:01:45,5.48,0.0,6,3288,卖盘
144,10:01:51,5.48,0.0,5,2740,卖盘
145,10:01:57,5.48,0.0,19,10412,卖盘
146,10:03:12,5.48,0.0,29,15892,卖盘
147,10:03:39,5.47,-0.01,5,2738,卖盘
148,10:03:54,5.47,0.0,3,1641,卖盘
149,10:04:06,5.47,0.0,3,1641,卖盘
150,10:04:13,5.47,0.0,54,29538,卖盘
151,10:04:15,5.47,0.0,47,25709,卖盘
152,10:04:18,5.47,0.0,3,1641,卖盘
153,10:04:21,5.47,0.0,10,5470,卖盘
154,10:04:25,5.47,0.0,10,5470,卖盘
155,10:04:30,5.47,0.0,1,547,卖盘
156,10:04:36,5.47,0.0,37,20239,卖盘
157,10:04:39,5.47,0.0,3,1641,卖盘
158,10:05:42,5.45,-0.02,11,5995,卖盘
159,10:05:46,5.45,0.0,8,4360,卖盘
160,10:05:58,5.44,-0.01,8,4352,卖盘
161,10:06:09,5.46,0.02,5,2730,买盘
162,10:06:42,5.44,-0.02,64,34816,卖盘
163,10:06:57,5.44,0.0,26,14144,买盘
164,10:07:12,5.44,0.0,2,1088,买盘
165,10:07:15,5.43,-0.01,24,13042,卖盘
166,10:07:37,5.44,0.01,60,32640,卖盘
167,10:07:39,5.43,-0.01,15,8145,卖盘
168,10:07:54,5.43,0.0,43,23361,卖盘
169,10:08:06,5.43,0.0,36,19548,卖盘
170,10:09:09,5.45,0.02,2,1090,卖盘
171,10:09:18,5.45,0.0,5,2725,卖盘
172,10:09:22,5.45,0.0,20,10900,卖盘
173,10:09:49,5.45,0.0,9,4905,卖盘
174,10:10:18,5.45,0.0,38,20710,卖盘
175,10:10:39,5.45,0.0,3,1635,卖盘
176,10:10:55,5.45,0.0,22,11990,卖盘
177,10:10:57,5.45,0.0,3,1635,卖盘
178,10:11:27,5.45,0.0,10,5450,卖盘
179,10:11:45,5.45,0.0,3,1635,卖盘
180,10:11:52,5.46,0.01,2,1092,买盘
181,10:11:54,5.45,-0.01,31,16895,卖盘
182,10:12:00,5.45,0.0,13,7085,卖盘
183,10:12:04,5.45,0.0,25,13625,买盘
184,10:13:15,5.45,0.0,7,3815,卖盘
185,10:13:40,5.45,0.0,3,1635,卖盘
186,10:13:51,5.45,0.0,9,4905,卖盘
187,10:15:24,5.45,0.0,4,2180,卖盘
188,10:16:06,5.46,0.01,9,4914,买盘
189,10:16:12,5.46,0.0,1,546,买盘
190,10:16:51,5.46,0.0,8,4368,买盘
191,10:17:39,5.46,0.0,10,5460,买盘
192,10:17:57,5.45,-0.01,8,4360,卖盘
193,10:19:27,5.45,0.0,5,2725,卖盘
194,10:19:42,5.45,0.0,3,1635,卖盘
195,10:19:57,5.45,0.0,13,7085,卖盘
196,10:20:54,5.45,0.0,6,3270,卖盘
197,10:21:04,5.45,0.0,4,2180,卖盘
198,10:21:10,5.45,0.0,6,3270,卖盘
199,10:21:42,5.45,0.0,10,5450,卖盘
200,10:22:09,5.46,0.01,50,27300,买盘
201,10:22:15,5.45,-0.01,10,5450,卖盘
202,10:22:24,5.45,0.0,58,31610,卖盘
203,10:22:58,5.45,0.0,50,27250,买盘
204,10:23:04,5.44,-0.01,1,544,卖盘
205,10:23:09,5.44,0.0,9,4896,卖盘
206,10:23:15,5.44,0.0,22,11968,卖盘
207,10:24:06,5.45,0.01,10,5450,买盘
208,10:24:36,5.44,-0.01,6,3264,卖盘
209,10:24:57,5.45,0.01,100,54500,买盘
210,10:25:36,5.44,-0.01,6,3264,卖盘
211,10:26:00,5.45,0.01,11,5995,买盘
212,10:26:16,5.44,-0.01,8,4352,卖盘
213,10:27:00,5.45,0.01,6,3270,买盘
214,10:27:21,5.44,-0.01,38,20672,卖盘
215,10:27:28,5.44,0.0,12,6528,卖盘
216,10:27:48,5.44,0.0,4,2176,卖盘
217,10:28:00,5.45,0.01,1,545,买盘
218,10:29:27,5.45,0.0,43,23435,买盘
219,10:29:36,5.45,0.0,11,5995,卖盘
220,10:29:42,5.45,0.0,5,2725,卖盘
221,10:30:00,5.46,0.01,16,8736,买盘
222,10:30:04,5.46,0.0,3,1638,卖盘
223,10:30:12,5.45,-0.01,4,2180,卖盘
224,10:30:24,5.46,0.01,11,6006,买盘
225,10:30:27,5.45,-0.01,22,11990,卖盘
226,10:30:39,5.46,0.01,2,1092,买盘
227,10:30:42,5.46,0.0,8,4368,卖盘
228,10:30:48,5.45,-0.01,51,27795,卖盘
229,10:30:57,5.45,0.0,7,3815,卖盘
230,10:31:00,5.45,0.0,1,545,卖盘
231,10:31:27,5.45,0.0,28,15260,卖盘
232,10:31:57,5.45,0.0,1,545,卖盘
233,10:33:12,5.45,0.0,32,17440,卖盘
234,10:33:21,5.45,0.0,6,3270,买盘
235,10:33:39,5.44,-0.01,5,2720,卖盘
236,10:34:00,5.44,0.0,8,4352,卖盘
237,10:34:58,5.44,0.0,20,10880,卖盘
238,10:35:30,5.44,0.0,40,21760,卖盘
239,10:35:33,5.44,0.0,3,1632,卖盘
240,10:35:39,5.44,0.0,7,3808,卖盘
241,10:35:42,5.44,0.0,3,1632,卖盘
242,10:35:45,5.44,0.0,2,1088,卖盘
243,10:35:48,5.44,0.0,16,8704,卖盘
244,10:35:51,5.44,0.0,4,2176,卖盘
245,10:36:09,5.44,0.0,6,3264,卖盘
246,10:36:19,5.44,0.0,2,1088,卖盘
247,10:36:21,5.44,0.0,9,4896,卖盘
248,10:36:46,5.44,0.0,35,19040,卖盘
249,10:37:09,5.45,0.01,79,43055,买盘
250,10:38:06,5.45,0.0,1,545,买盘
251,10:38:24,5.44,-0.01,86,46806,卖盘
252,10:39:24,5.44,0.0,5,2720,卖盘
253,10:39:33,5.44,0.0,60,32640,卖盘
254,10:40:15,5.44,0.0,19,10336,卖盘
255,10:40:21,5.44,0.0,1,544,卖盘
256,10:41:04,5.44,0.0,100,54400,卖盘
257,10:41:06,5.44,0.0,26,14144,卖盘
258,10:41:27,5.43,-0.01,216,117288,卖盘
259,10:41:30,5.43,0.0,23,12489,卖盘
260,10:41:36,5.43,0.0,1,543,卖盘
261,10:42:15,5.43,0.0,209,113487,卖盘
262,10:42:27,5.43,0.0,9,4887,卖盘
263,10:42:30,5.43,0.0,10,5430,卖盘
264,10:42:33,5.43,0.0,14,7602,卖盘
265,10:42:39,5.44,0.01,3,1632,买盘
266,10:42:55,5.44,0.0,13,7072,买盘
267,10:43:04,5.44,0.0,6,3264,卖盘
268,10:43:12,5.44,0.0,18,9792,卖盘
269,10:43:57,5.44,0.0,10,5440,买盘
270,10:44:12,5.43,-0.01,6,3258,卖盘
271,10:44:15,5.43,0.0,1,543,卖盘
272,10:44:21,5.43,0.0,3,1629,卖盘
273,10:45:00,5.44,0.01,55,29915,买盘
274,10:45:09,5.44,0.0,6,3264,买盘
275,10:45:18,5.44,0.0,21,11424,买盘
276,10:45:27,5.44,0.0,10,5440,卖盘
277,10:46:18,5.44,0.0,59,32096,卖盘
278,10:46:42,5.44,0.0,12,6528,买盘
279,10:46:45,5.43,-0.01,11,5973,卖盘
280,10:46:55,5.43,0.0,1,543,卖盘
281,10:47:40,5.43,0.0,22,11946,卖盘
282,10:48:04,5.43,0.0,3,1629,卖盘
283,10:48:07,5.43,0.0,3,1629,卖盘
284,10:48:21,5.43,0.0,3,1629,卖盘
285,10:48:51,5.44,0.01,2,1088,买盘
286,10:48:54,5.43,-0.01,74,40182,卖盘
287,10:49:00,5.44,0.01,5,2720,买盘
288,10:50:15,5.43,-0.01,13,7059,卖盘
289,10:51:31,5.43,0.0,11,5973,卖盘
290,10:51:43,5.44,0.01,1,544,买盘
291,10:51:54,5.43,-0.01,6,3258,卖盘
292,10:52:04,5.43,0.0,1,543,卖盘
293,10:52:06,5.43,0.0,81,43983,卖盘
294,10:52:39,5.42,-0.01,12,6504,卖盘
295,10:52:57,5.43,0.01,26,14118,买盘
296,10:53:36,5.43,0.0,20,10860,卖盘
297,10:53:42,5.42,-0.01,11,5967,卖盘
298,10:54:06,5.42,0.0,3,1626,卖盘
299,10:55:07,5.43,0.01,1,543,卖盘
300,10:57:04,5.43,0.0,12,6516,卖盘
301,10:57:09,5.43,0.0,22,11946,卖盘
302,10:57:30,5.43,0.0,1,543,卖盘
303,10:57:45,5.43,0.0,50,27150,卖盘
304,10:57:48,5.43,0.0,25,13575,卖盘
305,10:57:51,5.42,-0.01,7,3794,卖盘
306,10:58:18,5.42,0.0,99,53658,卖盘
307,10:58:21,5.43,0.01,84,45612,买盘
308,10:58:28,5.44,0.01,47,25568,买盘
309,10:58:51,5.44,0.0,69,37536,卖盘
310,10:59:00,5.45,0.01,88,48232,买盘
311,10:59:15,5.45,0.0,5,2725,卖盘
312,10:59:18,5.45,0.0,48,25888,卖盘
313,10:59:57,5.45,0.0,56,30792,买盘
314,11:00:10,5.45,0.0,1,545,卖盘
315,11:00:24,5.46,0.01,1,546,买盘
316,11:00:27,5.46,0.0,1,546,买盘
317,11:00:30,5.46,0.0,1,546,买盘
318,11:00:33,5.46,0.0,1,546,买盘
319,11:01:00,5.46,0.0,21,11466,买盘
320,11:01:36,5.47,0.01,1,547,买盘
321,11:01:39,5.47,0.0,1,547,买盘
322,11:02:15,5.45,-0.02,7,3815,卖盘
323,11:03:03,5.45,0.0,33,18045,卖盘
324,11:05:00,5.45,0.0,10,5450,卖盘
325,11:06:09,5.47,0.02,20,10940,买盘
326,11:06:15,5.5,0.03,250,137198,买盘
327,11:07:24,5.49,-0.01,20,10980,买盘
328,11:07:48,5.49,0.0,10,5490,卖盘
329,11:07:58,5.49,0.0,2,1098,卖盘
330,11:08:00,5.49,0.0,7,3843,卖盘
331,11:08:03,5.49,0.0,6,3294,卖盘
332,11:08:12,5.49,0.0,10,5490,买盘
333,11:09:00,5.49,0.0,7,3843,卖盘
334,11:09:42,5.49,0.0,3,1647,卖盘
335,11:09:45,5.49,0.0,80,43920,卖盘
336,11:09:54,5.49,0.0,9,4941,买盘
337,11:12:30,5.48,-0.01,2,1096,卖盘
338,11:12:33,5.48,0.0,1,548,卖盘
339,11:13:00,5.48,0.0,12,6576,卖盘
340,11:13:04,5.48,0.0,12,6576,卖盘
341,11:13:15,5.48,0.0,2,1096,卖盘
342,11:13:25,5.48,0.0,1,548,卖盘
343,11:13:51,5.48,0.0,3,1644,卖盘
344,11:14:00,5.48,0.0,2,1096,卖盘
345,11:14:43,5.48,0.0,15,8220,卖盘
346,11:15:00,5.47,-0.01,9,4923,卖盘
347,11:15:30,5.47,0.0,7,3829,卖盘
348,11:15:51,5.48,0.01,22,12056,买盘
349,11:16:04,5.48,0.0,1,548,卖盘
350,11:17:21,5.48,0.0,1,548,卖盘
351,11:18:33,5.49,0.01,78,42822,买盘
352,11:19:10,5.5,0.01,50,27500,买盘
353,11:19:12,5.5,0.0,6,3300,卖盘
354,11:19:24,5.51,0.01,40,22040,买盘
355,11:20:03,5.51,0.0,9,4959,卖盘
356,11:20:09,5.5,-0.01,58,31900,卖盘
357,11:21:54,5.47,-0.03,5,2735,卖盘
358,11:23:36,5.47,0.0,9,4923,卖盘
359,11:24:01,5.47,0.0,1,547,卖盘
360,11:24:51,5.48,0.01,5,2740,卖盘
361,11:25:48,5.49,0.01,20,10980,买盘
362,11:27:15,5.49,0.0,24,13176,买盘
363,11:27:27,5.49,0.0,5,2745,卖盘
364,11:27:48,5.49,0.0,50,27450,卖盘
365,11:27:51,5.49,0.0,21,11529,卖盘
366,11:28:42,5.48,-0.01,5,2740,卖盘
367,11:29:18,5.48,0.0,1,548,卖盘
368,13:00:04,5.48,0.0,189,103572,卖盘
369,13:00:09,5.47,-0.01,1,547,卖盘
370,13:00:12,5.48,0.01,56,30688,买盘
371,13:02:51,5.47,-0.01,9,4923,卖盘
372,13:04:51,5.47,0.0,81,44307,卖盘
373,13:05:48,5.47,0.0,22,12034,卖盘
374,13:05:57,5.47,0.0,22,12034,卖盘
375,13:06:03,5.47,0.0,7,3829,卖盘
376,13:06:21,5.47,0.0,1,547,卖盘
377,13:08:27,5.47,0.0,1,547,卖盘
378,13:10:49,5.47,0.0,10,5470,卖盘
379,13:11:12,5.47,0.0,10,5470,卖盘
380,13:11:33,5.47,0.0,36,19692,卖盘
381,13:11:36,5.47,0.0,5,2735,卖盘
382,13:12:24,5.47,0.0,92,50324,卖盘
383,13:12:36,5.46,-0.01,1,546,卖盘
384,13:12:51,5.46,0.0,17,9282,卖盘
385,13:13:25,5.45,-0.01,9,4907,卖盘
386,13:13:36,5.45,0.0,1,545,卖盘
387,13:14:36,5.45,0.0,5,2725,卖盘
388,13:14:42,5.45,0.0,1,545,卖盘
389,13:15:06,5.45,0.0,10,5450,卖盘
390,13:15:36,5.45,0.0,1,545,卖盘
391,13:15:54,5.46,0.01,3,1638,买盘
392,13:16:00,5.46,0.0,14,7644,买盘
393,13:16:18,5.45,-0.01,5,2726,卖盘
394,13:16:27,5.45,0.0,5,2725,卖盘
395,13:16:36,5.45,0.0,1,545,卖盘
396,13:17:33,5.45,0.0,7,3815,卖盘
397,13:17:36,5.46,0.01,3,1637,买盘
398,13:17:45,5.46,0.0,9,4914,买盘
399,13:18:09,5.47,0.01,97,53059,买盘
400,13:18:54,5.47,0.0,1,547,卖盘
401,13:19:12,5.47,0.0,3,1641,卖盘
402,13:20:15,5.47,0.0,4,2188,卖盘
403,13:20:54,5.47,0.0,36,19692,卖盘
404,13:21:00,5.47,0.0,1,547,卖盘
405,13:21:09,5.47,0.0,5,2735,卖盘
406,13:21:12,5.47,0.0,3,1641,卖盘
407,13:21:42,5.47,0.0,1,547,卖盘
408,13:22:45,5.47,0.0,21,11487,卖盘
409,13:23:06,5.47,0.0,1,547,卖盘
410,13:23:51,5.48,0.01,14,7664,买盘
411,13:24:06,5.46,-0.02,1,546,卖盘
412,13:24:27,5.46,0.0,8,4368,卖盘
413,13:24:36,5.46,0.0,1,546,卖盘
414,13:25:09,5.46,0.0,1,546,卖盘
415,13:25:33,5.48,0.02,24,13152,买盘
416,13:25:36,5.48,0.0,3,1644,卖盘
417,13:25:42,5.46,-0.02,3,1638,卖盘
418,13:27:15,5.46,0.0,1,546,卖盘
419,13:28:36,5.47,0.01,1,547,卖盘
420,13:31:06,5.47,0.0,1,547,卖盘
421,13:31:27,5.47,0.0,1,547,卖盘
422,13:32:36,5.47,0.0,1,547,卖盘
423,13:32:42,5.47,0.0,3,1641,卖盘
424,13:32:52,5.46,-0.01,1,546,卖盘
425,13:33:22,5.46,0.0,4,2184,卖盘
426,13:33:36,5.46,0.0,1,546,卖盘
427,13:35:06,5.46,0.0,1,546,卖盘
428,13:35:21,5.46,0.0,3,1638,卖盘
429,13:35:49,5.46,0.0,7,3822,卖盘
430,13:36:06,5.46,0.0,1,546,卖盘
431,13:36:45,5.46,0.0,3,1638,卖盘
432,13:37:15,5.46,0.0,10,5460,卖盘
433,13:37:33,5.46,0.0,4,2184,卖盘
434,13:37:49,5.46,0.0,3,1638,卖盘
435,13:38:06,5.46,0.0,1,546,卖盘
436,13:38:36,5.46,0.0,1,546,卖盘
437,13:39:06,5.46,0.0,1,546,卖盘
438,13:39:36,5.46,0.0,1,546,卖盘
439,13:39:39,5.46,0.0,3,1638,卖盘
440,13:40:06,5.46,0.0,1,546,卖盘
441,13:40:36,5.46,0.0,1,546,卖盘
442,13:40:51,5.46,0.0,1,546,卖盘
443,13:41:06,5.46,0.0,11,6006,卖盘
444,13:41:21,5.46,0.0,2,1092,卖盘
445,13:41:57,5.46,0.0,3,1638,卖盘
446,13:42:00,5.46,0.0,1,546,卖盘
447,13:42:36,5.46,0.0,1,546,卖盘
448,13:42:51,5.46,0.0,1,546,卖盘
449,13:43:00,5.46,0.0,8,4368,卖盘
450,13:43:09,5.46,0.0,1,546,卖盘
451,13:44:00,5.46,0.0,1,546,卖盘
452,13:44:06,5.46,0.0,10,5460,卖盘
453,13:44:24,5.46,0.0,7,3822,卖盘
454,13:45:15,5.46,0.0,10,5460,卖盘
455,13:45:24,5.46,0.0,1,546,卖盘
456,13:45:36,5.46,0.0,1,546,卖盘
457,13:45:42,5.46,0.0,50,27300,卖盘
458,13:47:12,5.46,0.0,4,2184,卖盘
459,13:47:27,5.46,0.0,1,546,卖盘
460,13:47:36,5.46,0.0,1,546,卖盘
461,13:47:55,5.46,0.0,40,21840,卖盘
462,13:48:03,5.46,0.0,28,15266,卖盘
463,13:48:06,5.45,-0.01,1,545,卖盘
464,13:48:12,5.45,0.0,1,545,卖盘
465,13:48:36,5.45,0.0,2,1090,卖盘
466,13:49:12,5.45,0.0,10,5450,卖盘
467,13:49:24,5.45,0.0,1,545,卖盘
468,13:49:36,5.45,0.0,1,545,卖盘
469,13:49:39,5.45,0.0,5,2725,卖盘
470,13:49:45,5.45,0.0,20,10900,卖盘
471,13:49:54,5.45,0.0,1,545,卖盘
472,13:50:18,5.45,0.0,1,545,卖盘
473,13:50:36,5.45,0.0,1,545,卖盘
474,13:50:48,5.45,0.0,1,545,卖盘
475,13:51:06,5.45,0.0,1,545,卖盘
476,13:51:36,5.45,0.0,2,1090,卖盘
477,13:51:52,5.45,0.0,20,10900,卖盘
478,13:52:04,5.46,0.01,3,1638,买盘
479,13:52:09,5.45,-0.01,1,545,卖盘
480,13:52:30,5.45,0.0,7,3815,卖盘
481,13:52:37,5.45,0.0,6,3270,卖盘
482,13:53:06,5.45,0.0,1,545,卖盘
483,13:53:27,5.45,0.0,11,5995,卖盘
484,13:53:30,5.45,0.0,1,545,卖盘
485,13:53:48,5.46,0.01,17,9282,买盘
486,13:54:06,5.45,-0.01,1,545,卖盘
487,13:54:09,5.45,0.0,7,3815,卖盘
488,13:54:27,5.45,0.0,1,545,卖盘
489,13:55:06,5.45,0.0,2,1090,卖盘
490,13:55:37,5.45,0.0,1,545,卖盘
491,13:56:27,5.45,0.0,7,3815,卖盘
492,13:56:36,5.45,0.0,1,545,卖盘
493,13:56:42,5.45,0.0,28,15271,卖盘
494,13:57:42,5.46,0.01,8,4363,买盘
495,13:59:00,5.46,0.0,1,546,卖盘
496,13:59:48,5.46,0.0,6,3276,卖盘
497,14:00:46,5.46,0.0,1,546,卖盘
498,14:00:57,5.46,0.0,15,8190,卖盘
499,14:01:06,5.46,0.0,1,546,卖盘
500,14:01:15,5.46,0.0,6,3276,卖盘
501,14:01:18,5.46,0.0,2,1092,卖盘
502,14:01:33,5.46,0.0,8,4368,买盘
503,14:02:33,5.46,0.0,11,6006,卖盘
504,14:02:51,5.46,0.0,1,546,卖盘
505,14:02:57,5.46,0.0,1,546,卖盘
506,14:03:54,5.46,0.0,11,6006,卖盘
507,14:04:04,5.46,0.0,5,2730,卖盘
508,14:04:24,5.46,0.0,17,9282,卖盘
509,14:04:27,5.46,0.0,2,1092,卖盘
510,14:04:36,5.46,0.0,1,546,卖盘
511,14:05:04,5.46,0.0,18,9828,卖盘
512,14:05:06,5.46,0.0,2,1092,卖盘
513,14:05:54,5.46,0.0,15,8190,卖盘
514,14:06:00,5.45,-0.01,27,14715,卖盘
515,14:06:04,5.45,0.0,25,13625,卖盘
516,14:06:06,5.45,0.0,12,6540,卖盘
517,14:06:09,5.45,0.0,90,49050,卖盘
518,14:06:12,5.45,0.0,2,1090,卖盘
519,14:06:15,5.45,0.0,1,545,卖盘
520,14:06:18,5.45,0.0,44,23980,卖盘
521,14:06:21,5.45,0.0,18,9538,卖盘
522,14:06:24,5.44,-0.01,18,9792,卖盘
523,14:06:27,5.44,0.0,1,544,卖盘
524,14:06:30,5.44,0.0,1,544,卖盘
525,14:06:34,5.43,-0.01,3,1630,卖盘
526,14:06:36,5.43,0.0,2,1086,卖盘
527,14:06:51,5.43,0.0,20,10860,卖盘
528,14:06:54,5.43,0.0,20,10860,卖盘
529,14:07:00,5.43,0.0,1,543,卖盘
530,14:07:25,5.43,0.0,74,40182,卖盘
531,14:07:28,5.43,0.0,9,4887,卖盘
532,14:07:36,5.43,0.0,1,543,卖盘
533,14:07:48,5.43,0.0,6,3258,卖盘
534,14:07:57,5.43,0.0,11,5973,卖盘
535,14:08:06,5.43,0.0,1,543,卖盘
536,14:08:12,5.43,0.0,40,21720,卖盘
537,14:08:36,5.43,0.0,1,543,卖盘
538,14:08:42,5.43,0.0,34,18462,卖盘
539,14:08:48,5.43,0.0,50,27150,卖盘
540,14:09:06,5.43,0.0,4,2172,卖盘
541,14:09:36,5.43,0.0,1,543,卖盘
542,14:09:39,5.43,0.0,1,543,卖盘
543,14:09:51,5.43,0.0,11,5973,卖盘
544,14:10:36,5.43,0.0,1,543,卖盘
545,14:10:49,5.44,0.01,64,35088,买盘
546,14:10:54,5.44,0.0,6,3264,卖盘
547,14:11:30,5.44,0.0,12,6528,卖盘
548,14:12:06,5.44,0.0,14,7616,卖盘
549,14:12:27,5.44,0.0,39,21216,卖盘
550,14:12:33,5.44,0.0,1,544,卖盘
551,14:12:37,5.44,0.0,6,2992,卖盘
552,14:13:12,5.44,0.0,241,131376,买盘
553,14:14:06,5.44,0.0,1,544,卖盘
554,14:14:21,5.45,0.01,2,1090,买盘
555,14:14:33,5.45,0.0,20,10900,买盘
556,14:15:15,5.45,0.0,2,1090,买盘
557,14:15:18,5.44,-0.01,1,544,卖盘
558,14:15:24,5.44,0.0,1,544,卖盘
559,14:15:45,5.44,0.0,17,9264,卖盘
560,14:16:24,5.45,0.01,6,3270,卖盘
561,14:17:45,5.46,0.01,48,26208,买盘
562,14:17:57,5.45,-0.01,3,1635,卖盘
563,14:18:51,5.44,-0.01,12,6528,卖盘
564,14:19:06,5.44,0.0,122,66096,卖盘
565,14:19:27,5.44,0.0,80,43792,买盘
566,14:19:36,5.44,0.0,1,544,卖盘
567,14:20:45,5.44,0.0,1,544,卖盘
568,14:21:06,5.44,0.0,1,544,卖盘
569,14:21:24,5.45,0.01,2,1090,买盘
570,14:21:42,5.44,-0.01,70,37808,卖盘
571,14:21:48,5.43,-0.01,6,3258,卖盘
572,14:22:06,5.43,0.0,15,8145,卖盘
573,14:23:00,5.43,0.0,11,5973,卖盘
574,14:23:39,5.43,0.0,4,2172,卖盘
575,14:23:48,5.43,0.0,1,543,卖盘
576,14:24:06,5.43,0.0,3,1629,卖盘
577,14:24:12,5.44,0.01,33,17952,买盘
578,14:24:33,5.44,0.0,10,5440,买盘
579,14:25:06,5.43,-0.01,1,543,卖盘
580,14:25:24,5.43,0.0,7,3801,卖盘
581,14:25:36,5.43,0.0,1,543,卖盘
582,14:25:51,5.43,0.0,2,1086,卖盘
583,14:26:06,5.44,0.01,34,18224,买盘
584,14:26:24,5.44,0.0,1,544,卖盘
585,14:26:39,5.45,0.01,210,114450,买盘
586,14:26:57,5.45,0.0,15,8170,买盘
587,14:27:09,5.45,0.0,12,6538,买盘
588,14:28:21,5.45,0.0,5,2725,卖盘
589,14:28:36,5.45,0.0,1,545,卖盘
590,14:28:42,5.45,0.0,1,545,卖盘
591,14:29:03,5.45,0.0,20,10900,卖盘
592,14:29:09,5.45,0.0,1,545,卖盘
593,14:29:12,5.45,0.0,2,1090,卖盘
594,14:29:21,5.45,0.0,2,1090,卖盘
595,14:29:27,5.46,0.01,55,30007,买盘
596,14:29:30,5.46,0.0,22,12012,卖盘
597,14:29:48,5.46,0.0,1,546,卖盘
598,14:29:51,5.46,0.0,1,546,卖盘
599,14:29:54,5.46,0.0,6,3276,卖盘
600,14:30:00,5.46,0.0,7,3822,卖盘
601,14:30:24,5.46,0.0,2,1092,买盘
602,14:31:00,5.46,0.0,5,2730,买盘
603,14:31:12,5.45,-0.01,79,43055,卖盘
604,14:31:27,5.45,0.0,31,16895,卖盘
605,14:32:06,5.44,-0.01,54,29376,卖盘
606,14:32:19,5.44,0.0,32,17408,卖盘
607,14:33:03,5.44,0.0,10,5440,卖盘
608,14:33:15,5.44,0.0,1,544,卖盘
609,14:33:40,5.44,0.0,45,24480,卖盘
610,14:33:42,5.44,0.0,37,20400,卖盘
611,14:33:51,5.43,-0.01,11,5973,卖盘
612,14:34:21,5.43,0.0,52,28236,卖盘
613,14:34:51,5.43,0.0,16,8688,卖盘
614,14:36:06,5.43,0.0,3,1629,卖盘
615,14:36:12,5.44,0.01,1,544,买盘
616,14:36:54,5.44,0.0,40,21730,买盘
617,14:37:01,5.43,-0.01,64,34752,卖盘
618,14:37:54,5.43,0.0,40,21720,卖盘
619,14:38:18,5.44,0.01,145,78880,买盘
620,14:38:33,5.44,0.0,8,4352,买盘
621,14:39:09,5.44,0.0,26,14144,买盘
622,14:40:24,5.44,0.0,20,10880,买盘
623,14:40:30,5.43,-0.01,19,10317,卖盘
624,14:40:42,5.43,0.0,39,21177,卖盘
625,14:40:45,5.43,0.0,1,543,卖盘
626,14:40:48,5.43,0.0,1,543,卖盘
627,14:40:51,5.43,0.0,1,543,卖盘
628,14:40:54,5.43,0.0,21,11403,卖盘
629,14:40:57,5.43,0.0,5,2715,卖盘
630,14:41:01,5.42,-0.01,14,7602,卖盘
631,14:41:22,5.42,0.0,26,14092,卖盘
632,14:41:39,5.42,0.0,16,8672,卖盘
633,14:42:16,5.42,0.0,17,9214,卖盘
634,14:42:48,5.42,0.0,14,7588,卖盘
635,14:43:09,5.42,0.0,12,6504,卖盘
636,14:43:18,5.43,0.01,5,2715,买盘
637,14:43:21,5.42,-0.01,36,19512,卖盘
638,14:43:31,5.42,0.0,201,108943,卖盘
639,14:43:34,5.42,0.0,12,6504,卖盘
640,14:43:39,5.42,0.0,60,32520,卖盘
641,14:43:51,5.43,0.01,20,10860,买盘
642,14:43:57,5.42,-0.01,35,18970,卖盘
643,14:44:15,5.42,0.0,17,9214,卖盘
644,14:44:36,5.43,0.01,19,10317,买盘
645,14:44:39,5.43,0.0,1,543,卖盘
646,14:45:15,5.42,-0.01,324,175337,卖盘
647,14:45:18,5.41,-0.01,18,9738,卖盘
648,14:45:21,5.41,0.0,10,5410,卖盘
649,14:45:25,5.41,0.0,8,4328,卖盘
650,14:45:27,5.41,0.0,4,2164,卖盘
651,14:45:30,5.41,0.0,69,37329,卖盘
652,14:45:57,5.41,0.0,28,15148,买盘
653,14:46:00,5.41,0.0,11,5951,卖盘
654,14:46:24,5.41,0.0,2,1082,卖盘
655,14:47:00,5.41,0.0,10,5410,卖盘
656,14:47:33,5.41,0.0,110,59510,卖盘
657,14:47:36,5.41,0.0,2,1082,卖盘
658,14:48:03,5.41,0.0,23,12443,卖盘
659,14:48:10,5.41,0.0,295,159595,买盘
660,14:48:12,5.41,0.0,5,2705,买盘
661,14:48:18,5.41,0.0,37,20017,买盘
662,14:48:27,5.41,0.0,6,3246,买盘
663,14:48:40,5.41,0.0,100,54100,买盘
664,14:48:45,5.41,0.0,8,4328,买盘
665,14:49:42,5.41,0.0,10,5410,买盘
666,14:49:45,5.4,-0.01,7,3780,卖盘
667,14:49:51,5.41,0.01,150,81150,买盘
668,14:50:09,5.41,0.0,26,14066,买盘
669,14:50:15,5.4,-0.01,3,1825,卖盘
670,14:50:18,5.41,0.01,67,36247,买盘
671,14:51:01,5.41,0.0,6,3246,买盘
672,14:51:10,5.41,0.0,1,541,买盘
673,14:51:27,5.41,0.0,24,12984,卖盘
674,14:51:45,5.42,0.01,1,542,买盘
675,14:52:12,5.43,0.01,80,43410,买盘
676,14:52:33,5.43,0.0,10,5430,卖盘
677,14:53:18,5.4,-0.03,300,162053,卖盘
678,14:53:24,5.4,0.0,109,58655,卖盘
679,14:53:42,5.39,-0.01,20,10780,卖盘
680,14:53:48,5.4,0.01,5,2700,买盘
681,14:54:15,5.39,0.0,69,36922,卖盘
682,14:54:18,5.39,0.0,1,539,买盘
683,14:54:27,5.39,0.0,74,40156,买盘
684,14:54:55,5.4,0.01,6,3240,买盘
685,14:54:58,5.39,-0.01,7,3773,卖盘
686,14:55:01,5.4,0.01,22,11880,买盘
687,14:55:27,5.4,0.0,20,10800,买盘
688,14:55:37,5.4,0.0,2,1080,买盘
689,14:55:48,5.39,-0.01,50,26950,卖盘
690,14:55:57,5.39,0.0,6,3234,卖盘
691,14:56:06,5.4,0.01,5,2700,买盘
692,14:56:12,5.4,0.0,10,5400,买盘
693,14:56:25,5.4,0.0,7,3780,买盘
694,14:56:45,5.39,-0.01,1,539,卖盘
695,14:56:48,5.39,0.0,1,539,卖盘
696,14:56:51,5.39,0.0,12,6468,卖盘
697,14:56:54,5.39,0.0,1,539,卖盘
698,15:00:04,5.4,0.01,635,342900,卖盘
