,time,price,change,volume,amount,type
0,09:25:04,15.16,-0.14,285,432060,卖盘
1,09:30:01,15.16,0.0,17,25772,卖盘
2,09:30:04,15.1,-0.06,268,405572,卖盘
3,09:30:06,15.09,-0.01,5,7545,卖盘
4,09:30:10,15.09,0.0,4,6037,卖盘
5,09:30:13,15.08,-0.01,50,75410,卖盘
6,09:30:16,15.08,0.0,3,4524,卖盘
7,09:30:18,15.09,0.01,4,6034,买盘
8,09:30:22,15.08,-0.01,9,13572,卖盘
9,09:30:25,15.09,0.01,6,9054,买盘
10,09:30:28,15.08,-0.01,8,12066,卖盘
11,09:30:31,15.08,0.0,7,10551,买盘
12,09:30:34,15.08,0.0,6,9048,买盘
13,09:30:36,15.07,-0.01,20,30150,卖盘
14,09:30:40,15.08,0.01,15,22612,买盘
15,09:30:43,15.05,-0.03,38,57211,卖盘
16,09:30:46,15.05,0.0,1,1505,卖盘
17,09:30:49,15.08,0.03,11,16576,买盘
18,09:30:52,15.05,-0.03,33,49665,卖盘
19,09:30:55,15.03,-0.02,95,142967,卖盘
20,09:30:58,15.05,0.02,30,45078,买盘
21,09:31:01,15.03,-0.02,10,15027,买盘
22,09:31:04,15.02,-0.01,24,36067,中性盘
23,09:31:07,15.03,0.01,21,31550,买盘
24,09:31:10,15.03,0.0,2,3006,卖盘
25,09:31:13,15.03,0.0,30,45090,卖盘
26,09:31:16,15.04,0.01,69,103754,买盘
27,09:31:18,15.03,-0.01,8,12024,买盘
28,09:31:22,15.02,-0.01,4,6008,中性盘
29,09:31:24,15.01,-0.01,1,1501,卖盘
30,09:31:27,15.02,0.01,18,27036,买盘
31,09:31:30,15.01,-0.01,54,81087,卖盘
32,09:31:34,15.01,0.0,93,139614,卖盘
33,09:31:37,15.02,0.01,15,22523,卖盘
34,09:31:40,15.04,0.02,3,4511,买盘
35,09:31:42,15.03,-0.01,12,18046,卖盘
36,09:31:45,15.04,0.01,15,22560,买盘
37,09:31:49,15.04,0.0,44,66204,卖盘
38,09:31:52,15.05,0.01,4,6020,买盘
39,09:31:57,15.07,0.02,2,3014,中性盘
40,09:32:01,15.08,0.01,85,128180,买盘
41,09:32:04,15.08,0.0,20,30160,买盘
42,09:32:07,15.1,0.02,34,51340,买盘
43,09:32:10,15.1,0.0,2,3021,卖盘
44,09:32:12,15.13,0.03,7,10591,买盘
45,09:32:15,15.1,-0.03,234,353340,卖盘
46,09:32:19,15.1,0.0,50,75499,买盘
47,09:32:22,15.1,0.0,115,173646,买盘
48,09:32:24,15.1,0.0,81,122306,买盘
49,09:32:27,15.09,-0.01,6,9059,卖盘
50,09:32:31,15.1,0.01,35,52850,买盘
51,09:32:34,15.1,0.0,54,81536,买盘
52,09:32:37,15.09,-0.01,28,42277,卖盘
53,09:32:39,15.08,-0.01,104,156834,卖盘
54,09:32:43,15.07,-0.01,32,48224,卖盘
55,09:32:46,15.08,0.01,1,1508,买盘
56,09:32:49,15.08,0.0,3,4524,买盘
57,09:32:54,15.08,0.0,16,24116,买盘
58,09:33:01,15.07,-0.01,90,135669,中性盘
59,09:33:04,15.08,0.01,113,170287,买盘
60,09:33:06,15.1,0.02,61,92015,买盘
61,09:33:09,15.1,0.0,1,1510,卖盘
62,09:33:19,15.07,-0.03,18,27151,卖盘
63,09:33:22,15.11,0.04,51,77110,买盘
64,09:33:28,15.1,-0.01,51,77010,卖盘
65,09:33:30,15.09,-0.01,2,3018,卖盘
66,09:33:34,15.1,0.01,2,3020,买盘
67,09:33:37,15.09,-0.01,12,18111,卖盘
68,09:33:40,15.1,0.01,2,3020,买盘
69,09:33:43,15.09,-0.01,1,1509,卖盘
70,09:33:46,15.1,0.01,52,78520,买盘
71,09:33:49,15.1,0.0,9,13590,买盘
72,09:33:52,15.1,0.0,25,37750,买盘
73,09:33:54,15.1,0.0,32,48320,买盘
74,09:33:57,15.1,0.0,244,368590,买盘
75,09:34:01,15.1,0.0,3,4379,卖盘
76,09:34:04,15.1,0.0,4,6192,卖盘
77,09:34:06,15.11,0.01,2,3022,买盘
78,09:34:10,15.13,0.02,25,37825,买盘
79,09:34:13,15.13,0.0,20,30260,卖盘
80,09:34:16,15.13,0.0,15,22708,卖盘
81,09:34:18,15.14,0.01,50,75699,买盘
82,09:34:22,15.14,0.0,4,6056,卖盘
83,09:34:25,15.15,0.01,46,69638,买盘
84,09:34:28,15.14,-0.01,7,10598,卖盘
85,09:34:30,15.15,0.01,29,43935,买盘
86,09:34:34,15.15,0.0,49,74235,买盘
87,09:34:37,15.15,0.0,25,37861,买盘
88,09:34:39,15.15,0.0,135,204523,买盘
89,09:34:42,15.15,0.0,33,50026,卖盘
90,09:34:45,15.16,0.01,7,10612,买盘
91,09:34:48,15.16,0.0,36,54544,卖盘
92,09:34:52,15.17,0.01,20,30321,中性盘
93,09:34:55,15.17,0.0,9,13653,买盘
94,09:34:58,15.17,0.0,36,54599,买盘
95,09:35:01,15.17,0.0,25,37925,买盘
96,09:35:04,15.17,0.0,1,1517,买盘
97,09:35:06,15.17,0.0,67,101608,买盘
98,09:35:10,15.17,0.0,12,18199,买盘
99,09:35:12,15.17,0.0,15,22751,买盘
100,09:35:16,15.17,0.0,227,344255,买盘
101,09:35:19,15.17,0.0,1,1517,中性盘
102,09:35:22,15.16,-0.01,31,47027,卖盘
103,09:35:24,15.19,0.03,48,72876,买盘
104,09:35:27,15.19,0.0,68,103282,买盘
105,09:35:31,15.19,0.0,62,94173,买盘
106,09:35:34,15.21,0.02,163,247732,买盘
107,09:35:36,15.21,0.0,17,25850,买盘
108,09:35:40,15.21,0.0,15,22815,买盘
109,09:35:42,15.21,0.0,33,50193,买盘
110,09:35:46,15.29,0.08,11,16765,买盘
111,09:35:52,15.25,-0.04,3,4575,买盘
112,09:35:54,15.28,0.03,1,1528,买盘
113,09:36:01,15.27,-0.01,16,24432,中性盘
114,09:36:07,15.26,-0.01,5,7628,买盘
115,09:36:09,15.26,0.0,6,9156,买盘
116,09:36:13,15.26,0.0,19,28994,买盘
117,09:36:19,15.25,-0.01,21,32025,卖盘
118,09:36:22,15.24,-0.01,9,13716,买盘
119,09:36:25,15.23,-0.01,24,36552,中性盘
120,09:36:28,15.23,0.0,17,25891,中性盘
121,09:36:31,15.23,0.0,7,10661,买盘
122,09:36:33,15.24,0.01,64,97588,买盘
123,09:36:37,15.24,0.0,25,38100,卖盘
124,09:36:39,15.26,0.02,1,1526,买盘
125,09:36:43,15.27,0.01,29,44255,买盘
126,09:36:46,15.27,0.0,23,35120,买盘
127,09:36:57,15.29,0.02,1,1529,买盘
128,09:37:04,15.29,0.0,1,1529,买盘
129,09:37:06,15.28,-0.01,6,9168,买盘
130,09:37:09,15.28,0.0,2,3055,中性盘
131,09:37:12,15.29,0.01,14,21406,买盘
132,09:37:15,15.27,-0.02,102,155764,卖盘
133,09:37:19,15.29,0.02,2,3058,卖盘
134,09:37:22,15.3,0.01,21,32130,买盘
135,09:37:25,15.3,0.0,25,38292,买盘
136,09:37:27,15.3,0.0,14,21420,卖盘
137,09:37:30,15.3,0.0,10,15300,卖盘
138,09:37:34,15.3,0.0,10,15300,卖盘
139,09:37:36,15.3,0.0,72,110161,卖盘
140,09:37:39,15.3,0.0,132,201868,买盘
141,09:37:42,15.28,-0.02,2,3056,卖盘
142,09:37:49,15.29,0.01,1,1529,买盘
143,09:37:51,15.29,0.0,4,6116,卖盘
144,09:37:55,15.28,-0.01,12,18336,卖盘
145,09:37:57,15.29,0.01,13,19876,买盘
146,09:38:00,15.29,0.0,21,32109,卖盘
147,09:38:04,15.29,0.0,2,3059,卖盘
148,09:38:16,15.29,0.0,67,102492,卖盘
149,09:38:18,15.29,0.0,18,27522,卖盘
150,09:38:30,15.28,-0.01,10,15280,卖盘
151,09:38:33,15.3,0.02,3,4590,买盘
152,09:38:42,15.3,0.0,5,7646,买盘
153,09:38:46,15.28,-0.02,16,24448,卖盘
154,09:38:49,15.24,-0.04,1,1524,卖盘
155,09:38:52,15.25,0.01,1,1525,买盘
156,09:38:54,15.22,-0.03,91,138651,卖盘
157,09:38:57,15.25,0.03,155,236228,买盘
158,09:39:00,15.25,0.0,21,32025,卖盘
159,09:39:04,15.28,0.03,4,6110,买盘
160,09:39:09,15.27,-0.01,4,6104,买盘
161,09:39:12,15.29,0.02,27,41279,买盘
162,09:39:15,15.3,0.01,55,84055,买盘
163,09:39:18,15.3,0.0,65,99447,买盘
164,09:39:21,15.3,0.0,76,116398,中性盘
165,09:39:24,15.31,0.01,10,15302,买盘
166,09:39:27,15.32,0.01,15,22980,买盘
167,09:39:31,15.3,-0.02,86,131641,卖盘
168,09:39:33,15.32,0.02,38,58182,买盘
169,09:39:36,15.32,0.0,21,32172,买盘
170,09:39:39,15.33,0.01,133,203889,买盘
171,09:39:42,15.35,0.02,35,53708,买盘
172,09:39:45,15.35,0.0,17,26095,买盘
173,09:39:51,15.37,0.02,10,15370,买盘
174,09:39:54,15.36,-0.01,4,6144,买盘
175,09:39:57,15.36,0.0,14,21502,买盘
176,09:40:00,15.37,0.01,2,3074,买盘
177,09:40:03,15.37,0.0,16,24592,买盘
178,09:40:07,15.4,0.03,163,250987,买盘
179,09:40:10,15.4,0.0,6,9242,卖盘
180,09:40:12,15.42,0.02,4,6168,买盘
181,09:40:15,15.45,0.03,19,29355,买盘
182,09:40:18,15.42,-0.03,25,38550,卖盘
183,09:40:21,15.45,0.03,7,10814,买盘
184,09:40:24,15.44,-0.01,1,1544,中性盘
185,09:40:27,15.45,0.01,53,81853,买盘
186,09:40:30,15.43,-0.02,42,64806,卖盘
187,09:40:33,15.42,-0.01,110,169685,卖盘
188,09:40:36,15.42,0.0,18,27769,卖盘
189,09:40:39,15.43,0.01,50,77126,买盘
190,09:40:42,15.42,-0.01,51,78645,卖盘
191,09:40:45,15.41,-0.01,126,194289,卖盘
192,09:40:48,15.41,0.0,27,41626,卖盘
193,09:40:51,15.41,0.0,51,78591,中性盘
194,09:40:54,15.41,0.0,72,110950,买盘
195,09:40:58,15.41,0.0,5,7705,卖盘
196,09:41:00,15.4,-0.01,29,44709,卖盘
197,09:41:03,15.42,0.02,53,81720,买盘
198,09:41:07,15.43,0.01,53,81741,买盘
199,09:41:09,15.43,0.0,51,78679,买盘
200,09:41:12,15.43,0.0,18,27766,中性盘
201,09:41:15,15.43,0.0,17,26231,卖盘
202,09:41:18,15.43,0.0,38,58665,买盘
203,09:41:21,15.4,-0.03,443,682977,卖盘
204,09:41:25,15.4,0.0,2,3080,卖盘
205,09:41:28,15.4,0.0,79,121660,卖盘
206,09:41:31,15.4,0.0,60,92439,卖盘
207,09:41:33,15.38,-0.02,50,76994,卖盘
208,09:41:36,15.35,-0.03,29,44564,卖盘
209,09:41:40,15.35,0.0,6,9210,卖盘
210,09:41:42,15.35,0.0,15,23025,卖盘
211,09:41:46,15.34,-0.01,36,55240,卖盘
212,09:41:48,15.34,0.0,72,110386,买盘
213,09:41:51,15.33,-0.01,24,36794,卖盘
214,09:41:55,15.33,0.0,45,69007,卖盘
215,09:41:58,15.33,0.0,3,4599,卖盘
216,09:42:01,15.33,0.0,21,32193,卖盘
217,09:42:04,15.34,0.01,22,33746,买盘
218,09:42:07,15.34,0.0,56,85853,买盘
219,09:42:09,15.34,0.0,11,16874,买盘
220,09:42:13,15.33,-0.01,34,52127,卖盘
221,09:42:15,15.34,0.01,20,30680,买盘
222,09:42:19,15.34,0.0,45,69042,卖盘
223,09:42:22,15.35,0.01,108,165666,买盘
224,09:42:24,15.35,0.0,51,78245,买盘
225,09:42:27,15.35,0.0,5,7676,卖盘
226,09:42:31,15.37,0.02,5,7687,买盘
227,09:42:33,15.38,0.01,10,15371,买盘
228,09:42:37,15.38,0.0,15,23070,卖盘
229,09:42:40,15.4,0.02,13,20002,买盘
230,09:42:45,15.42,0.02,23,35438,买盘
231,09:42:52,15.4,-0.02,10,15400,买盘
232,09:42:55,15.41,0.01,7,10787,买盘
233,09:42:57,15.42,0.01,8,12329,买盘
234,09:43:01,15.42,0.0,7,10794,卖盘
235,09:43:04,15.42,0.0,4,6168,买盘
236,09:43:06,15.42,0.0,19,29298,买盘
237,09:43:09,15.4,-0.02,100,154004,卖盘
238,09:43:12,15.4,0.0,71,109339,买盘
239,09:43:16,15.37,-0.03,9,13833,卖盘
240,09:43:21,15.37,0.0,2,3074,买盘
241,09:43:24,15.37,0.0,1,1537,买盘
242,09:43:28,15.37,0.0,25,38410,买盘
243,09:43:37,15.38,0.01,3,4614,买盘
244,09:43:40,15.39,0.01,56,86040,买盘
245,09:43:46,15.39,0.0,26,40014,买盘
246,09:43:48,15.39,0.0,4,6156,买盘
247,09:43:51,15.39,0.0,7,10773,买盘
248,09:43:54,15.39,0.0,7,10773,买盘
249,09:43:58,15.39,0.0,7,10773,买盘
250,09:44:01,15.39,0.0,78,120042,买盘
251,09:44:04,15.39,0.0,11,16929,卖盘
252,09:44:07,15.41,0.02,152,234096,买盘
253,09:44:10,15.43,0.02,22,33941,买盘
254,09:44:12,15.41,-0.02,15,23115,卖盘
255,09:44:16,15.43,0.02,13,20057,买盘
256,09:44:19,15.43,0.0,39,60177,买盘
257,09:44:21,15.43,0.0,67,103165,买盘
258,09:44:31,15.43,0.0,10,15430,买盘
259,09:44:37,15.44,0.01,1,1544,买盘
260,09:44:40,15.44,0.0,2,3088,中性盘
261,09:44:43,15.45,0.01,120,185342,买盘
262,09:44:45,15.43,-0.02,40,61727,卖盘
263,09:44:48,15.43,0.0,25,38575,买盘
264,09:44:51,15.44,0.01,10,15440,买盘
265,09:44:54,15.42,-0.02,85,131163,卖盘
266,09:44:57,15.42,0.0,34,52428,卖盘
267,09:45:00,15.42,0.0,1,1542,买盘
268,09:45:04,15.43,0.01,52,80203,买盘
269,09:45:07,15.41,-0.02,1,1541,卖盘
270,09:45:13,15.43,0.02,1,1543,买盘
271,09:45:15,15.43,0.0,19,29317,买盘
272,09:45:18,15.43,0.0,4,6174,卖盘
273,09:45:24,15.44,0.01,20,30873,买盘
274,09:45:30,15.44,0.0,16,24702,买盘
275,09:45:33,15.43,-0.01,74,114198,卖盘
276,09:45:36,15.43,0.0,15,23158,卖盘
277,09:45:39,15.43,0.0,5,7715,卖盘
278,09:45:42,15.44,0.01,15,23160,买盘
279,09:45:48,15.45,0.01,11,16995,买盘
280,09:45:52,15.45,0.0,9,13903,中性盘
281,09:45:54,15.46,0.01,52,80391,买盘
282,09:46:00,15.46,0.0,1,1546,买盘
283,09:46:06,15.46,0.0,1,1546,卖盘
284,09:46:09,15.46,0.0,78,120684,卖盘
285,09:46:12,15.47,0.01,53,82001,中性盘
286,09:46:18,15.48,0.01,28,43344,买盘
287,09:46:24,15.49,0.01,19,29431,买盘
288,09:46:27,15.48,-0.01,1,1548,卖盘
289,09:46:30,15.48,0.0,13,20124,卖盘
290,09:46:33,15.48,0.0,27,42678,卖盘
291,09:46:37,15.49,0.01,3,4647,买盘
292,09:46:40,15.49,0.0,36,55759,买盘
293,09:46:43,15.49,0.0,10,15490,买盘
294,09:46:45,15.48,-0.01,6,9290,卖盘
295,09:46:48,15.49,0.01,71,109929,买盘
296,09:46:51,15.5,0.01,14,21691,买盘
297,09:46:54,15.5,0.0,14,21691,买盘
298,09:46:57,15.49,-0.01,2,3098,卖盘
299,09:47:01,15.5,0.01,11,17047,买盘
300,09:47:04,15.5,0.0,22,34100,买盘
301,09:47:06,15.5,0.0,43,66646,买盘
302,09:47:09,15.5,0.0,54,83700,买盘
303,09:47:12,15.5,0.0,76,117800,买盘
304,09:47:15,15.51,0.01,50,77550,买盘
305,09:47:19,15.51,0.0,35,54257,买盘
306,09:47:22,15.51,0.0,18,27914,买盘
307,09:47:25,15.5,-0.01,20,31000,卖盘
308,09:47:28,15.5,0.0,2,3100,卖盘
309,09:47:30,15.5,0.0,5,7750,买盘
310,09:47:34,15.5,0.0,74,114702,买盘
311,09:47:43,15.51,0.01,40,62286,买盘
312,09:47:46,15.51,0.0,17,26358,卖盘
313,09:47:51,15.5,-0.01,71,109813,卖盘
314,09:47:54,15.5,0.0,32,49600,买盘
315,09:47:57,15.49,-0.01,98,151775,卖盘
316,09:48:00,15.49,0.0,18,26995,买盘
317,09:48:04,15.49,0.0,11,17039,买盘
318,09:48:09,15.48,-0.01,15,23220,买盘
319,09:48:13,15.48,0.0,16,24768,买盘
320,09:48:16,15.46,-0.02,5,7731,卖盘
321,09:48:19,15.46,0.0,20,30920,卖盘
322,09:48:24,15.46,0.0,20,30920,卖盘
323,09:48:30,15.43,-0.03,17,26234,卖盘
324,09:48:37,15.46,0.03,5,7730,买盘
325,09:48:40,15.46,0.0,2,3092,买盘
326,09:48:43,15.46,0.0,3,4635,买盘
327,09:48:48,15.45,-0.01,2,3090,买盘
328,09:48:57,15.44,-0.01,41,63304,卖盘
329,09:49:04,15.44,0.0,11,16983,买盘
330,09:49:06,15.44,0.0,21,32404,买盘
331,09:49:10,15.43,-0.01,42,64841,卖盘
332,09:49:12,15.44,0.01,50,77200,买盘
333,09:49:15,15.43,-0.01,16,24698,卖盘
334,09:49:18,15.44,0.01,12,18528,买盘
335,09:49:36,15.44,0.0,16,24704,卖盘
336,09:49:40,15.45,0.01,6,9270,买盘
337,09:49:43,15.43,-0.02,7,10812,卖盘
338,09:49:48,15.43,0.0,10,15439,卖盘
339,09:49:51,15.44,0.01,11,16984,买盘
340,09:50:07,15.45,0.01,46,71070,买盘
341,09:50:12,15.45,0.0,84,129780,卖盘
342,09:50:16,15.45,0.0,1,1545,买盘
343,09:50:19,15.45,0.0,1,1545,买盘
344,09:50:24,15.45,0.0,1,1545,买盘
345,09:50:27,15.45,0.0,2,3090,买盘
346,09:50:30,15.44,-0.01,19,29336,卖盘
347,09:50:33,15.45,0.01,87,134400,买盘
348,09:50:36,15.45,0.0,2,3090,买盘
349,09:50:39,15.44,-0.01,5,7720,卖盘
350,09:50:42,15.44,0.0,1,1544,卖盘
351,09:50:45,15.44,0.0,7,10812,卖盘
352,09:50:52,15.44,0.0,42,64848,卖盘
353,09:50:54,15.43,-0.01,13,20059,卖盘
354,09:51:04,15.43,0.0,2,3086,买盘
355,09:51:06,15.41,-0.02,58,89378,卖盘
356,09:51:13,15.4,-0.01,65,100100,卖盘
357,09:51:15,15.4,0.0,261,401940,卖盘
358,09:51:21,15.38,-0.02,14,21532,卖盘
359,09:51:27,15.36,-0.02,15,23040,卖盘
360,09:51:30,15.35,-0.01,2,3070,卖盘
361,09:51:33,15.35,0.0,3,4605,卖盘
362,09:51:36,15.36,0.01,50,76786,买盘
363,09:51:40,15.35,-0.01,21,32235,中性盘
364,09:51:45,15.34,-0.01,42,64444,卖盘
365,09:51:48,15.34,0.0,55,84413,买盘
366,09:51:51,15.35,0.01,1,1535,买盘
367,09:51:54,15.34,-0.01,15,23010,中性盘
368,09:51:57,15.35,0.01,3,4605,买盘
369,09:52:00,15.34,-0.01,9,13814,卖盘
370,09:52:04,15.35,0.01,22,33770,买盘
371,09:52:06,15.34,-0.01,20,30692,卖盘
372,09:52:10,15.34,0.0,2,3068,卖盘
373,09:52:12,15.35,0.01,10,15350,买盘
374,09:52:15,15.34,-0.01,8,12275,卖盘
375,09:52:24,15.34,0.0,5,7670,卖盘
376,09:52:27,15.34,0.0,7,10738,卖盘
377,09:52:30,15.34,0.0,23,35282,卖盘
378,09:52:40,15.34,0.0,7,10738,卖盘
379,09:52:45,15.34,0.0,7,10743,卖盘
380,09:52:54,15.35,0.01,2,3070,买盘
381,09:52:58,15.34,-0.01,2,3068,卖盘
382,09:53:01,15.35,0.01,1,1535,买盘
383,09:53:04,15.35,0.0,35,53725,买盘
384,09:53:06,15.35,0.0,16,24560,买盘
385,09:53:09,15.35,0.0,2,3070,买盘
386,09:53:18,15.35,0.0,1,1535,买盘
387,09:53:24,15.35,0.0,7,10745,买盘
388,09:53:27,15.35,0.0,3,4605,买盘
389,09:53:31,15.34,-0.01,79,121254,卖盘
390,09:53:36,15.35,0.01,1,1535,卖盘
391,09:53:52,15.34,-0.01,61,93595,卖盘
392,09:54:00,15.35,0.01,34,52190,卖盘
393,09:54:04,15.34,-0.01,1,1534,卖盘
394,09:54:06,15.35,0.01,15,23025,买盘
395,09:54:09,15.35,0.0,1,1535,买盘
396,09:54:12,15.35,0.0,13,19955,买盘
397,09:54:24,15.35,0.0,13,19955,买盘
398,09:54:27,15.37,0.02,12,18443,买盘
399,09:54:33,15.38,0.01,24,36908,买盘
400,09:54:36,15.38,0.0,2,3076,卖盘
401,09:54:40,15.39,0.01,50,76950,买盘
402,09:54:49,15.39,0.0,14,21546,买盘
403,09:54:54,15.39,0.0,5,7695,买盘
404,09:55:01,15.39,0.0,48,73872,买盘
405,09:55:04,15.38,-0.01,1,1538,卖盘
406,09:55:09,15.38,0.0,1,1538,卖盘
407,09:55:18,15.38,0.0,7,10766,卖盘
408,09:55:22,15.38,0.0,8,12304,卖盘
409,09:55:25,15.38,0.0,22,33836,卖盘
410,09:55:28,15.37,-0.01,17,26129,卖盘
411,09:55:30,15.38,0.01,2,3075,买盘
412,09:55:37,15.37,-0.01,1,1537,卖盘
413,09:55:39,15.39,0.02,36,55378,买盘
414,09:55:42,15.35,-0.04,40,61463,卖盘
415,09:56:04,15.35,0.0,2,3070,卖盘
416,09:56:09,15.36,0.01,3,4607,买盘
417,09:56:13,15.35,-0.01,8,12280,卖盘
418,09:56:16,15.35,0.0,6,9210,卖盘
419,09:56:21,15.35,0.0,4,6140,卖盘
420,09:56:24,15.36,0.01,19,29184,买盘
421,09:56:27,15.35,-0.01,13,19963,卖盘
422,09:56:33,15.35,0.0,5,7675,卖盘
423,09:56:36,15.36,0.01,4,6144,买盘
424,09:56:40,15.35,-0.01,1,1535,卖盘
425,09:56:54,15.35,0.0,1,1535,卖盘
426,09:57:00,15.35,0.0,119,182665,卖盘
427,09:57:04,15.34,-0.01,136,208741,卖盘
428,09:57:06,15.35,0.01,20,30684,买盘
429,09:57:09,15.35,0.0,10,15344,买盘
430,09:57:13,15.34,-0.01,19,29149,卖盘
431,09:57:21,15.33,-0.01,14,21462,卖盘
432,09:57:24,15.33,0.0,1,1533,卖盘
433,09:57:30,15.33,0.0,123,188559,卖盘
434,09:57:33,15.33,0.0,8,12264,卖盘
435,09:57:36,15.33,0.0,10,15330,卖盘
436,09:57:39,15.33,0.0,37,56721,卖盘
437,09:57:42,15.33,0.0,2,3066,卖盘
438,09:57:45,15.33,0.0,1,1533,卖盘
439,09:57:48,15.33,0.0,10,15330,卖盘
440,09:57:52,15.33,0.0,62,95046,卖盘
441,09:57:54,15.33,0.0,16,24528,买盘
442,09:57:57,15.31,-0.02,1,1531,卖盘
443,09:58:01,15.33,0.02,15,22987,买盘
444,09:58:04,15.31,-0.02,1,1531,卖盘
445,09:58:06,15.31,0.0,9,13779,买盘
446,09:58:12,15.31,0.0,11,16841,买盘
447,09:58:15,15.31,0.0,8,12242,买盘
448,09:58:18,15.31,0.0,14,21434,买盘
449,09:58:21,15.31,0.0,60,91801,买盘
450,09:58:24,15.31,0.0,34,52043,买盘
451,09:58:30,15.31,0.0,55,84109,买盘
452,09:58:36,15.3,-0.01,7,10707,买盘
453,09:58:42,15.3,0.0,4,6120,买盘
454,09:58:51,15.3,0.0,1,1530,买盘
455,09:58:55,15.3,0.0,22,33652,买盘
456,09:58:57,15.3,0.0,7,10710,买盘
457,09:59:03,15.27,-0.03,52,79443,卖盘
458,09:59:09,15.3,0.03,5,7649,买盘
459,09:59:12,15.27,-0.03,15,22918,卖盘
460,09:59:15,15.28,0.01,6,9168,中性盘
461,09:59:18,15.28,0.0,3,4584,买盘
462,09:59:21,15.29,0.01,15,22923,买盘
463,09:59:24,15.27,-0.02,5,7639,卖盘
464,09:59:27,15.29,0.02,7,10703,买盘
465,09:59:33,15.29,0.0,17,25993,买盘
466,09:59:40,15.29,0.0,29,44341,买盘
467,09:59:43,15.27,-0.02,14,21384,卖盘
468,09:59:45,15.27,0.0,6,9162,买盘
469,09:59:51,15.29,0.02,11,16819,买盘
470,09:59:54,15.24,-0.05,182,277695,卖盘
471,09:59:57,15.23,-0.01,70,106610,买盘
472,10:00:00,15.23,0.0,51,77673,买盘
473,10:00:03,15.23,0.0,108,164484,买盘
474,10:00:06,15.24,0.01,3,4815,卖盘
475,10:00:10,15.28,0.04,29,44185,买盘
476,10:00:15,15.27,-0.01,1,1527,买盘
477,10:00:18,15.24,-0.03,3,4572,卖盘
478,10:00:22,15.27,0.03,12,18324,买盘
479,10:00:27,15.27,0.0,9,13741,买盘
480,10:00:30,15.27,0.0,6,9162,买盘
481,10:00:33,15.27,0.0,15,22905,买盘
482,10:00:36,15.28,0.01,3,4584,买盘
483,10:00:46,15.29,0.01,4,6116,买盘
484,10:00:51,15.29,0.0,2,3058,买盘
485,10:00:54,15.29,0.0,10,15290,买盘
486,10:00:57,15.29,0.0,8,12232,买盘
487,10:01:03,15.29,0.0,64,97856,买盘
488,10:01:06,15.28,-0.01,11,16808,卖盘
489,10:01:09,15.28,0.0,42,64176,买盘
490,10:01:12,15.28,0.0,4,6112,买盘
491,10:01:15,15.28,0.0,14,21381,买盘
492,10:01:21,15.28,0.0,5,7639,买盘
493,10:01:24,15.28,0.0,1,1528,卖盘
494,10:01:27,15.29,0.01,45,68805,买盘
495,10:01:33,15.28,-0.01,29,44338,卖盘
496,10:01:40,15.29,0.01,17,25993,买盘
497,10:01:43,15.28,-0.01,7,10700,卖盘
498,10:01:46,15.28,0.0,17,25976,买盘
499,10:01:48,15.28,0.0,4,6112,卖盘
500,10:01:51,15.31,0.03,9,13779,买盘
501,10:01:57,15.31,0.0,3,4593,买盘
502,10:02:04,15.31,0.0,1,1531,买盘
503,10:02:09,15.31,0.0,3,4593,买盘
504,10:02:12,15.3,-0.01,18,27551,中性盘
505,10:02:15,15.35,0.05,100,153298,买盘
506,10:02:24,15.32,-0.03,10,15320,卖盘
507,10:02:42,15.32,0.0,4,6128,卖盘
508,10:02:51,15.33,0.01,17,26061,买盘
509,10:02:54,15.32,-0.01,33,50585,卖盘
510,10:02:57,15.32,0.0,10,15320,卖盘
511,10:03:00,15.32,0.0,5,7660,卖盘
512,10:03:04,15.32,0.0,25,38300,卖盘
513,10:03:09,15.31,-0.01,5,7657,卖盘
514,10:03:12,15.31,0.0,4,6124,卖盘
515,10:03:15,15.3,-0.01,24,36736,卖盘
516,10:03:22,15.3,0.0,22,33678,卖盘
517,10:03:27,15.31,0.01,20,30620,买盘
518,10:03:30,15.28,-0.03,136,208070,卖盘
519,10:03:33,15.28,0.0,26,39709,中性盘
520,10:03:36,15.26,-0.02,92,140437,卖盘
521,10:03:39,15.28,0.02,11,16792,买盘
522,10:03:42,15.25,-0.03,77,117425,卖盘
523,10:03:46,15.27,0.02,13,19847,买盘
524,10:03:49,15.25,-0.02,11,16775,卖盘
525,10:03:51,15.27,0.02,14,21360,买盘
526,10:03:54,15.24,-0.03,2,3048,卖盘
527,10:03:57,15.27,0.03,18,27469,买盘
528,10:04:00,15.24,-0.03,111,169188,卖盘
529,10:04:04,15.23,-0.01,22,33530,卖盘
530,10:04:07,15.23,0.0,15,22857,卖盘
531,10:04:09,15.24,0.01,7,10668,买盘
532,10:04:12,15.23,-0.01,18,27414,卖盘
533,10:04:15,15.23,0.0,3,4569,买盘
534,10:04:19,15.22,-0.01,40,60880,卖盘
535,10:04:22,15.23,0.01,50,76146,买盘
536,10:04:27,15.23,0.0,28,42644,买盘
537,10:04:33,15.23,0.0,45,68535,买盘
538,10:04:36,15.22,-0.01,17,25885,卖盘
539,10:04:43,15.25,0.03,1,1525,买盘
540,10:04:45,15.25,0.0,3,4575,买盘
541,10:04:49,15.25,0.0,1,1525,买盘
542,10:04:51,15.25,0.0,1,1525,中性盘
543,10:04:57,15.28,0.03,2,3056,买盘
544,10:05:03,15.28,0.0,11,16808,买盘
545,10:05:09,15.28,0.0,2,3056,买盘
546,10:05:15,15.29,0.01,1,1529,买盘
547,10:05:22,15.3,0.01,12,18357,买盘
548,10:05:25,15.31,0.01,4,6123,买盘
549,10:05:27,15.31,0.0,1,1531,买盘
550,10:05:30,15.3,-0.01,3,4590,卖盘
551,10:05:33,15.31,0.01,38,58169,买盘
552,10:05:36,15.31,0.0,1,1531,买盘
553,10:05:39,15.31,0.0,10,15310,买盘
554,10:05:46,15.31,0.0,4,6124,买盘
555,10:05:51,15.31,0.0,3,4593,买盘
556,10:05:57,15.31,0.0,2,3062,买盘
557,10:06:00,15.31,0.0,3,5665,买盘
558,10:06:04,15.31,0.0,3,4593,卖盘
559,10:06:09,15.32,0.01,21,32172,买盘
560,10:06:12,15.32,0.0,1,1532,卖盘
561,10:06:19,15.34,0.02,1,1534,买盘
562,10:06:22,15.35,0.01,19,29147,买盘
563,10:06:27,15.34,-0.01,1,1534,买盘
564,10:06:30,15.34,0.0,10,15340,买盘
565,10:06:33,15.34,0.0,2,3068,买盘
566,10:06:37,15.35,0.01,4,6140,买盘
567,10:06:39,15.35,0.0,5,7675,买盘
568,10:06:43,15.35,0.0,14,21490,买盘
569,10:06:46,15.35,0.0,12,18420,买盘
570,10:06:49,15.35,0.0,48,73680,买盘
571,10:06:52,15.34,-0.01,22,33752,卖盘
572,10:06:54,15.37,0.03,1,1537,买盘
573,10:06:58,15.35,-0.02,2,3072,卖盘
574,10:07:07,15.35,0.0,2,3070,买盘
575,10:07:12,15.37,0.02,16,24592,买盘
576,10:07:19,15.37,0.0,3,4611,买盘
577,10:07:25,15.39,0.02,27,41553,买盘
578,10:07:31,15.38,-0.01,6,9228,买盘
579,10:07:33,15.38,0.0,19,29222,买盘
580,10:07:39,15.38,0.0,27,41560,卖盘
581,10:07:45,15.38,0.0,5,7690,买盘
582,10:07:54,15.38,0.0,1,1538,买盘
583,10:08:00,15.39,0.01,1,1539,买盘
584,10:08:04,15.39,0.0,3,4617,卖盘
585,10:08:09,15.4,0.01,10,15393,买盘
586,10:08:12,15.4,0.0,18,27720,卖盘
587,10:08:16,15.4,0.0,8,12320,卖盘
588,10:08:30,15.38,-0.02,37,56917,卖盘
589,10:08:33,15.38,0.0,15,23070,卖盘
590,10:08:43,15.35,-0.03,5,7675,卖盘
591,10:08:46,15.38,0.03,4,6143,买盘
592,10:09:04,15.35,-0.03,6,9204,买盘
593,10:09:06,15.35,0.0,10,15350,买盘
594,10:09:09,15.34,-0.01,20,30680,卖盘
595,10:09:13,15.35,0.01,18,27629,买盘
596,10:09:15,15.35,0.0,17,26095,卖盘
597,10:09:18,15.35,0.0,1,1535,卖盘
598,10:09:22,15.35,0.0,4,6140,卖盘
599,10:09:24,15.34,-0.01,21,32214,买盘
600,10:09:33,15.35,0.01,4,6140,买盘
601,10:09:37,15.34,-0.01,14,21476,卖盘
602,10:09:48,15.34,0.0,24,36816,卖盘
603,10:09:51,15.35,0.01,1,1535,买盘
604,10:10:15,15.35,0.0,5,7675,买盘
605,10:10:21,15.35,0.0,4,6140,买盘
606,10:10:27,15.34,-0.01,17,26078,卖盘
607,10:10:30,15.35,0.01,33,50655,买盘
608,10:10:46,15.34,-0.01,13,19949,卖盘
609,10:11:00,15.35,0.01,2,3070,买盘
610,10:11:15,15.35,0.0,4,6140,买盘
611,10:11:21,15.35,0.0,2,3070,买盘
612,10:11:24,15.35,0.0,4,6140,买盘
613,10:11:33,15.35,0.0,50,76750,买盘
614,10:12:09,15.35,0.0,38,58330,买盘
615,10:12:28,15.34,-0.01,4,6136,卖盘
616,10:12:39,15.34,0.0,43,65962,卖盘
617,10:12:42,15.34,0.0,14,21489,卖盘
618,10:12:48,15.34,0.0,44,67496,卖盘
619,10:12:54,15.34,0.0,29,44486,卖盘
620,10:12:57,15.35,0.01,59,90565,买盘
621,10:13:00,15.34,-0.01,14,21476,卖盘
622,10:13:15,15.34,0.0,17,26078,卖盘
623,10:13:33,15.35,0.01,11,16885,买盘
624,10:13:36,15.35,0.0,2,3070,买盘
625,10:13:42,15.34,-0.01,17,26078,卖盘
626,10:13:45,15.35,0.01,12,18414,买盘
627,10:13:48,15.34,-0.01,16,24544,卖盘
628,10:14:04,15.33,-0.01,8,12264,卖盘
629,10:14:06,15.33,0.0,17,26061,卖盘
630,10:14:15,15.33,0.0,5,7665,卖盘
631,10:14:18,15.33,0.0,109,167097,卖盘
632,10:14:21,15.32,-0.01,69,105770,卖盘
633,10:14:27,15.33,0.01,22,33726,买盘
634,10:14:30,15.32,-0.01,8,12256,卖盘
635,10:14:33,15.33,0.01,20,30660,买盘
636,10:14:36,15.32,-0.01,15,22980,卖盘
637,10:14:39,15.33,0.01,9,13797,买盘
638,10:14:42,15.32,-0.01,7,10724,卖盘
639,10:14:45,15.33,0.01,4,6132,买盘
640,10:14:49,15.33,0.0,3,4599,买盘
641,10:14:51,15.33,0.0,1,1533,中性盘
642,10:14:57,15.33,0.0,8,12262,买盘
643,10:15:00,15.32,-0.01,47,72004,卖盘
644,10:15:04,15.33,0.01,4,6132,买盘
645,10:15:09,15.34,0.01,4,6135,买盘
646,10:15:21,15.32,-0.02,31,47494,卖盘
647,10:15:24,15.32,0.0,10,15320,卖盘
648,10:15:27,15.31,-0.01,125,191389,卖盘
649,10:15:30,15.31,0.0,53,81146,卖盘
650,10:15:33,15.31,0.0,24,36736,卖盘
651,10:15:36,15.3,-0.01,14,21418,卖盘
652,10:15:39,15.3,0.0,21,32142,卖盘
653,10:15:42,15.3,0.0,2,3060,卖盘
654,10:15:46,15.31,0.01,14,21433,买盘
655,10:15:51,15.31,0.0,6,9186,买盘
656,10:15:57,15.31,0.0,5,7655,买盘
657,10:16:00,15.31,0.0,8,12248,中性盘
658,10:16:03,15.32,0.01,38,58214,买盘
659,10:16:06,15.3,-0.02,26,39790,卖盘
660,10:16:09,15.31,0.01,7,10717,买盘
661,10:16:15,15.3,-0.01,8,12243,卖盘
662,10:16:18,15.3,0.0,34,52020,卖盘
663,10:16:24,15.3,0.0,8,12240,卖盘
664,10:16:30,15.3,0.0,1,1530,买盘
665,10:16:45,15.28,-0.02,41,62650,卖盘
666,10:16:51,15.28,0.0,1,1528,卖盘
667,10:17:04,15.28,0.0,4,6112,卖盘
668,10:17:06,15.28,0.0,1,1528,卖盘
669,10:17:09,15.28,0.0,2,3056,卖盘
670,10:17:15,15.26,-0.02,63,96148,卖盘
671,10:17:19,15.25,-0.01,20,30500,卖盘
672,10:17:21,15.25,0.0,1,1525,卖盘
673,10:17:30,15.25,0.0,16,24400,卖盘
674,10:17:33,15.21,-0.04,109,165998,卖盘
675,10:17:45,15.22,0.01,5,7610,卖盘
676,10:17:52,15.24,0.02,4,6096,买盘
677,10:17:54,15.22,-0.02,1,1522,卖盘
678,10:17:57,15.24,0.02,1,1524,买盘
679,10:18:00,15.24,0.0,1,1524,买盘
680,10:18:04,15.24,0.0,1,1524,买盘
681,10:18:06,15.24,0.0,6,9144,买盘
682,10:18:09,15.24,0.0,9,13716,买盘
683,10:18:12,15.24,0.0,1,1524,买盘
684,10:18:15,15.24,0.0,32,48768,买盘
685,10:18:18,15.24,0.0,4,6096,卖盘
686,10:18:24,15.26,0.02,4,6104,买盘
687,10:18:27,15.22,-0.04,104,158522,卖盘
688,10:18:30,15.24,0.02,5,7620,中性盘
689,10:18:36,15.25,0.01,3,4575,买盘
690,10:18:39,15.25,0.0,1,1525,买盘
691,10:18:43,15.24,-0.01,7,10670,卖盘
692,10:18:46,15.25,0.01,5,7625,买盘
693,10:18:48,15.23,-0.02,83,126465,卖盘
694,10:18:57,15.23,0.0,26,39598,卖盘
695,10:19:04,15.22,-0.01,15,22834,卖盘
696,10:19:06,15.21,-0.01,156,237347,卖盘
697,10:19:09,15.23,0.02,41,62443,买盘
698,10:19:15,15.2,-0.03,180,273631,卖盘
699,10:19:21,15.2,0.0,3,4560,买盘
700,10:19:24,15.2,0.0,7,10640,买盘
701,10:19:27,15.18,-0.02,60,91100,卖盘
702,10:19:30,15.2,0.02,13,19754,买盘
703,10:19:39,15.2,0.0,31,47120,买盘
704,10:19:42,15.2,0.0,7,10640,买盘
705,10:19:46,15.19,-0.01,52,78992,卖盘
706,10:19:51,15.19,0.0,27,41013,卖盘
707,10:19:58,15.19,0.0,15,22785,买盘
708,10:20:09,15.19,0.0,2,3038,买盘
709,10:20:12,15.19,0.0,1,1519,买盘
710,10:20:15,15.19,0.0,2,3038,买盘
711,10:20:21,15.19,0.0,3,4557,买盘
712,10:20:24,15.19,0.0,2,3038,买盘
713,10:20:33,15.19,0.0,12,18228,买盘
714,10:20:36,15.19,0.0,1,1519,买盘
715,10:20:39,15.2,0.01,10,15200,买盘
716,10:21:06,15.2,0.0,3,4560,卖盘
717,10:21:12,15.21,0.01,1,1521,卖盘
718,10:21:21,15.22,0.01,19,28918,买盘
719,10:21:30,15.22,0.0,1,1522,卖盘
720,10:21:36,15.23,0.01,19,28937,买盘
721,10:21:42,15.24,0.01,8,12192,卖盘
722,10:21:48,15.25,0.01,6,9150,买盘
723,10:21:54,15.24,-0.01,15,22867,卖盘
724,10:22:04,15.26,0.02,4,6104,买盘
725,10:22:12,15.26,0.0,6,9156,卖盘
726,10:22:15,15.26,0.0,4,6104,买盘
727,10:22:30,15.28,0.02,20,30559,买盘
728,10:22:33,15.28,0.0,2,3056,买盘
729,10:22:36,15.28,0.0,3,4584,买盘
730,10:22:48,15.28,0.0,13,19864,买盘
731,10:23:09,15.29,0.01,1,1529,买盘
732,10:23:12,15.29,0.0,3,4586,买盘
733,10:23:15,15.3,0.01,3,4588,买盘
734,10:23:25,15.3,0.0,17,26010,卖盘
735,10:23:34,15.3,0.0,7,10710,卖盘
736,10:23:42,15.31,0.01,6,9186,买盘
737,10:23:48,15.31,0.0,17,26027,卖盘
738,10:24:00,15.35,0.04,30,46043,买盘
739,10:24:13,15.32,-0.03,17,26044,卖盘
740,10:24:18,15.32,0.0,13,19916,卖盘
741,10:24:21,15.32,0.0,38,58216,买盘
742,10:24:28,15.31,-0.01,21,32168,卖盘
743,10:24:39,15.31,0.0,17,26027,卖盘
744,10:24:42,15.31,0.0,5,7655,卖盘
745,10:24:45,15.31,0.0,2,3062,卖盘
746,10:25:04,15.32,0.01,1,1532,卖盘
747,10:25:06,15.32,0.0,17,26044,卖盘
748,10:25:09,15.32,0.0,25,38300,卖盘
749,10:25:21,15.32,0.0,7,10724,买盘
750,10:25:33,15.32,0.0,32,49007,买盘
751,10:25:36,15.32,0.0,4,6128,卖盘
752,10:25:42,15.32,0.0,10,15320,卖盘
753,10:26:00,15.32,0.0,17,26044,卖盘
754,10:26:06,15.32,0.0,10,15320,卖盘
755,10:26:12,15.33,0.01,50,76650,买盘
756,10:26:24,15.33,0.0,1,1533,卖盘
757,10:26:30,15.32,-0.01,9,13788,卖盘
758,10:26:33,15.33,0.01,14,21462,买盘
759,10:26:51,15.33,0.0,1,1533,买盘
760,10:27:01,15.32,-0.01,25,38300,卖盘
761,10:27:04,15.32,0.0,1,1532,卖盘
762,10:27:09,15.32,0.0,6,9192,卖盘
763,10:27:12,15.32,0.0,2,3064,卖盘
764,10:27:15,15.32,0.0,23,35236,买盘
765,10:27:18,15.31,-0.01,7,10717,卖盘
766,10:27:21,15.3,-0.01,24,36740,卖盘
767,10:27:24,15.3,0.0,5,7650,卖盘
768,10:27:36,15.31,0.01,10,15306,买盘
769,10:28:03,15.28,-0.03,9,13752,卖盘
770,10:28:18,15.29,0.01,2,3058,买盘
771,10:28:30,15.29,0.0,1,1529,买盘
772,10:28:39,15.29,0.0,3,4587,买盘
773,10:28:42,15.29,0.0,3,4587,买盘
774,10:28:45,15.29,0.0,6,9174,买盘
775,10:28:48,15.29,0.0,2,3058,买盘
776,10:29:01,15.29,0.0,28,42794,买盘
777,10:29:04,15.3,0.01,1,1530,卖盘
778,10:29:15,15.3,0.0,3,4590,卖盘
779,10:29:42,15.3,0.0,1,1530,卖盘
780,10:29:51,15.32,0.02,4,6122,买盘
781,10:29:55,15.3,-0.02,2,3060,卖盘
782,10:30:04,15.32,0.02,3,4596,买盘
783,10:30:06,15.32,0.0,3,4596,卖盘
784,10:30:12,15.32,0.0,4,6128,买盘
785,10:30:48,15.3,-0.02,5,7650,买盘
786,10:31:06,15.28,-0.02,7,10696,卖盘
787,10:31:24,15.3,0.02,1,1530,买盘
788,10:31:30,15.3,0.0,10,15300,买盘
789,10:31:42,15.28,-0.02,5,7640,卖盘
790,10:31:51,15.3,0.02,2,3060,买盘
791,10:32:04,15.3,0.0,6,9180,买盘
792,10:32:09,15.25,-0.05,43,65670,卖盘
793,10:32:12,15.25,0.0,25,38125,卖盘
794,10:32:24,15.25,0.0,5,7625,卖盘
795,10:32:27,15.25,0.0,20,30500,卖盘
796,10:32:33,15.27,0.02,20,30526,买盘
797,10:32:52,15.26,-0.01,16,24403,买盘
798,10:32:54,15.27,0.01,9,13739,买盘
799,10:32:57,15.27,0.0,2,3054,买盘
800,10:33:01,15.27,0.0,2,3054,买盘
801,10:33:04,15.27,0.0,2,3054,买盘
802,10:33:07,15.27,0.0,1,1527,买盘
803,10:33:09,15.27,0.0,1,1527,买盘
804,10:33:12,15.27,0.0,1,1527,买盘
805,10:33:15,15.27,0.0,1,1527,买盘
806,10:33:18,15.27,0.0,1,1527,买盘
807,10:33:22,15.27,0.0,2,3054,买盘
808,10:33:27,15.27,0.0,13,19851,买盘
809,10:33:30,15.28,0.01,1,1528,买盘
810,10:33:33,15.27,-0.01,2,3054,卖盘
811,10:34:04,15.27,0.0,1,1527,卖盘
812,10:34:09,15.28,0.01,19,29032,买盘
813,10:34:12,15.28,0.0,2,3056,买盘
814,10:34:21,15.25,-0.03,59,90007,卖盘
815,10:34:34,15.27,0.02,5,7635,买盘
816,10:35:09,15.26,-0.01,3,4578,卖盘
817,10:35:18,15.26,0.0,21,32046,卖盘
818,10:35:30,15.26,0.0,3,4578,买盘
819,10:35:39,15.26,0.0,14,21364,买盘
820,10:35:45,15.25,-0.01,10,15250,卖盘
821,10:35:48,15.26,0.01,18,27468,买盘
822,10:35:57,15.27,0.01,39,59553,买盘
823,10:36:15,15.27,0.0,5,7635,买盘
824,10:36:18,15.26,-0.01,30,45780,卖盘
825,10:36:21,15.26,0.0,10,15260,买盘
826,10:36:33,15.25,-0.01,10,15250,卖盘
827,10:36:37,15.25,0.0,14,21350,卖盘
828,10:36:54,15.24,-0.01,43,65532,卖盘
829,10:37:00,15.24,0.0,5,7620,卖盘
830,10:37:06,15.24,0.0,8,12192,卖盘
831,10:37:15,15.25,0.01,24,36581,买盘
832,10:37:21,15.24,-0.01,16,24384,卖盘
833,10:37:27,15.24,0.0,10,15240,卖盘
834,10:37:30,15.24,0.0,20,30480,买盘
835,10:37:33,15.23,-0.01,32,48736,卖盘
836,10:37:37,15.23,0.0,10,15230,卖盘
837,10:37:45,15.23,0.0,5,7615,买盘
838,10:37:48,15.23,0.0,20,30460,买盘
839,10:37:51,15.24,0.01,15,22846,买盘
840,10:38:01,15.24,0.0,32,48768,买盘
841,10:38:04,15.25,0.01,10,15250,买盘
842,10:38:06,15.24,-0.01,2,3048,卖盘
843,10:38:15,15.25,0.01,33,50325,买盘
844,10:38:18,15.25,0.0,24,36600,卖盘
845,10:38:21,15.26,0.01,1,1526,买盘
846,10:38:27,15.25,-0.01,5,7625,卖盘
847,10:38:36,15.24,-0.01,71,108204,卖盘
848,10:38:39,15.24,0.0,79,120396,卖盘
849,10:38:42,15.23,-0.01,8,12187,卖盘
850,10:38:45,15.23,0.0,16,24378,卖盘
851,10:38:51,15.23,0.0,1,1523,卖盘
852,10:38:54,15.23,0.0,20,30460,卖盘
853,10:38:57,15.23,0.0,10,15230,卖盘
854,10:39:04,15.23,0.0,5,7615,卖盘
855,10:39:06,15.22,-0.01,146,222279,卖盘
856,10:39:33,15.22,0.0,17,25874,买盘
857,10:39:42,15.22,0.0,4,6088,买盘
858,10:39:46,15.22,0.0,5,7610,买盘
859,10:39:49,15.22,0.0,26,39572,买盘
860,10:39:52,15.22,0.0,12,18254,买盘
861,10:40:09,15.22,0.0,13,19786,买盘
862,10:40:33,15.22,0.0,3,4566,卖盘
863,10:41:00,15.23,0.01,4,6092,买盘
864,10:41:42,15.23,0.0,1,1523,卖盘
865,10:41:48,15.23,0.0,11,16753,卖盘
866,10:42:06,15.23,0.0,7,10661,卖盘
867,10:42:09,15.22,-0.01,132,200949,卖盘
868,10:42:18,15.2,-0.02,121,183987,卖盘
869,10:42:21,15.2,0.0,26,39520,卖盘
870,10:42:24,15.2,0.0,8,12160,卖盘
871,10:42:27,15.2,0.0,1,1520,卖盘
872,10:42:39,15.19,-0.01,1,1519,卖盘
873,10:42:42,15.19,0.0,5,7595,卖盘
874,10:42:57,15.2,0.01,15,22800,买盘
875,10:43:04,15.21,0.01,1,1521,卖盘
876,10:43:10,15.22,0.01,5,7610,买盘
877,10:43:30,15.21,-0.01,29,44109,卖盘
878,10:43:57,15.2,-0.01,47,71440,卖盘
879,10:44:04,15.2,0.0,1,1520,卖盘
880,10:44:06,15.2,0.0,11,16720,卖盘
881,10:44:09,15.2,0.0,2,3040,卖盘
882,10:45:01,15.2,0.0,41,62320,买盘
883,10:45:04,15.21,0.01,1,1521,买盘
884,10:45:07,15.21,0.0,1,1521,买盘
885,10:45:09,15.21,0.0,1,1521,买盘
886,10:45:21,15.2,-0.01,2,3040,卖盘
887,10:45:27,15.2,0.0,3,4560,卖盘
888,10:45:42,15.2,0.0,13,19760,卖盘
889,10:45:45,15.2,0.0,10,15200,卖盘
890,10:45:48,15.2,0.0,29,44080,卖盘
891,10:45:51,15.19,-0.01,9,13674,卖盘
892,10:45:54,15.19,0.0,37,56259,卖盘
893,10:46:04,15.2,0.01,1,1520,买盘
894,10:46:15,15.2,0.0,5,7600,买盘
895,10:46:27,15.2,0.0,45,68400,卖盘
896,10:46:30,15.2,0.0,20,30400,买盘
897,10:46:45,15.2,0.0,10,15200,买盘
898,10:46:51,15.2,0.0,25,38000,买盘
899,10:46:55,15.21,0.01,1,1521,买盘
900,10:47:06,15.21,0.0,10,15210,买盘
901,10:47:09,15.2,-0.01,8,12160,卖盘
902,10:47:12,15.2,0.0,2,3040,买盘
903,10:47:15,15.2,0.0,20,30400,买盘
904,10:47:57,15.2,0.0,50,76000,买盘
905,10:48:00,15.19,-0.01,4,6076,卖盘
906,10:48:27,15.19,0.0,15,22785,卖盘
907,10:48:36,15.19,0.0,1,1519,卖盘
908,10:48:39,15.2,0.01,17,25829,买盘
909,10:48:45,15.19,-0.01,34,51646,卖盘
910,10:48:48,15.18,-0.01,34,51612,卖盘
911,10:48:52,15.18,0.0,56,85008,卖盘
912,10:48:54,15.17,-0.01,13,19721,卖盘
913,10:48:57,15.17,0.0,12,18204,卖盘
914,10:49:01,15.17,0.0,33,50065,卖盘
915,10:49:04,15.17,0.0,61,92591,卖盘
916,10:49:06,15.16,-0.01,56,84912,卖盘
917,10:49:09,15.16,0.0,118,178888,卖盘
918,10:49:12,15.16,0.0,27,40932,卖盘
919,10:49:15,15.16,0.0,11,16676,卖盘
920,10:49:18,15.16,0.0,26,39416,卖盘
921,10:49:21,15.16,0.0,50,75820,卖盘
922,10:49:30,15.15,-0.01,1,1515,卖盘
923,10:49:36,15.16,0.01,29,43964,买盘
924,10:49:49,15.16,0.0,7,10612,卖盘
925,10:49:52,15.17,0.01,3,4551,买盘
926,10:50:00,15.16,-0.01,7,10612,卖盘
927,10:50:12,15.16,0.0,62,93992,卖盘
928,10:50:15,15.17,0.01,16,24261,买盘
929,10:50:33,15.18,0.01,5,7590,卖盘
930,10:50:39,15.18,0.0,7,10626,卖盘
931,10:50:54,15.19,0.01,30,45559,买盘
932,10:51:03,15.18,-0.01,7,10626,卖盘
933,10:51:12,15.18,0.0,1,1518,卖盘
934,10:51:30,15.17,-0.01,45,68281,卖盘
935,10:51:36,15.19,0.02,4,6076,买盘
936,10:51:45,15.18,-0.01,7,10626,卖盘
937,10:51:48,15.19,0.01,20,30380,买盘
938,10:51:54,15.17,-0.02,7,10623,卖盘
939,10:52:00,15.19,0.02,2,3038,买盘
940,10:52:09,15.2,0.01,1,1520,买盘
941,10:52:39,15.2,0.0,7,10640,卖盘
942,10:52:51,15.21,0.01,8,12168,买盘
943,10:52:57,15.22,0.01,33,50226,买盘
944,10:53:00,15.22,0.0,20,30440,买盘
945,10:53:04,15.22,0.0,2,3044,买盘
946,10:53:06,15.22,0.0,4,6088,卖盘
947,10:53:18,15.23,0.01,2,3046,买盘
948,10:53:27,15.23,0.0,1,1523,卖盘
949,10:53:30,15.23,0.0,4,6092,卖盘
950,10:53:33,15.23,0.0,3,4569,卖盘
951,10:53:36,15.23,0.0,3,4569,卖盘
952,10:53:39,15.23,0.0,3,4569,卖盘
953,10:53:42,15.22,-0.01,5,7614,卖盘
954,10:53:45,15.22,0.0,3,4566,卖盘
955,10:53:49,15.21,-0.01,3,4563,卖盘
956,10:53:51,15.22,0.01,1,1522,买盘
957,10:53:54,15.21,-0.01,1,1521,卖盘
958,10:53:57,15.21,0.0,18,27378,卖盘
959,10:54:00,15.2,-0.01,1,1520,卖盘
960,10:54:18,15.21,0.01,12,18252,买盘
961,10:54:42,15.21,0.0,2,3042,买盘
962,10:54:51,15.23,0.02,2,3046,卖盘
963,10:54:54,15.24,0.01,8,12192,买盘
964,10:55:04,15.24,0.0,3,4572,买盘
965,10:55:22,15.24,0.0,2,3048,买盘
966,10:55:39,15.24,0.0,2,3048,买盘
967,10:55:54,15.21,-0.03,78,118641,卖盘
968,10:56:12,15.2,-0.01,6,9120,卖盘
969,10:56:21,15.21,0.01,21,31941,买盘
970,10:56:24,15.21,0.0,27,41067,买盘
971,10:56:31,15.22,0.01,4,6088,卖盘
972,10:56:37,15.22,0.0,2,3044,卖盘
973,10:56:43,15.23,0.01,1,1523,买盘
974,10:56:45,15.23,0.0,2,3046,卖盘
975,10:57:15,15.24,0.01,3,4571,买盘
976,10:57:27,15.24,0.0,12,18288,卖盘
977,10:57:31,15.24,0.0,2,3048,卖盘
978,10:57:34,15.24,0.0,2,3048,卖盘
979,10:57:36,15.24,0.0,2,3048,卖盘
980,10:57:39,15.24,0.0,4,6096,卖盘
981,10:57:51,15.23,-0.01,1,1523,买盘
982,10:57:57,15.24,0.01,4,6096,买盘
983,10:58:00,15.24,0.0,1,1524,卖盘
984,10:58:18,15.25,0.01,3,4575,买盘
985,10:58:21,15.25,0.0,2,3050,卖盘
986,10:58:36,15.25,0.0,4,6100,买盘
987,10:58:40,15.24,-0.01,20,30480,卖盘
988,10:58:48,15.24,0.0,45,68579,买盘
989,10:58:57,15.24,0.0,22,33528,买盘
990,10:59:03,15.22,-0.02,1,1522,卖盘
991,10:59:18,15.22,0.0,12,18264,卖盘
992,11:00:13,15.22,0.0,28,42616,买盘
993,11:00:19,15.22,0.0,6,9132,卖盘
994,11:00:21,15.22,0.0,1,1522,买盘
995,11:00:39,15.21,-0.01,1,1521,卖盘
996,11:00:42,15.21,0.0,2,3042,卖盘
997,11:00:45,15.21,0.0,2,3042,卖盘
998,11:00:48,15.21,0.0,10,15210,卖盘
999,11:00:51,15.21,0.0,1,1521,卖盘
1000,11:00:57,15.21,0.0,5,7605,买盘
1001,11:01:30,15.19,-0.02,198,300850,卖盘
1002,11:01:45,15.18,-0.01,1,1518,卖盘
1003,11:02:04,15.19,0.01,26,39494,买盘
1004,11:02:12,15.19,0.0,5,7595,买盘
1005,11:02:15,15.18,-0.01,10,15180,卖盘
1006,11:02:42,15.19,0.01,4,6076,买盘
1007,11:02:48,15.18,-0.01,14,21252,卖盘
1008,11:03:27,15.19,0.01,3,4557,买盘
1009,11:03:36,15.19,0.0,2,3038,买盘
1010,11:04:24,15.19,0.0,5,7595,买盘
1011,11:04:27,15.19,0.0,8,12152,买盘
1012,11:04:42,15.19,0.0,7,10633,买盘
1013,11:05:00,15.18,-0.01,27,41009,卖盘
1014,11:05:18,15.18,0.0,5,7590,卖盘
1015,11:05:21,15.18,0.0,1,1518,卖盘
1016,11:05:33,15.18,0.0,13,19734,卖盘
1017,11:05:42,15.18,0.0,2,3036,卖盘
1018,11:05:45,15.18,0.0,11,16698,卖盘
1019,11:05:48,15.18,0.0,3,4554,卖盘
1020,11:05:51,15.18,0.0,5,7590,卖盘
1021,11:05:54,15.18,0.0,6,9108,卖盘
1022,11:05:57,15.18,0.0,2,3036,卖盘
1023,11:06:00,15.18,0.0,4,6072,卖盘
1024,11:06:04,15.17,-0.01,3,4552,卖盘
1025,11:06:12,15.16,-0.01,204,309353,卖盘
1026,11:06:15,15.16,0.0,12,18192,卖盘
1027,11:06:18,15.16,0.0,24,36384,卖盘
1028,11:06:21,15.16,0.0,12,18192,卖盘
1029,11:06:24,15.16,0.0,24,36384,卖盘
1030,11:06:27,15.16,0.0,15,22729,卖盘
1031,11:06:30,15.15,-0.01,3,4545,卖盘
1032,11:06:36,15.16,0.01,2,3032,买盘
1033,11:06:42,15.15,-0.01,138,209070,卖盘
1034,11:06:46,15.14,-0.01,34,51476,卖盘
1035,11:06:49,15.14,0.0,24,36336,卖盘
1036,11:06:51,15.14,0.0,79,119606,卖盘
1037,11:06:54,15.14,0.0,4,6056,卖盘
1038,11:07:09,15.14,0.0,3,4542,卖盘
1039,11:07:12,15.14,0.0,10,15140,卖盘
1040,11:07:15,15.14,0.0,7,10598,卖盘
1041,11:07:18,15.14,0.0,11,16654,卖盘
1042,11:07:33,15.14,0.0,61,92354,买盘
1043,11:07:36,15.14,0.0,8,12112,买盘
1044,11:07:49,15.14,0.0,1,1514,卖盘
1045,11:07:51,15.14,0.0,9,13626,卖盘
1046,11:08:07,15.14,0.0,42,63588,卖盘
1047,11:08:13,15.13,-0.01,5,7565,卖盘
1048,11:08:16,15.13,0.0,1,1513,卖盘
1049,11:08:24,15.14,0.01,14,21196,买盘
1050,11:08:45,15.14,0.0,50,75700,买盘
1051,11:08:48,15.14,0.0,61,92354,买盘
1052,11:08:55,15.14,0.0,13,19677,买盘
1053,11:08:57,15.14,0.0,6,9084,买盘
1054,11:09:04,15.13,-0.01,5,7565,卖盘
1055,11:09:06,15.13,0.0,10,15130,卖盘
1056,11:09:09,15.14,0.01,50,75698,买盘
1057,11:09:15,15.13,-0.01,5,7565,卖盘
1058,11:09:18,15.14,0.01,2,3028,买盘
1059,11:09:36,15.13,-0.01,8,12104,卖盘
1060,11:09:39,15.12,-0.01,116,175450,卖盘
1061,11:09:48,15.11,-0.01,35,52885,卖盘
1062,11:09:51,15.11,0.0,1,1511,卖盘
1063,11:09:54,15.12,0.01,50,75600,买盘
1064,11:09:57,15.11,-0.01,5,7555,卖盘
1065,11:10:04,15.11,0.0,4,6044,卖盘
1066,11:10:12,15.11,0.0,1,1511,卖盘
1067,11:10:15,15.11,0.0,6,9066,卖盘
1068,11:10:19,15.1,-0.01,54,81593,卖盘
1069,11:10:30,15.1,0.0,2,3020,卖盘
1070,11:10:33,15.1,0.0,8,12080,卖盘
1071,11:10:36,15.1,0.0,9,13590,卖盘
1072,11:10:39,15.1,0.0,3,4530,卖盘
1073,11:10:42,15.1,0.0,2,3020,卖盘
1074,11:10:48,15.1,0.0,3,4530,卖盘
1075,11:10:51,15.1,0.0,4,6040,卖盘
1076,11:10:54,15.11,0.01,43,64973,买盘
1077,11:11:00,15.11,0.0,7,10577,卖盘
1078,11:11:09,15.12,0.01,39,58968,买盘
1079,11:11:12,15.11,-0.01,12,18138,卖盘
1080,11:11:18,15.12,0.01,64,96645,买盘
1081,11:11:22,15.12,0.0,1,1512,卖盘
1082,11:11:30,15.11,-0.01,54,81594,卖盘
1083,11:11:36,15.1,-0.01,54,81540,卖盘
1084,11:11:42,15.09,-0.01,15,22492,卖盘
1085,11:11:45,15.09,0.0,3,4527,卖盘
1086,11:11:48,15.1,0.01,52,78518,买盘
1087,11:11:51,15.08,-0.02,20,30178,卖盘
1088,11:11:58,15.08,0.0,49,73892,卖盘
1089,11:12:00,15.08,0.0,7,10556,卖盘
1090,11:12:04,15.08,0.0,5,7540,卖盘
1091,11:12:06,15.07,-0.01,17,25631,卖盘
1092,11:12:09,15.09,0.02,2,3018,买盘
1093,11:12:12,15.08,-0.01,10,15080,中性盘
1094,11:12:15,15.08,0.0,1,1508,买盘
1095,11:12:21,15.08,0.0,5,7540,买盘
1096,11:12:46,15.08,0.0,23,34684,卖盘
1097,11:12:54,15.09,0.01,22,33196,买盘
1098,11:13:00,15.07,-0.02,3,4521,卖盘
1099,11:13:07,15.08,0.01,1,1508,买盘
1100,11:13:10,15.07,-0.01,18,27135,卖盘
1101,11:13:16,15.08,0.01,4,6032,中性盘
1102,11:13:19,15.09,0.01,15,22627,买盘
1103,11:13:24,15.09,0.0,58,87514,买盘
1104,11:13:27,15.09,0.0,30,45270,买盘
1105,11:13:30,15.09,0.0,61,92049,买盘
1106,11:13:33,15.08,-0.01,5,7540,卖盘
1107,11:13:39,15.08,0.0,5,7540,卖盘
1108,11:13:45,15.08,0.0,15,22620,卖盘
1109,11:13:48,15.09,0.01,10,15090,买盘
1110,11:14:12,15.09,0.0,12,18108,买盘
1111,11:14:15,15.09,0.0,2,3018,买盘
1112,11:14:18,15.09,0.0,14,21126,买盘
1113,11:14:22,15.09,0.0,64,96573,买盘
1114,11:14:25,15.09,0.0,26,39226,买盘
1115,11:14:27,15.09,0.0,3,4527,买盘
1116,11:14:43,15.09,0.0,2,3018,卖盘
1117,11:14:45,15.08,-0.01,21,31686,卖盘
1118,11:14:48,15.09,0.01,8,12072,卖盘
1119,11:14:51,15.1,0.01,22,33220,买盘
1120,11:14:54,15.09,-0.01,8,12072,卖盘
1121,11:15:00,15.09,0.0,36,54324,卖盘
1122,11:15:04,15.09,0.0,10,15090,买盘
1123,11:15:12,15.09,0.0,2,3018,买盘
1124,11:15:15,15.08,-0.01,8,12064,卖盘
1125,11:15:18,15.09,0.01,18,27162,买盘
1126,11:15:24,15.09,0.0,63,95067,买盘
1127,11:15:30,15.1,0.01,131,197949,买盘
1128,11:15:33,15.1,0.0,2,3020,卖盘
1129,11:15:40,15.1,0.0,8,12080,卖盘
1130,11:15:51,15.14,0.04,24,36256,买盘
1131,11:15:57,15.14,0.0,5,7570,卖盘
1132,11:16:00,15.09,-0.05,2,3023,卖盘
1133,11:16:21,15.1,0.01,2,3020,卖盘
1134,11:16:30,15.1,0.0,4,6040,卖盘
1135,11:16:36,15.14,0.04,1,1514,买盘
1136,11:16:39,15.11,-0.03,4,6052,卖盘
1137,11:16:51,15.17,0.06,5,7585,买盘
1138,11:16:57,15.17,0.0,6,9102,买盘
1139,11:17:01,15.12,-0.05,4,6058,卖盘
1140,11:17:04,15.17,0.05,2,3034,买盘
1141,11:17:18,15.17,0.0,1,1517,买盘
1142,11:17:39,15.11,-0.06,7,10577,卖盘
1143,11:17:57,15.11,0.0,25,37775,买盘
1144,11:18:09,15.09,-0.02,82,123756,卖盘
1145,11:18:21,15.09,0.0,1,1509,买盘
1146,11:18:27,15.08,-0.01,16,24128,卖盘
1147,11:18:30,15.09,0.01,28,42252,买盘
1148,11:18:33,15.08,-0.01,3,4524,卖盘
1149,11:18:36,15.08,0.0,4,6032,卖盘
1150,11:18:39,15.08,0.0,1,1508,卖盘
1151,11:18:51,15.09,0.01,30,45270,买盘
1152,11:19:00,15.08,-0.01,4,6032,卖盘
1153,11:19:04,15.08,0.0,1,1508,卖盘
1154,11:19:06,15.09,0.01,22,33198,买盘
1155,11:19:09,15.09,0.0,5,7545,卖盘
1156,11:19:33,15.11,0.02,7,10577,买盘
1157,11:19:37,15.15,0.04,3,4545,中性盘
1158,11:19:40,15.1,-0.05,5,7551,卖盘
1159,11:19:45,15.15,0.05,2,3030,买盘
1160,11:19:54,15.15,0.0,1,1515,买盘
1161,11:19:57,15.15,0.0,7,10605,买盘
1162,11:21:18,15.15,0.0,2,3030,买盘
1163,11:21:25,15.16,0.01,5,7580,买盘
1164,11:21:27,15.15,-0.01,56,84840,卖盘
1165,11:21:51,15.14,-0.01,2,3028,买盘
1166,11:21:54,15.13,-0.01,34,51450,卖盘
1167,11:22:06,15.15,0.02,68,102897,买盘
1168,11:22:27,15.12,-0.03,10,15120,卖盘
1169,11:22:52,15.12,0.0,10,15120,卖盘
1170,11:23:12,15.11,-0.01,32,48352,卖盘
1171,11:23:24,15.11,0.0,18,27201,卖盘
1172,11:23:39,15.12,0.01,59,89208,卖盘
1173,11:23:45,15.11,-0.01,1,1511,卖盘
1174,11:23:51,15.1,-0.01,41,61924,卖盘
1175,11:24:30,15.11,0.01,3,4533,卖盘
1176,11:25:24,15.13,0.02,1,1513,买盘
1177,11:25:33,15.12,-0.01,22,33264,卖盘
1178,11:26:42,15.12,0.0,1,1512,卖盘
1179,11:26:45,15.12,0.0,1,1512,卖盘
1180,11:26:48,15.12,0.0,1,1512,卖盘
1181,11:26:51,15.12,0.0,1,1512,卖盘
1182,11:26:54,15.12,0.0,6,9072,卖盘
1183,11:26:57,15.12,0.0,1,1512,卖盘
1184,11:27:00,15.12,0.0,1,1512,卖盘
1185,11:27:04,15.12,0.0,1,1512,卖盘
1186,11:27:06,15.12,0.0,1,1512,卖盘
1187,11:27:12,15.1,-0.02,40,60426,卖盘
1188,11:27:33,15.12,0.02,2,3024,卖盘
1189,11:27:51,15.12,0.0,2,3024,买盘
1190,11:28:27,15.14,0.02,8,12106,买盘
1191,11:28:57,15.12,-0.02,10,15120,卖盘
1192,11:29:27,15.14,0.02,5,7570,买盘
1193,13:00:04,15.12,-0.02,43,65016,卖盘
1194,13:00:15,15.14,0.02,3,4542,买盘
1195,13:00:27,15.13,-0.01,1,1513,卖盘
1196,13:00:30,15.13,0.0,1,1513,卖盘
1197,13:00:33,15.13,0.0,1,1513,卖盘
1198,13:00:36,15.13,0.0,1,1513,卖盘
1199,13:00:39,15.14,0.01,4,6055,买盘
1200,13:00:42,15.13,-0.01,1,1513,卖盘
1201,13:00:45,15.13,0.0,1,1513,卖盘
1202,13:00:48,15.13,0.0,1,1513,卖盘
1203,13:00:51,15.13,0.0,1,1513,卖盘
1204,13:00:54,15.13,0.0,1,1513,卖盘
1205,13:00:57,15.13,0.0,1,1513,卖盘
1206,13:01:00,15.13,0.0,1,1513,卖盘
1207,13:01:04,15.13,0.0,1,1513,卖盘
1208,13:01:06,15.13,0.0,1,1513,卖盘
1209,13:01:09,15.13,0.0,2,3026,卖盘
1210,13:01:12,15.13,0.0,1,1513,卖盘
1211,13:01:15,15.12,-0.01,11,16635,卖盘
1212,13:01:18,15.12,0.0,3,4536,卖盘
1213,13:01:27,15.12,0.0,40,60480,卖盘
1214,13:01:33,15.12,0.0,106,160272,卖盘
1215,13:01:36,15.12,0.0,3,4536,卖盘
1216,13:01:39,15.12,0.0,10,15120,卖盘
1217,13:01:42,15.12,0.0,1,1512,卖盘
1218,13:02:00,15.12,0.0,25,37800,卖盘
1219,13:02:12,15.1,-0.02,1,1510,卖盘
1220,13:02:42,15.11,0.01,1,1511,中性盘
1221,13:02:48,15.11,0.0,3,4533,卖盘
1222,13:02:54,15.11,0.0,18,27198,卖盘
1223,13:03:01,15.11,0.0,5,7555,卖盘
1224,13:03:04,15.1,-0.01,3,4530,卖盘
1225,13:03:15,15.1,0.0,1,1510,卖盘
1226,13:03:18,15.1,0.0,77,116270,卖盘
1227,13:03:24,15.1,0.0,4,6040,卖盘
1228,13:03:27,15.1,0.0,1,1510,卖盘
1229,13:03:39,15.1,0.0,4,6040,卖盘
1230,13:04:09,15.1,0.0,1,1510,卖盘
1231,13:04:24,15.1,0.0,10,15100,卖盘
1232,13:04:34,15.1,0.0,5,7552,卖盘
1233,13:04:42,15.1,0.0,1,1510,卖盘
1234,13:04:54,15.1,0.0,1,1510,卖盘
1235,13:05:00,15.1,0.0,3,4530,卖盘
1236,13:05:09,15.1,0.0,5,7550,卖盘
1237,13:05:15,15.1,0.0,119,179690,卖盘
1238,13:05:18,15.1,0.0,20,30200,卖盘
1239,13:05:21,15.1,0.0,159,240090,卖盘
1240,13:05:24,15.1,0.0,3,4530,卖盘
1241,13:05:42,15.1,0.0,1,1510,卖盘
1242,13:05:45,15.1,0.0,12,18120,卖盘
1243,13:05:54,15.1,0.0,1,1510,卖盘
1244,13:06:09,15.1,0.0,1,1510,卖盘
1245,13:06:12,15.11,0.01,41,61950,买盘
1246,13:06:21,15.11,0.0,1,1511,买盘
1247,13:06:27,15.11,0.0,2,3022,买盘
1248,13:06:34,15.11,0.0,29,43819,买盘
1249,13:06:42,15.11,0.0,50,75550,买盘
1250,13:06:45,15.11,0.0,36,54376,买盘
1251,13:06:54,15.12,0.01,1,1512,买盘
1252,13:07:21,15.11,-0.01,4,6044,卖盘
1253,13:07:48,15.12,0.01,6,9072,买盘
1254,13:08:09,15.11,-0.01,25,37775,卖盘
1255,13:08:15,15.11,0.0,7,10577,卖盘
1256,13:08:18,15.11,0.0,6,9066,卖盘
1257,13:08:21,15.11,0.0,2,3022,卖盘
1258,13:08:24,15.11,0.0,4,6044,卖盘
1259,13:08:36,15.11,0.0,3,4533,买盘
1260,13:08:39,15.1,-0.01,2,3020,卖盘
1261,13:08:51,15.1,0.0,16,24160,卖盘
1262,13:08:54,15.11,0.01,12,18130,买盘
1263,13:09:18,15.11,0.0,6,9066,卖盘
1264,13:09:24,15.11,0.0,2,3022,卖盘
1265,13:09:30,15.11,0.0,23,34753,卖盘
1266,13:09:33,15.11,0.0,13,19643,卖盘
1267,13:09:36,15.11,0.0,5,7555,卖盘
1268,13:09:39,15.11,0.0,2,3022,卖盘
1269,13:09:48,15.11,0.0,12,18132,买盘
1270,13:09:54,15.1,-0.01,2,3020,卖盘
1271,13:10:12,15.11,0.01,10,15110,买盘
1272,13:10:24,15.1,-0.01,1,1510,卖盘
1273,13:10:27,15.1,0.0,30,45300,卖盘
1274,13:10:39,15.1,0.0,1,1510,卖盘
1275,13:10:48,15.1,0.0,27,40770,卖盘
1276,13:10:54,15.1,0.0,2,3020,卖盘
1277,13:11:04,15.1,0.0,20,30200,卖盘
1278,13:11:24,15.1,0.0,1,1510,卖盘
1279,13:11:27,15.1,0.0,2,3020,卖盘
1280,13:11:54,15.1,0.0,1,1510,卖盘
1281,13:11:58,15.1,0.0,39,58890,卖盘
1282,13:12:00,15.1,0.0,3,4530,卖盘
1283,13:12:03,15.1,0.0,3,4530,卖盘
1284,13:12:15,15.11,0.01,59,89111,买盘
1285,13:12:25,15.1,-0.01,10,15100,卖盘
1286,13:12:39,15.1,0.0,2,3020,卖盘
1287,13:12:48,15.1,0.0,20,30200,卖盘
1288,13:12:54,15.1,0.0,2,3020,卖盘
1289,13:13:12,15.11,0.01,2,3022,买盘
1290,13:13:24,15.09,-0.02,21,31689,卖盘
1291,13:13:27,15.09,0.0,2,3018,卖盘
1292,13:13:43,15.09,0.0,1,1509,卖盘
1293,13:13:48,15.1,0.01,2,3020,买盘
1294,13:13:54,15.09,-0.01,1,1509,卖盘
1295,13:14:09,15.09,0.0,45,67905,卖盘
1296,13:14:12,15.09,0.0,1,1509,卖盘
1297,13:14:21,15.1,0.01,1,1510,买盘
1298,13:14:39,15.09,-0.01,2,3018,卖盘
1299,13:14:45,15.1,0.01,20,30200,买盘
1300,13:14:51,15.1,0.0,21,31710,买盘
1301,13:14:54,15.1,0.0,1,1510,卖盘
1302,13:15:09,15.1,0.0,2,3020,卖盘
1303,13:15:15,15.1,0.0,2,3020,卖盘
1304,13:15:39,15.1,0.0,2,3020,卖盘
1305,13:15:54,15.1,0.0,21,31710,卖盘
1306,13:16:00,15.11,0.01,8,12085,买盘
1307,13:16:04,15.1,-0.01,1,1510,卖盘
1308,13:16:12,15.1,0.0,5,7550,卖盘
1309,13:16:18,15.1,0.0,9,13590,卖盘
1310,13:16:21,15.1,0.0,7,10570,卖盘
1311,13:16:24,15.1,0.0,4,6040,卖盘
1312,13:16:30,15.1,0.0,4,6040,卖盘
1313,13:16:36,15.11,0.01,4,6044,买盘
1314,13:16:54,15.1,-0.01,2,3020,卖盘
1315,13:17:00,15.1,0.0,40,60400,卖盘
1316,13:17:04,15.1,0.0,2,3020,卖盘
1317,13:17:12,15.09,-0.01,2,3018,卖盘
1318,13:17:21,15.1,0.01,3,4530,买盘
1319,13:17:24,15.09,-0.01,1,1509,卖盘
1320,13:17:33,15.1,0.01,3,4530,买盘
1321,13:17:39,15.1,0.0,3,4530,卖盘
1322,13:17:45,15.1,0.0,2,3020,卖盘
1323,13:17:55,15.1,0.0,2,3020,卖盘
1324,13:18:10,15.1,0.0,1,1510,卖盘
1325,13:18:25,15.1,0.0,2,3020,卖盘
1326,13:18:39,15.1,0.0,2,3020,卖盘
1327,13:18:51,15.11,0.01,13,19634,买盘
1328,13:19:09,15.1,-0.01,1,1510,卖盘
1329,13:19:18,15.1,0.0,2,3020,卖盘
1330,13:19:30,15.1,0.0,5,7550,卖盘
1331,13:19:39,15.1,0.0,2,3020,卖盘
1332,13:19:54,15.1,0.0,2,3020,卖盘
1333,13:19:57,15.1,0.0,2,3020,卖盘
1334,13:20:09,15.11,0.01,5,7555,买盘
1335,13:20:15,15.11,0.0,6,9066,买盘
1336,13:20:18,15.1,-0.01,1,1510,卖盘
1337,13:20:24,15.1,0.0,2,3020,卖盘
1338,13:20:33,15.1,0.0,26,39260,卖盘
1339,13:20:39,15.1,0.0,2,3020,卖盘
1340,13:21:09,15.1,0.0,4,6040,卖盘
1341,13:21:18,15.1,0.0,13,19630,卖盘
1342,13:21:36,15.1,0.0,15,22655,卖盘
1343,13:21:54,15.1,0.0,2,3020,卖盘
1344,13:21:57,15.1,0.0,1,1510,卖盘
1345,13:22:09,15.1,0.0,2,3020,卖盘
1346,13:22:24,15.1,0.0,1,1510,卖盘
1347,13:22:27,15.1,0.0,1,1510,卖盘
1348,13:22:30,15.1,0.0,35,52850,卖盘
1349,13:22:33,15.1,0.0,24,36240,卖盘
1350,13:22:48,15.1,0.0,19,28690,卖盘
1351,13:22:51,15.11,0.01,20,30220,买盘
1352,13:22:54,15.11,0.0,4,6044,买盘
1353,13:23:12,15.11,0.0,49,74038,买盘
1354,13:23:15,15.1,-0.01,10,15102,卖盘
1355,13:23:30,15.12,0.02,44,66528,买盘
1356,13:23:36,15.1,-0.02,8,12082,卖盘
1357,13:23:39,15.14,0.04,19,28766,买盘
1358,13:24:12,15.1,-0.04,2,3020,卖盘
1359,13:25:15,15.11,0.01,1,1511,卖盘
1360,13:25:33,15.12,0.01,5,7560,买盘
1361,13:26:04,15.12,0.0,2,3024,卖盘
1362,13:26:51,15.12,0.0,17,25704,卖盘
1363,13:26:54,15.12,0.0,1,1512,卖盘
1364,13:27:15,15.11,-0.01,60,90703,卖盘
1365,13:27:18,15.11,0.0,2,3022,卖盘
1366,13:28:00,15.13,0.02,61,92269,买盘
1367,13:28:04,15.13,0.0,1,1513,卖盘
1368,13:28:09,15.11,-0.02,5,7555,卖盘
1369,13:28:15,15.11,0.0,1,1511,卖盘
1370,13:28:48,15.12,0.01,7,10590,卖盘
1371,13:28:57,15.12,0.0,1,1512,卖盘
1372,13:29:00,15.12,0.0,1,1512,卖盘
1373,13:29:04,15.12,0.0,1,1512,卖盘
1374,13:29:06,15.12,0.0,1,1512,卖盘
1375,13:29:09,15.12,0.0,3,4536,卖盘
1376,13:29:21,15.13,0.01,3,4538,买盘
1377,13:29:27,15.13,0.0,1,1513,卖盘
1378,13:29:30,15.13,0.0,1,1513,卖盘
1379,13:29:36,15.14,0.01,2,3028,买盘
1380,13:29:48,15.12,-0.02,12,18144,卖盘
1381,13:29:51,15.14,0.02,8,12112,买盘
1382,13:30:06,15.12,-0.02,22,33264,卖盘
1383,13:30:12,15.12,0.0,1,1512,卖盘
1384,13:30:21,15.12,0.0,32,48440,卖盘
1385,13:30:42,15.12,0.0,7,10587,卖盘
1386,13:30:45,15.12,0.0,1,1512,卖盘
1387,13:31:06,15.12,0.0,2,3024,卖盘
1388,13:31:12,15.13,0.01,6,9073,买盘
1389,13:31:15,15.12,-0.01,2,3024,卖盘
1390,13:31:36,15.13,0.01,15,22695,买盘
1391,13:31:51,15.13,0.0,8,12104,卖盘
1392,13:32:01,15.12,-0.01,8,12096,卖盘
1393,13:32:09,15.12,0.0,26,39317,卖盘
1394,13:32:16,15.12,0.0,1,1512,卖盘
1395,13:32:24,15.12,0.0,14,21168,卖盘
1396,13:32:33,15.13,0.01,3,4539,买盘
1397,13:32:36,15.12,-0.01,10,15120,卖盘
1398,13:32:48,15.13,0.01,4,6052,买盘
1399,13:33:01,15.13,0.0,6,9078,买盘
1400,13:33:10,15.13,0.0,22,33286,卖盘
1401,13:33:21,15.12,-0.01,19,28728,卖盘
1402,13:33:30,15.13,0.01,6,9078,买盘
1403,13:33:33,15.13,0.0,2,3026,卖盘
1404,13:33:39,15.13,0.0,45,68085,卖盘
1405,13:33:42,15.14,0.01,3,4542,买盘
1406,13:34:00,15.14,0.0,26,39364,买盘
1407,13:34:10,15.13,-0.01,1,1513,卖盘
1408,13:34:12,15.14,0.01,21,31794,买盘
1409,13:34:15,15.14,0.0,21,31794,卖盘
1410,13:34:18,15.15,0.01,10,15150,买盘
1411,13:34:42,15.15,0.0,10,15150,买盘
1412,13:34:46,15.16,0.01,1,1516,买盘
1413,13:35:06,15.14,-0.02,2,3028,卖盘
1414,13:35:30,15.14,0.0,1,1514,卖盘
1415,13:36:01,15.13,-0.01,5,7565,卖盘
1416,13:36:06,15.13,0.0,4,6052,卖盘
1417,13:36:13,15.13,0.0,10,15130,卖盘
1418,13:36:15,15.13,0.0,14,21182,卖盘
1419,13:36:21,15.14,0.01,4,6054,买盘
1420,13:36:45,15.14,0.0,4,6056,买盘
1421,13:37:01,15.14,0.0,5,7570,买盘
1422,13:37:04,15.13,-0.01,14,21182,卖盘
1423,13:37:09,15.13,0.0,4,6052,卖盘
1424,13:37:21,15.13,0.0,1,1513,卖盘
1425,13:37:27,15.13,0.0,16,24208,卖盘
1426,13:38:00,15.12,-0.01,52,78626,卖盘
1427,13:38:06,15.12,0.0,2,3024,卖盘
1428,13:38:18,15.12,0.0,10,15120,卖盘
1429,13:38:31,15.12,0.0,6,9072,卖盘
1430,13:38:55,15.13,0.01,20,30260,买盘
1431,13:38:58,15.12,-0.01,12,18144,卖盘
1432,13:39:06,15.12,0.0,1,1512,卖盘
1433,13:39:09,15.12,0.0,30,45360,卖盘
1434,13:39:12,15.12,0.0,57,86184,卖盘
1435,13:39:15,15.12,0.0,3,4536,买盘
1436,13:39:21,15.12,0.0,23,34776,买盘
1437,13:39:33,15.12,0.0,3,4536,卖盘
1438,13:39:42,15.13,0.01,10,15130,买盘
1439,13:40:18,15.13,0.0,2,3026,买盘
1440,13:40:22,15.12,-0.01,2,3024,卖盘
1441,13:40:40,15.13,0.01,42,63529,买盘
1442,13:40:57,15.13,0.0,11,16648,卖盘
1443,13:41:06,15.13,0.0,3,4539,卖盘
1444,13:41:09,15.12,-0.01,1,1512,卖盘
1445,13:41:42,15.12,0.0,75,113400,卖盘
1446,13:41:57,15.11,-0.01,98,148078,卖盘
1447,13:42:01,15.1,-0.01,46,69471,卖盘
1448,13:42:04,15.1,0.0,6,9060,卖盘
1449,13:42:06,15.1,0.0,27,40770,卖盘
1450,13:42:09,15.1,0.0,2,3020,卖盘
1451,13:42:15,15.1,0.0,9,13590,卖盘
1452,13:42:18,15.1,0.0,77,116270,卖盘
1453,13:42:21,15.1,0.0,53,80030,卖盘
1454,13:42:57,15.1,0.0,7,10570,买盘
1455,13:43:09,15.09,-0.01,2,3018,卖盘
1456,13:44:15,15.09,0.0,1,1509,卖盘
1457,13:44:39,15.1,0.01,40,60400,买盘
1458,13:44:46,15.1,0.0,10,15100,卖盘
1459,13:44:55,15.1,0.0,20,30200,卖盘
1460,13:45:04,15.1,0.0,1,1510,卖盘
1461,13:45:06,15.1,0.0,3,4530,卖盘
1462,13:45:09,15.1,0.0,19,28690,卖盘
1463,13:45:21,15.1,0.0,7,10570,卖盘
1464,13:45:27,15.1,0.0,5,7554,卖盘
1465,13:45:30,15.11,0.01,23,34739,买盘
1466,13:45:33,15.1,-0.01,2,3020,卖盘
1467,13:45:37,15.1,0.0,7,10570,卖盘
1468,13:45:40,15.1,0.0,6,9060,卖盘
1469,13:45:42,15.09,-0.01,2,3018,卖盘
1470,13:45:45,15.09,0.0,4,6036,卖盘
1471,13:45:48,15.1,0.01,12,18120,买盘
1472,13:45:54,15.1,0.0,1,1510,卖盘
1473,13:46:04,15.1,0.0,5,7550,卖盘
1474,13:46:06,15.1,0.0,1,1510,卖盘
1475,13:46:09,15.1,0.0,1,1510,卖盘
1476,13:46:12,15.09,-0.01,7,10569,卖盘
1477,13:46:40,15.09,0.0,8,12072,卖盘
1478,13:46:42,15.1,0.01,56,84560,买盘
1479,13:46:45,15.1,0.0,28,42280,卖盘
1480,13:47:10,15.1,0.0,43,64930,卖盘
1481,13:47:18,15.1,0.0,2,3020,卖盘
1482,13:47:21,15.1,0.0,20,30200,卖盘
1483,13:48:09,15.1,0.0,9,13593,卖盘
1484,13:48:12,15.09,-0.01,1,1509,卖盘
1485,13:48:27,15.09,0.0,30,45270,卖盘
1486,13:48:31,15.09,0.0,4,6036,卖盘
1487,13:48:33,15.1,0.01,5,7550,买盘
1488,13:48:42,15.09,-0.01,42,63378,卖盘
1489,13:48:45,15.1,0.01,48,72433,买盘
1490,13:49:15,15.1,0.0,17,25668,买盘
1491,13:49:42,15.09,-0.01,16,24144,卖盘
1492,13:49:45,15.09,0.0,60,90540,卖盘
1493,13:49:48,15.09,0.0,2,3018,卖盘
1494,13:50:04,15.09,0.0,15,22635,卖盘
1495,13:50:15,15.08,-0.01,2,3017,卖盘
1496,13:50:27,15.1,0.02,25,37750,买盘
1497,13:50:30,15.08,-0.02,40,60323,卖盘
1498,13:51:12,15.08,0.0,34,51272,卖盘
1499,13:51:15,15.08,0.0,7,10556,卖盘
1500,13:51:21,15.09,0.01,1,1509,卖盘
1501,13:51:24,15.1,0.01,2,3020,买盘
1502,13:51:39,15.09,-0.01,7,10563,卖盘
1503,13:51:45,15.08,-0.01,1,1508,卖盘
1504,13:51:51,15.09,0.01,3,4527,买盘
1505,13:51:57,15.08,-0.01,3,4526,卖盘
1506,13:52:00,15.08,0.0,4,6035,卖盘
1507,13:52:06,15.1,0.02,40,60367,买盘
1508,13:52:12,15.08,-0.02,15,22620,卖盘
1509,13:52:21,15.09,0.01,2,3018,卖盘
1510,13:52:28,15.11,0.02,52,78540,买盘
1511,13:52:36,15.09,-0.02,60,90561,卖盘
1512,13:52:39,15.14,0.05,11,16641,买盘
1513,13:52:45,15.12,-0.02,1,1512,买盘
1514,13:52:48,15.11,-0.01,16,24176,卖盘
1515,13:53:15,15.14,0.03,7,10598,买盘
1516,13:53:21,15.14,0.0,1,1514,卖盘
1517,13:53:36,15.15,0.01,2,3030,卖盘
1518,13:53:39,15.15,0.0,3,4545,卖盘
1519,13:53:42,15.15,0.0,2,3030,卖盘
1520,13:53:54,15.15,0.0,9,13635,卖盘
1521,13:53:57,15.15,0.0,20,30300,卖盘
1522,13:54:01,15.15,0.0,4,6060,卖盘
1523,13:54:04,15.14,-0.01,2,3028,卖盘
1524,13:54:13,15.1,-0.04,7,10570,卖盘
1525,13:54:15,15.1,0.0,2,3020,卖盘
1526,13:54:54,15.11,0.01,10,15110,卖盘
1527,13:55:06,15.1,-0.01,1,1510,卖盘
1528,13:55:09,15.11,0.01,10,15110,买盘
1529,13:55:19,15.1,-0.01,26,39270,卖盘
1530,13:55:54,15.15,0.05,18,27190,买盘
1531,13:56:15,15.14,-0.01,5,7562,买盘
1532,13:57:18,15.1,-0.04,14,21140,卖盘
1533,13:57:25,15.1,0.0,2,3020,卖盘
1534,13:58:03,15.12,0.02,1,1512,卖盘
1535,13:58:18,15.1,-0.02,3,4534,卖盘
1536,13:58:42,15.12,0.02,12,18144,买盘
1537,13:59:01,15.1,-0.02,60,90643,卖盘
1538,13:59:12,15.12,0.02,5,7560,买盘
1539,13:59:21,15.12,0.0,2,3024,卖盘
1540,13:59:33,15.12,0.0,1,1512,卖盘
1541,13:59:39,15.12,0.0,10,15120,卖盘
1542,14:00:22,15.1,-0.02,38,57410,卖盘
1543,14:01:00,15.1,0.0,20,30200,卖盘
1544,14:01:12,15.1,0.0,40,60400,卖盘
1545,14:01:15,15.1,0.0,91,137410,卖盘
1546,14:01:21,15.1,0.0,2,3020,卖盘
1547,14:01:27,15.1,0.0,1,1510,卖盘
1548,14:01:30,15.1,0.0,3,4530,卖盘
1549,14:01:33,15.1,0.0,1,1510,卖盘
1550,14:01:36,15.1,0.0,24,36240,卖盘
1551,14:01:48,15.09,-0.01,1,1509,卖盘
1552,14:01:51,15.09,0.0,10,15090,卖盘
1553,14:01:54,15.09,0.0,1,1509,卖盘
1554,14:01:57,15.09,0.0,1,1509,卖盘
1555,14:02:00,15.09,0.0,9,13581,卖盘
1556,14:02:12,15.09,0.0,1,1509,卖盘
1557,14:02:21,15.1,0.01,20,30194,买盘
1558,14:02:30,15.09,-0.01,46,69414,卖盘
1559,14:03:12,15.09,0.0,2,3018,卖盘
1560,14:03:18,15.09,0.0,50,75450,卖盘
1561,14:03:27,15.1,0.01,50,75500,买盘
1562,14:03:43,15.1,0.0,12,18120,买盘
1563,14:03:48,15.1,0.0,10,15100,卖盘
1564,14:04:12,15.1,0.0,101,152510,卖盘
1565,14:05:12,15.11,0.01,22,33242,买盘
1566,14:05:15,15.1,-0.01,2,3020,卖盘
1567,14:06:12,15.11,0.01,14,21144,买盘
1568,14:06:15,15.11,0.0,66,99679,买盘
1569,14:06:18,15.11,0.0,11,16621,卖盘
1570,14:06:27,15.1,-0.01,8,12080,卖盘
1571,14:06:30,15.1,0.0,45,67950,卖盘
1572,14:06:49,15.09,-0.01,83,125295,卖盘
1573,14:07:00,15.09,0.0,42,63378,卖盘
1574,14:07:04,15.09,0.0,3,4527,卖盘
1575,14:07:09,15.09,0.0,1,1509,卖盘
1576,14:07:16,15.1,0.01,49,73994,卖盘
1577,14:07:21,15.1,0.0,1,1510,卖盘
1578,14:07:24,15.1,0.0,45,67950,卖盘
1579,14:07:27,15.09,-0.01,50,75459,卖盘
1580,14:07:30,15.09,0.0,4,6036,卖盘
1581,14:07:42,15.1,0.01,46,69419,买盘
1582,14:07:45,15.09,-0.01,4,6036,卖盘
1583,14:07:48,15.09,0.0,3,4527,卖盘
1584,14:07:52,15.09,0.0,33,49797,卖盘
1585,14:07:54,15.09,0.0,10,15090,卖盘
1586,14:07:57,15.09,0.0,1,1509,卖盘
1587,14:08:12,15.1,0.01,41,61883,买盘
1588,14:08:21,15.09,-0.01,6,9054,卖盘
1589,14:08:24,15.09,0.0,5,7545,卖盘
1590,14:08:45,15.09,0.0,61,92049,卖盘
1591,14:08:48,15.09,0.0,15,22635,卖盘
1592,14:08:57,15.09,0.0,10,15090,买盘
1593,14:09:09,15.09,0.0,17,25653,买盘
1594,14:09:18,15.09,0.0,16,24144,卖盘
1595,14:09:28,15.09,0.0,22,33198,卖盘
1596,14:09:30,15.09,0.0,45,67905,卖盘
1597,14:09:45,15.08,-0.01,21,31668,卖盘
1598,14:09:55,15.08,0.0,165,248820,卖盘
1599,14:09:57,15.09,0.01,100,150880,买盘
1600,14:10:06,15.07,-0.02,2,3014,卖盘
1601,14:10:09,15.08,0.01,100,150800,买盘
1602,14:10:12,15.07,-0.01,43,64802,卖盘
1603,14:10:18,15.08,0.01,3,4524,买盘
1604,14:10:33,15.08,0.0,52,78374,买盘
1605,14:10:36,15.07,-0.01,21,31647,卖盘
1606,14:10:42,15.07,0.0,40,60280,卖盘
1607,14:10:46,15.07,0.0,2,3014,卖盘
1608,14:10:54,15.07,0.0,42,63294,卖盘
1609,14:10:57,15.08,0.01,140,211120,买盘
1610,14:11:00,15.09,0.01,1,1509,买盘
1611,14:11:09,15.08,-0.01,1,1508,卖盘
1612,14:11:12,15.08,0.0,42,63336,卖盘
1613,14:11:21,15.07,-0.01,47,70858,卖盘
1614,14:11:24,15.07,0.0,1,1507,卖盘
1615,14:11:37,15.07,0.0,38,57266,卖盘
1616,14:11:39,15.07,0.0,4,6028,卖盘
1617,14:11:42,15.07,0.0,23,34661,卖盘
1618,14:11:45,15.07,0.0,19,28633,卖盘
1619,14:11:49,15.07,0.0,1,1507,卖盘
1620,14:11:52,15.07,0.0,34,51238,卖盘
1621,14:11:54,15.07,0.0,28,42206,卖盘
1622,14:12:00,15.07,0.0,24,36174,卖盘
1623,14:12:04,15.06,-0.01,8,12048,卖盘
1624,14:12:06,15.06,0.0,20,30120,卖盘
1625,14:12:18,15.07,0.01,10,15070,买盘
1626,14:12:24,15.06,-0.01,2,3012,卖盘
1627,14:12:28,15.06,0.0,15,22590,卖盘
1628,14:12:37,15.06,0.0,6,9036,卖盘
1629,14:13:09,15.07,0.01,62,93438,买盘
1630,14:13:18,15.07,0.0,1,1507,卖盘
1631,14:13:24,15.08,0.01,6,9048,买盘
1632,14:13:42,15.08,0.0,5,7540,买盘
1633,14:14:09,15.08,0.0,2,3016,卖盘
1634,14:14:18,15.08,0.0,8,12064,卖盘
1635,14:14:22,15.07,-0.01,18,27138,卖盘
1636,14:14:33,15.07,0.0,18,27126,卖盘
1637,14:14:48,15.07,0.0,16,24112,卖盘
1638,14:14:51,15.07,0.0,2,3014,卖盘
1639,14:14:54,15.07,0.0,32,48244,卖盘
1640,14:15:01,15.07,0.0,18,27126,卖盘
1641,14:15:06,15.08,0.01,73,110084,买盘
1642,14:15:12,15.08,0.0,17,25636,卖盘
1643,14:15:15,15.08,0.0,1,1508,卖盘
1644,14:15:21,15.08,0.0,18,27144,卖盘
1645,14:15:24,15.08,0.0,10,15080,卖盘
1646,14:15:28,15.08,0.0,4,6032,卖盘
1647,14:15:39,15.07,-0.01,18,27126,卖盘
1648,14:15:48,15.07,0.0,6,9042,卖盘
1649,14:15:52,15.07,0.0,11,16577,卖盘
1650,14:16:15,15.08,0.01,33,49764,买盘
1651,14:16:21,15.08,0.0,1,1508,卖盘
1652,14:16:28,15.07,-0.01,50,75368,卖盘
1653,14:16:42,15.07,0.0,18,27126,卖盘
1654,14:16:45,15.08,0.01,25,37700,买盘
1655,14:16:48,15.08,0.0,15,22620,买盘
1656,14:16:51,15.07,-0.01,33,49731,卖盘
1657,14:16:54,15.08,0.01,35,52780,买盘
1658,14:16:57,15.08,0.0,45,67860,卖盘
1659,14:17:03,15.07,-0.01,16,24112,卖盘
1660,14:17:06,15.07,0.0,2,3014,卖盘
1661,14:17:09,15.07,0.0,2,3014,卖盘
1662,14:17:12,15.07,0.0,23,34661,卖盘
1663,14:17:24,15.07,0.0,18,27126,卖盘
1664,14:17:30,15.07,0.0,89,134123,卖盘
1665,14:17:33,15.07,0.0,7,10549,卖盘
1666,14:17:39,15.06,-0.01,8,12048,卖盘
1667,14:17:42,15.06,0.0,18,27108,卖盘
1668,14:17:45,15.06,0.0,16,24096,卖盘
1669,14:17:51,15.06,0.0,174,262124,卖盘
1670,14:17:54,15.05,-0.01,25,37648,卖盘
1671,14:17:57,15.05,0.0,100,150500,卖盘
1672,14:18:00,15.05,0.0,100,150500,卖盘
1673,14:18:04,15.06,0.01,32,48164,买盘
1674,14:18:06,15.05,-0.01,4,6020,中性盘
1675,14:18:09,15.04,-0.01,13,19552,卖盘
1676,14:18:12,15.03,-0.01,7,10527,卖盘
1677,14:18:15,15.03,0.0,8,12031,卖盘
1678,14:18:21,15.04,0.01,7,10528,买盘
1679,14:18:24,15.03,-0.01,2,3006,卖盘
1680,14:18:40,15.04,0.01,17,25568,买盘
1681,14:18:48,15.05,0.01,10,15050,买盘
1682,14:18:51,15.04,-0.01,33,49632,卖盘
1683,14:19:00,15.04,0.0,30,45120,卖盘
1684,14:19:09,15.04,0.0,8,12032,卖盘
1685,14:19:15,15.06,0.02,9,13550,买盘
1686,14:19:19,15.04,-0.02,4,6016,卖盘
1687,14:19:30,15.05,0.01,1,1505,卖盘
1688,14:19:33,15.06,0.01,11,16562,买盘
1689,14:19:45,15.06,0.0,1,1506,买盘
1690,14:19:52,15.06,0.0,8,12048,买盘
1691,14:20:04,15.06,0.0,21,31626,卖盘
1692,14:20:09,15.07,0.01,7,10549,买盘
1693,14:20:12,15.06,-0.01,2,3012,卖盘
1694,14:20:19,15.07,0.01,10,15070,买盘
1695,14:20:24,15.07,0.0,6,9042,买盘
1696,14:20:28,15.07,0.0,7,10549,买盘
1697,14:20:33,15.06,-0.01,24,36144,卖盘
1698,14:20:36,15.07,0.01,10,15070,买盘
1699,14:20:42,15.08,0.01,3,4524,买盘
1700,14:20:48,15.07,-0.01,37,55789,卖盘
1701,14:20:54,15.07,0.0,7,10549,买盘
1702,14:21:06,15.08,0.01,23,34684,买盘
1703,14:21:12,15.06,-0.02,9,13554,卖盘
1704,14:21:18,15.06,0.0,21,31666,卖盘
1705,14:21:51,15.08,0.02,7,10551,买盘
1706,14:22:18,15.06,-0.02,9,13568,卖盘
1707,14:22:22,15.08,0.02,1,1508,买盘
1708,14:22:24,15.08,0.0,9,13556,买盘
1709,14:23:06,15.07,-0.01,1,1507,卖盘
1710,14:23:09,15.08,0.01,7,10556,买盘
1711,14:23:21,15.07,-0.01,17,25619,卖盘
1712,14:23:36,15.07,0.0,22,33146,买盘
1713,14:23:43,15.07,0.0,5,7535,卖盘
1714,14:23:51,15.07,0.0,13,19591,买盘
1715,14:24:00,15.07,0.0,10,15070,买盘
1716,14:24:09,15.07,0.0,6,9042,卖盘
1717,14:24:12,15.06,-0.01,2,3012,卖盘
1718,14:24:18,15.06,0.0,19,28614,卖盘
1719,14:24:27,15.06,0.0,1,1506,卖盘
1720,14:24:45,15.07,0.01,13,19591,买盘
1721,14:24:49,15.07,0.0,59,88913,买盘
1722,14:25:12,15.08,0.01,15,22620,买盘
1723,14:25:18,15.07,-0.01,1,1507,卖盘
1724,14:25:24,15.08,0.01,7,10556,买盘
1725,14:25:36,15.08,0.0,24,36192,买盘
1726,14:26:06,15.07,-0.01,1,1507,卖盘
1727,14:26:27,15.07,0.0,11,16577,卖盘
1728,14:26:51,15.08,0.01,10,15080,买盘
1729,14:27:15,15.07,-0.01,6,9042,卖盘
1730,14:27:34,15.07,0.0,5,7535,卖盘
1731,14:27:46,15.07,0.0,3,4521,卖盘
1732,14:27:57,15.08,0.01,5,7540,买盘
1733,14:28:15,15.08,0.0,47,70876,买盘
1734,14:28:33,15.09,0.01,10,15090,买盘
1735,14:28:42,15.09,0.0,1,1509,买盘
1736,14:29:04,15.09,0.0,8,12072,卖盘
1737,14:29:18,15.09,0.0,1,1509,卖盘
1738,14:30:09,15.1,0.01,5,7550,买盘
1739,14:30:16,15.1,0.0,28,42280,买盘
1740,14:30:21,15.11,0.01,3,4533,买盘
1741,14:30:36,15.1,-0.01,1,1510,卖盘
1742,14:30:39,15.11,0.01,6,9066,买盘
1743,14:30:45,15.11,0.0,3,4533,买盘
1744,14:31:18,15.12,0.01,4,6048,卖盘
1745,14:31:21,15.13,0.01,25,37825,买盘
1746,14:31:24,15.13,0.0,10,15130,卖盘
1747,14:31:34,15.14,0.01,10,15140,买盘
1748,14:31:37,15.13,-0.01,32,48416,卖盘
1749,14:31:39,15.13,0.0,4,6052,卖盘
1750,14:31:45,15.14,0.01,16,24224,买盘
1751,14:31:51,15.14,0.0,14,21196,卖盘
1752,14:31:54,15.15,0.01,30,45450,买盘
1753,14:31:57,15.14,-0.01,106,160484,卖盘
1754,14:32:00,15.15,0.01,8,12120,买盘
1755,14:32:06,15.15,0.0,2,3030,买盘
1756,14:32:12,15.14,-0.01,13,19682,卖盘
1757,14:32:15,15.14,0.0,3,4542,卖盘
1758,14:32:24,15.15,0.01,4,6060,买盘
1759,14:32:27,15.14,-0.01,43,65102,卖盘
1760,14:32:39,15.14,0.0,4,6056,买盘
1761,14:32:51,15.12,-0.02,1,1512,卖盘
1762,14:32:57,15.12,0.0,1,1512,卖盘
1763,14:33:34,15.12,0.0,6,9072,买盘
1764,14:33:42,15.12,0.0,6,9072,买盘
1765,14:33:54,15.12,0.0,10,15120,买盘
1766,14:34:12,15.12,0.0,4,6048,买盘
1767,14:34:18,15.12,0.0,1,1512,买盘
1768,14:34:24,15.11,-0.01,18,27198,卖盘
1769,14:34:30,15.12,0.01,11,16632,买盘
1770,14:34:51,15.12,0.0,1,1512,买盘
1771,14:35:00,15.12,0.0,33,49896,买盘
1772,14:35:21,15.11,-0.01,19,28709,卖盘
1773,14:35:24,15.11,0.0,17,25687,卖盘
1774,14:35:42,15.11,0.0,1,1511,买盘
1775,14:35:48,15.1,-0.01,1,1510,卖盘
1776,14:35:54,15.1,0.0,2,3020,卖盘
1777,14:36:09,15.1,0.0,27,40770,卖盘
1778,14:36:28,15.09,-0.01,1,1509,卖盘
1779,14:36:34,15.09,0.0,2,3018,卖盘
1780,14:36:39,15.09,0.0,10,15090,卖盘
1781,14:36:42,15.1,0.01,36,54348,买盘
1782,14:36:51,15.08,-0.02,11,16588,卖盘
1783,14:37:04,15.08,0.0,17,25636,卖盘
1784,14:37:16,15.08,0.0,2,3016,卖盘
1785,14:37:22,15.08,0.0,3,4524,卖盘
1786,14:37:39,15.08,0.0,4,6032,买盘
1787,14:37:42,15.08,0.0,6,9048,买盘
1788,14:37:45,15.08,0.0,1,1508,买盘
1789,14:37:51,15.07,-0.01,24,36181,卖盘
1790,14:38:09,15.07,0.0,18,27128,卖盘
1791,14:38:12,15.07,0.0,3,4521,卖盘
1792,14:38:18,15.08,0.01,10,15078,买盘
1793,14:38:21,15.07,-0.01,27,40705,卖盘
1794,14:38:30,15.07,0.0,1,1507,卖盘
1795,14:38:48,15.07,0.0,2,3014,卖盘
1796,14:38:51,15.07,0.0,12,18085,卖盘
1797,14:39:04,15.07,0.0,1,1507,卖盘
1798,14:39:06,15.08,0.01,3,4524,买盘
1799,14:39:09,15.07,-0.01,10,15070,卖盘
1800,14:39:21,15.07,0.0,11,16577,卖盘
1801,14:39:24,15.07,0.0,47,70866,卖盘
1802,14:39:30,15.08,0.01,1,1508,买盘
1803,14:39:36,15.07,-0.01,10,15070,卖盘
1804,14:39:48,15.07,0.0,10,15070,卖盘
1805,14:39:51,15.07,0.0,11,16577,卖盘
1806,14:40:00,15.06,-0.01,10,15060,卖盘
1807,14:40:13,15.06,0.0,10,15060,卖盘
1808,14:40:16,15.07,0.01,1,1507,买盘
1809,14:40:21,15.06,-0.01,24,36164,卖盘
1810,14:40:24,15.06,0.0,21,31626,卖盘
1811,14:40:33,15.06,0.0,8,12048,卖盘
1812,14:40:42,15.06,0.0,3,4518,卖盘
1813,14:40:54,15.06,0.0,11,16566,卖盘
1814,14:41:04,15.07,0.01,8,12056,买盘
1815,14:41:24,15.07,0.0,19,28622,买盘
1816,14:41:30,15.07,0.0,3,4521,买盘
1817,14:41:36,15.07,0.0,1,1507,买盘
1818,14:41:55,15.06,-0.01,11,16566,卖盘
1819,14:42:21,15.07,0.01,6,9042,买盘
1820,14:42:24,15.07,0.0,25,37664,买盘
1821,14:42:27,15.06,-0.01,1,1506,卖盘
1822,14:42:30,15.07,0.01,16,24112,买盘
1823,14:42:33,15.07,0.0,1,1507,卖盘
1824,14:42:42,15.06,-0.01,10,15068,卖盘
1825,14:42:54,15.06,0.0,21,31626,卖盘
1826,14:42:57,15.06,0.0,5,7530,卖盘
1827,14:43:04,15.07,0.01,1,1507,买盘
1828,14:43:16,15.06,-0.01,40,60240,卖盘
1829,14:43:24,15.06,0.0,11,16566,卖盘
1830,14:43:27,15.06,0.0,7,10542,卖盘
1831,14:43:30,15.07,0.01,18,27126,买盘
1832,14:43:46,15.06,-0.01,27,40662,卖盘
1833,14:43:54,15.06,0.0,11,16566,卖盘
1834,14:43:57,15.06,0.0,7,10542,卖盘
1835,14:44:00,15.06,0.0,10,15060,卖盘
1836,14:44:10,15.06,0.0,12,18072,买盘
1837,14:44:19,15.06,0.0,1,1506,卖盘
1838,14:44:21,15.06,0.0,16,24096,卖盘
1839,14:44:27,15.05,-0.01,9,13546,卖盘
1840,14:44:45,15.05,0.0,10,15050,卖盘
1841,14:44:54,15.05,0.0,39,58695,卖盘
1842,14:44:57,15.05,0.0,7,10535,卖盘
1843,14:45:07,15.05,0.0,36,54180,卖盘
1844,14:45:09,15.05,0.0,8,12040,卖盘
1845,14:45:13,15.05,0.0,1,1505,卖盘
1846,14:45:25,15.05,0.0,18,27090,卖盘
1847,14:45:27,15.05,0.0,1,1505,卖盘
1848,14:45:37,15.06,0.01,57,85842,买盘
1849,14:45:39,15.07,0.01,5,7535,买盘
1850,14:45:48,15.07,0.0,3,4521,买盘
1851,14:45:54,15.08,0.01,38,57265,买盘
1852,14:45:57,15.08,0.0,5,7540,卖盘
1853,14:46:24,15.08,0.0,18,27144,卖盘
1854,14:46:54,15.09,0.01,2,3018,卖盘
1855,14:47:01,15.09,0.0,28,42252,卖盘
1856,14:47:06,15.09,0.0,7,10563,卖盘
1857,14:47:15,15.1,0.01,1,1510,买盘
1858,14:47:27,15.1,0.0,2,3020,买盘
1859,14:47:33,15.1,0.0,1,1510,买盘
1860,14:47:36,15.09,-0.01,7,10563,卖盘
1861,14:47:42,15.09,0.0,5,7545,卖盘
1862,14:47:45,15.1,0.01,10,15100,买盘
1863,14:47:48,15.1,0.0,5,7550,买盘
1864,14:48:01,15.1,0.0,9,13585,买盘
1865,14:48:04,15.1,0.0,25,37750,买盘
1866,14:48:07,15.09,-0.01,7,10563,卖盘
1867,14:48:22,15.1,0.01,1,1510,买盘
1868,14:48:36,15.09,-0.01,7,10563,卖盘
1869,14:48:42,15.1,0.01,10,15100,买盘
1870,14:48:48,15.09,-0.01,1,1509,卖盘
1871,14:48:51,15.12,0.03,17,25680,买盘
1872,14:48:55,15.13,0.01,9,13617,卖盘
1873,14:49:04,15.14,0.01,1,1514,买盘
1874,14:49:06,15.14,0.0,50,75693,买盘
1875,14:49:10,15.14,0.0,77,116578,卖盘
1876,14:49:16,15.14,0.0,145,219530,卖盘
1877,14:49:19,15.14,0.0,2,3028,卖盘
1878,14:49:22,15.14,0.0,32,48448,卖盘
1879,14:49:25,15.14,0.0,34,51506,卖盘
1880,14:49:27,15.14,0.0,5,7570,卖盘
1881,14:49:33,15.14,0.0,4,6056,卖盘
1882,14:49:40,15.13,-0.01,1,1513,卖盘
1883,14:49:42,15.14,0.01,4,6056,买盘
1884,14:49:51,15.14,0.0,26,39364,买盘
1885,14:50:00,15.15,0.01,5,7572,买盘
1886,14:50:04,15.13,-0.02,34,51498,卖盘
1887,14:50:10,15.13,0.0,1,1513,卖盘
1888,14:50:19,15.13,0.0,17,25737,卖盘
1889,14:50:27,15.13,0.0,2,3025,买盘
1890,14:50:39,15.12,-0.01,3,4536,卖盘
1891,14:50:55,15.13,0.01,8,12104,买盘
1892,14:50:57,15.12,-0.01,7,10584,卖盘
1893,14:51:15,15.12,0.0,37,55944,卖盘
1894,14:51:19,15.12,0.0,2,3024,卖盘
1895,14:51:25,15.13,0.01,7,10585,买盘
1896,14:51:27,15.12,-0.01,10,15120,卖盘
1897,14:51:46,15.12,0.0,14,21168,卖盘
1898,14:51:48,15.13,0.01,3,4539,买盘
1899,14:51:51,15.13,0.0,2,3026,买盘
1900,14:51:55,15.12,-0.01,2,3024,卖盘
1901,14:51:58,15.12,0.0,3,4536,买盘
1902,14:52:10,15.12,0.0,10,15120,买盘
1903,14:52:12,15.12,0.0,45,68040,买盘
1904,14:52:21,15.12,0.0,2,3024,卖盘
1905,14:52:24,15.12,0.0,4,6048,卖盘
1906,14:52:27,15.13,0.01,41,62033,买盘
1907,14:52:30,15.13,0.0,7,10591,卖盘
1908,14:52:33,15.13,0.0,5,7565,卖盘
1909,14:52:42,15.13,0.0,16,24208,卖盘
1910,14:52:55,15.13,0.0,11,16643,卖盘
1911,14:53:13,15.14,0.01,71,107494,买盘
1912,14:53:16,15.13,-0.01,8,12104,卖盘
1913,14:53:27,15.15,0.02,13,19690,买盘
1914,14:53:45,15.14,-0.01,4,6056,卖盘
1915,14:53:48,15.15,0.01,3,4545,买盘
1916,14:53:51,15.15,0.0,9,13635,买盘
1917,14:53:58,15.15,0.0,16,24240,买盘
1918,14:54:10,15.15,0.0,44,66660,买盘
1919,14:54:13,15.15,0.0,33,49995,买盘
1920,14:54:18,15.15,0.0,7,10605,卖盘
1921,14:54:24,15.16,0.01,1,1516,买盘
1922,14:54:28,15.15,-0.01,3,4545,卖盘
1923,14:54:33,15.16,0.01,1,1516,买盘
1924,14:54:37,15.16,0.0,5,7580,买盘
1925,14:54:40,15.15,-0.01,3,4545,卖盘
1926,14:54:48,15.16,0.01,2,3032,买盘
1927,14:54:54,15.15,-0.01,26,39390,卖盘
1928,14:55:04,15.16,0.01,25,37869,买盘
1929,14:55:09,15.15,-0.01,2,3030,买盘
1930,14:55:13,15.15,0.0,2,3030,中性盘
1931,14:55:15,15.15,0.0,8,12120,买盘
1932,14:55:19,15.15,0.0,1,1515,买盘
1933,14:55:21,15.15,0.0,12,18180,买盘
1934,14:55:25,15.15,0.0,1,1515,买盘
1935,14:55:30,15.15,0.0,10,15150,买盘
1936,14:55:34,15.14,-0.01,5,7570,卖盘
1937,14:55:36,15.15,0.01,33,49995,买盘
1938,14:55:46,15.15,0.0,13,19703,卖盘
1939,14:55:48,15.15,0.0,21,31815,卖盘
1940,14:56:01,15.15,0.0,10,15150,买盘
1941,14:56:04,15.15,0.0,17,25754,买盘
1942,14:56:07,15.16,0.01,18,27288,买盘
1943,14:56:10,15.15,-0.01,1,1515,卖盘
1944,14:56:12,15.15,0.0,4,6061,卖盘
1945,14:56:16,15.16,0.01,6,9096,买盘
1946,14:56:19,15.15,-0.01,7,10605,卖盘
1947,14:56:22,15.16,0.01,31,46995,买盘
1948,14:56:25,15.16,0.0,8,12128,买盘
1949,14:56:28,15.15,-0.01,1,1515,卖盘
1950,14:56:30,15.15,0.0,27,40905,卖盘
1951,14:56:34,15.15,0.0,2,3030,卖盘
1952,14:56:36,15.15,0.0,6,9090,卖盘
1953,14:56:39,15.15,0.0,3,4545,卖盘
1954,14:56:43,15.16,0.01,14,21224,买盘
1955,14:56:46,15.16,0.0,8,12128,买盘
1956,14:56:48,15.16,0.0,1,1516,买盘
1957,14:56:55,15.16,0.0,4,6064,买盘
1958,14:56:58,15.16,0.0,1,1516,买盘
1959,14:57:00,15.16,0.0,30,45480,买盘
1960,15:00:04,15.17,0.01,274,414672,卖盘
