,time,price,change,volume,amount,type
0,09:25:04,6.65,0.01,1310,871150,卖盘
1,09:30:04,6.62,-0.03,87,57738,卖盘
2,09:30:07,6.64,0.02,1803,1196815,买盘
3,09:30:10,6.65,0.01,910,604418,买盘
4,09:30:13,6.67,0.02,43,28633,买盘
5,09:30:16,6.66,-0.01,66,43956,卖盘
6,09:30:22,6.66,0.0,39,25956,卖盘
7,09:30:25,6.66,0.0,340,226486,卖盘
8,09:30:28,6.66,0.0,93,62030,卖盘
9,09:30:31,6.66,0.0,67,44670,买盘
10,09:30:34,6.65,-0.01,699,464909,卖盘
11,09:30:37,6.66,0.01,274,182318,买盘
12,09:30:40,6.64,-0.02,25,16634,卖盘
13,09:30:43,6.66,0.02,11,7326,买盘
14,09:30:46,6.66,0.0,91,60478,买盘
15,09:30:49,6.65,-0.01,70,46572,卖盘
16,09:30:55,6.64,-0.01,18,11957,买盘
17,09:30:58,6.65,0.01,12,7980,买盘
18,09:31:04,6.64,-0.01,1,664,卖盘
19,09:31:06,6.64,0.0,24,15959,卖盘
20,09:31:10,6.64,0.0,49,32536,卖盘
21,09:31:13,6.65,0.01,240,159560,买盘
22,09:31:16,6.63,-0.02,130,86215,卖盘
23,09:31:19,6.64,0.01,5,3320,卖盘
24,09:31:22,6.64,0.0,10,6640,卖盘
25,09:31:25,6.64,0.0,51,33907,卖盘
26,09:31:28,6.64,0.0,15,9960,卖盘
27,09:31:31,6.65,0.01,217,144305,买盘
28,09:31:34,6.65,0.0,125,83115,买盘
29,09:31:37,6.65,0.0,30,19950,卖盘
30,09:31:43,6.65,0.0,31,20615,卖盘
31,09:31:46,6.65,0.0,181,120527,卖盘
32,09:31:49,6.66,0.01,116,77238,买盘
33,09:31:52,6.66,0.0,20,13320,买盘
34,09:31:55,6.66,0.0,10,6660,买盘
35,09:31:58,6.66,0.0,59,39294,买盘
36,09:32:01,6.66,0.0,61,40626,买盘
37,09:32:04,6.65,-0.01,336,223452,卖盘
38,09:32:07,6.65,0.0,13,8645,买盘
39,09:32:10,6.66,0.01,298,198325,买盘
40,09:32:13,6.66,0.0,4,2664,卖盘
41,09:32:16,6.66,0.0,50,33300,卖盘
42,09:32:25,6.66,0.0,113,75316,卖盘
43,09:32:28,6.67,0.01,4,2668,买盘
44,09:32:31,6.66,-0.01,95,63335,卖盘
45,09:32:34,6.66,0.0,238,158621,卖盘
46,09:32:37,6.66,0.0,40,26649,卖盘
47,09:32:40,6.67,0.01,33,22011,中性盘
48,09:32:46,6.66,-0.01,100,66687,卖盘
49,09:32:49,6.67,0.01,132,88172,卖盘
50,09:32:52,6.68,0.01,10,6680,买盘
51,09:32:58,6.69,0.01,296,197737,买盘
52,09:33:01,6.68,-0.01,44,29392,卖盘
53,09:33:07,6.68,0.0,122,81616,卖盘
54,09:33:10,6.69,0.01,96,64219,买盘
55,09:33:13,6.69,0.0,161,107609,买盘
56,09:33:16,6.69,0.0,138,92309,买盘
57,09:33:19,6.68,-0.01,76,50802,卖盘
58,09:33:22,6.69,0.01,146,97606,买盘
59,09:33:25,6.69,0.0,46,30774,买盘
60,09:33:27,6.69,0.0,1,669,买盘
61,09:33:31,6.67,-0.02,71,47426,卖盘
62,09:33:34,6.67,0.0,62,41380,卖盘
63,09:33:37,6.67,0.0,44,29348,卖盘
64,09:33:40,6.68,0.01,84,56058,买盘
65,09:33:43,6.68,0.0,27,18036,买盘
66,09:33:46,6.69,0.01,173,115683,买盘
67,09:33:49,6.68,-0.01,9,6009,买盘
68,09:33:52,6.68,0.0,8,5344,买盘
69,09:33:55,6.68,0.0,5,3340,买盘
70,09:33:58,6.69,0.01,79,52789,买盘
71,09:34:01,6.68,-0.01,123,82162,中性盘
72,09:34:04,6.68,0.0,89,59475,中性盘
73,09:34:07,6.68,0.0,111,74111,卖盘
74,09:34:10,6.69,0.01,73,48767,买盘
75,09:34:13,6.68,-0.01,55,36756,卖盘
76,09:34:16,6.68,0.0,139,92857,卖盘
77,09:34:19,6.69,0.01,209,139821,买盘
78,09:34:22,6.68,-0.01,209,139621,卖盘
79,09:34:25,6.68,0.0,62,41416,卖盘
80,09:34:28,6.68,0.0,11,7348,买盘
81,09:34:31,6.68,0.0,11,7348,买盘
82,09:34:33,6.68,0.0,12,8016,买盘
83,09:34:37,6.68,0.0,197,131596,买盘
84,09:34:40,6.68,0.0,20,13360,买盘
85,09:34:43,6.68,0.0,290,193670,买盘
86,09:34:46,6.68,0.0,30,20040,卖盘
87,09:34:49,6.69,0.01,71,47499,买盘
88,09:34:52,6.69,0.0,173,115602,买盘
89,09:34:55,6.69,0.0,33,22077,买盘
90,09:34:58,6.68,-0.01,378,252683,卖盘
91,09:35:01,6.69,0.01,141,94328,买盘
92,09:35:07,6.7,0.01,86,57620,买盘
93,09:35:09,6.7,0.0,49,32779,买盘
94,09:35:13,6.69,-0.01,188,125796,中性盘
95,09:35:16,6.68,-0.01,67,44788,卖盘
96,09:35:18,6.69,0.01,172,115148,买盘
97,09:35:22,6.7,0.01,37,24766,买盘
98,09:35:25,6.68,-0.02,63,42118,卖盘
99,09:35:28,6.69,0.01,108,72264,买盘
100,09:35:31,6.69,0.0,231,154539,卖盘
101,09:35:34,6.69,0.0,108,72252,买盘
102,09:35:37,6.69,0.0,45,30105,买盘
103,09:35:40,6.69,0.0,49,32781,买盘
104,09:35:43,6.69,0.0,116,77572,买盘
105,09:35:45,6.7,0.01,11,7370,买盘
106,09:35:49,6.7,0.0,32,21440,买盘
107,09:35:52,6.69,-0.01,88,58893,卖盘
108,09:35:54,6.69,0.0,213,142567,卖盘
109,09:35:58,6.7,0.01,113,75700,买盘
110,09:36:01,6.71,0.01,103,69113,买盘
111,09:36:04,6.69,-0.02,333,222967,卖盘
112,09:36:07,6.72,0.03,92,61756,买盘
113,09:36:13,6.72,0.0,119,79968,买盘
114,09:36:16,6.72,0.0,123,82666,卖盘
115,09:36:18,6.72,0.0,34,22848,买盘
116,09:36:22,6.72,0.0,432,290304,买盘
117,09:36:24,6.72,0.0,63,42336,买盘
118,09:36:27,6.71,-0.01,79,53062,卖盘
119,09:36:31,6.7,-0.01,294,196980,卖盘
120,09:36:34,6.71,0.01,120,80467,买盘
121,09:36:36,6.72,0.01,68,45667,买盘
122,09:36:40,6.73,0.01,190,127683,买盘
123,09:36:43,6.73,0.0,22,14782,买盘
124,09:36:46,6.71,-0.02,158,106171,卖盘
125,09:36:49,6.72,0.01,168,112896,买盘
126,09:36:52,6.72,0.0,395,265710,买盘
127,09:36:54,6.72,0.0,82,55084,买盘
128,09:36:58,6.73,0.01,278,186882,买盘
129,09:37:01,6.73,0.0,159,107019,卖盘
130,09:37:04,6.74,0.01,236,158962,买盘
131,09:37:06,6.74,0.0,315,212305,买盘
132,09:37:10,6.74,0.0,51,34374,买盘
133,09:37:12,6.74,0.0,384,259059,卖盘
134,09:37:16,6.75,0.01,263,177543,买盘
135,09:37:19,6.74,-0.01,313,211199,卖盘
136,09:37:22,6.76,0.02,67,45244,买盘
137,09:37:25,6.75,-0.01,95,64216,卖盘
138,09:37:28,6.76,0.01,82,55397,买盘
139,09:37:30,6.77,0.01,49,33129,买盘
140,09:37:34,6.76,-0.01,458,310086,卖盘
141,09:37:37,6.77,0.01,126,85342,买盘
142,09:37:40,6.77,0.0,125,84700,卖盘
143,09:37:43,6.79,0.02,69,46816,买盘
144,09:37:46,6.78,-0.01,172,116696,卖盘
145,09:37:49,6.79,0.01,95,64500,买盘
146,09:37:51,6.79,0.0,301,204271,买盘
147,09:37:55,6.79,0.0,491,333922,卖盘
148,09:37:58,6.79,0.0,96,65235,卖盘
149,09:38:01,6.82,0.03,473,322247,买盘
150,09:38:04,6.81,-0.01,381,259571,卖盘
151,09:38:07,6.81,0.0,380,258780,卖盘
152,09:38:10,6.82,0.01,149,101482,买盘
153,09:38:13,6.81,-0.01,71,48408,中性盘
154,09:38:16,6.82,0.01,222,151333,买盘
155,09:38:19,6.82,0.0,401,273279,买盘
156,09:38:22,6.81,-0.01,800,544809,卖盘
157,09:38:24,6.81,0.0,555,377789,买盘
158,09:38:28,6.8,-0.01,332,226218,卖盘
159,09:38:31,6.8,0.0,586,398648,买盘
160,09:38:34,6.8,0.0,254,172789,买盘
161,09:38:37,6.79,-0.01,1009,686782,卖盘
162,09:38:40,6.8,0.01,322,218449,买盘
163,09:38:43,6.8,0.0,461,313474,买盘
164,09:38:46,6.78,-0.02,202,137145,中性盘
165,09:38:49,6.76,-0.02,150,101643,卖盘
166,09:38:52,6.78,0.02,240,162969,中性盘
167,09:38:55,6.79,0.01,464,315242,买盘
168,09:38:58,6.78,-0.01,50,33925,中性盘
169,09:39:00,6.79,0.01,344,233362,买盘
170,09:39:05,6.78,-0.01,252,170708,中性盘
171,09:39:07,6.78,0.0,98,66379,买盘
172,09:39:10,6.77,-0.01,37,25049,买盘
173,09:39:13,6.76,-0.01,92,62257,卖盘
174,09:39:16,6.76,0.0,35,23697,卖盘
175,09:39:19,6.77,0.01,178,120501,买盘
176,09:39:22,6.76,-0.01,227,153575,卖盘
177,09:39:25,6.75,-0.01,211,142499,卖盘
178,09:39:28,6.76,0.01,143,96668,买盘
179,09:39:31,6.76,0.0,85,57460,买盘
180,09:39:34,6.76,0.0,79,53404,买盘
181,09:39:37,6.77,0.01,474,320829,买盘
182,09:39:40,6.76,-0.01,254,171704,卖盘
183,09:39:43,6.76,0.0,117,79157,卖盘
184,09:39:46,6.76,0.0,18,12172,卖盘
185,09:39:49,6.76,0.0,119,80494,卖盘
186,09:39:52,6.78,0.02,241,163110,买盘
187,09:39:55,6.76,-0.02,77,52059,卖盘
188,09:39:58,6.76,0.0,77,52028,买盘
189,09:40:01,6.76,0.0,216,145986,买盘
190,09:40:04,6.77,0.01,161,108834,买盘
191,09:40:07,6.76,-0.01,241,162807,卖盘
192,09:40:10,6.76,0.0,116,78455,卖盘
193,09:40:13,6.74,-0.02,203,137203,卖盘
194,09:40:16,6.76,0.02,28,18954,中性盘
195,09:40:19,6.77,0.01,26,17581,买盘
196,09:40:21,6.77,0.0,49,33163,买盘
197,09:40:24,6.77,0.0,280,189158,买盘
198,09:40:28,6.76,-0.01,223,150476,买盘
199,09:40:31,6.75,-0.01,34,22950,中性盘
200,09:40:34,6.76,0.01,161,108746,买盘
201,09:40:36,6.76,0.0,247,166972,买盘
202,09:40:40,6.74,-0.02,100,67485,卖盘
203,09:40:43,6.75,0.01,37,24975,买盘
204,09:40:46,6.75,0.0,20,13500,买盘
205,09:40:48,6.77,0.02,135,91183,买盘
206,09:40:52,6.76,-0.01,41,27716,卖盘
207,09:40:55,6.75,-0.01,57,38495,卖盘
208,09:40:58,6.76,0.01,143,96527,买盘
209,09:41:04,6.76,0.0,22,14871,买盘
210,09:41:06,6.76,0.0,1406,952426,买盘
211,09:41:10,6.76,0.0,63,42557,卖盘
212,09:41:13,6.76,0.0,8,5408,卖盘
213,09:41:19,6.78,0.02,503,341933,卖盘
214,09:41:22,6.8,0.02,29,19642,买盘
215,09:41:25,6.8,0.0,335,227643,买盘
216,09:41:28,6.8,0.0,5,3401,卖盘
217,09:41:31,6.8,0.0,14,9520,卖盘
218,09:41:33,6.82,0.02,306,208381,买盘
219,09:41:37,6.82,0.0,307,209116,买盘
220,09:41:40,6.82,0.0,231,157405,买盘
221,09:41:43,6.81,-0.01,163,111152,卖盘
222,09:41:46,6.82,0.01,670,457110,买盘
223,09:41:49,6.82,0.0,96,65527,卖盘
224,09:41:51,6.82,0.0,174,118806,卖盘
225,09:41:55,6.84,0.02,192,131139,买盘
226,09:41:58,6.84,0.0,213,145594,买盘
227,09:42:01,6.84,0.0,547,374071,买盘
228,09:42:04,6.84,0.0,580,396841,买盘
229,09:42:06,6.85,0.01,597,408746,买盘
230,09:42:10,6.84,-0.01,122,83464,卖盘
231,09:42:12,6.84,0.0,93,63689,卖盘
232,09:42:16,6.85,0.01,322,220632,买盘
233,09:42:19,6.85,0.0,775,531009,卖盘
234,09:42:22,6.85,0.0,262,179644,卖盘
235,09:42:24,6.86,0.01,233,159736,中性盘
236,09:42:27,6.87,0.01,150,103035,买盘
237,09:42:31,6.87,0.0,103,70761,买盘
238,09:42:34,6.87,0.0,180,123656,卖盘
239,09:42:37,6.88,0.01,199,136745,买盘
240,09:42:40,6.87,-0.01,247,169780,卖盘
241,09:42:43,6.86,-0.01,527,361675,卖盘
242,09:42:46,6.88,0.02,722,496277,买盘
243,09:42:49,6.88,0.0,1269,869822,买盘
244,09:42:52,6.85,-0.03,393,269734,卖盘
245,09:42:55,6.87,0.02,927,636250,买盘
246,09:42:57,6.85,-0.02,356,244386,卖盘
247,09:43:01,6.87,0.02,423,289868,买盘
248,09:43:04,6.85,-0.02,266,182425,中性盘
249,09:43:06,6.85,0.0,322,220423,买盘
250,09:43:10,6.8,-0.05,676,461529,卖盘
251,09:43:13,6.84,0.04,557,381384,卖盘
252,09:43:16,6.84,0.0,448,304790,买盘
253,09:43:19,6.8,-0.04,413,281888,卖盘
254,09:43:22,6.8,0.0,154,104720,买盘
255,09:43:25,6.78,-0.02,13,8824,卖盘
256,09:43:28,6.8,0.02,164,111443,买盘
257,09:43:30,6.81,0.01,224,152254,买盘
258,09:43:34,6.8,-0.01,7,4762,卖盘
259,09:43:37,6.8,0.0,140,95205,卖盘
260,09:43:40,6.81,0.01,256,174263,买盘
261,09:43:43,6.81,0.0,174,118518,卖盘
262,09:43:46,6.81,0.0,300,204300,卖盘
263,09:43:49,6.81,0.0,13,8864,卖盘
264,09:43:52,6.83,0.02,129,88008,买盘
265,09:43:55,6.84,0.01,224,152999,买盘
266,09:43:57,6.83,-0.01,39,26637,卖盘
267,09:44:01,6.83,0.0,110,75140,卖盘
268,09:44:04,6.84,0.01,189,129253,买盘
269,09:44:07,6.84,0.0,507,346329,买盘
270,09:44:10,6.84,0.0,388,265339,买盘
271,09:44:13,6.84,0.0,47,32156,买盘
272,09:44:16,6.84,0.0,943,645621,卖盘
273,09:44:19,6.85,0.01,56,38335,买盘
274,09:44:22,6.85,0.0,259,177291,买盘
275,09:44:25,6.85,0.0,280,191800,买盘
276,09:44:27,6.85,0.0,1233,844679,卖盘
277,09:44:31,6.86,0.01,520,356660,买盘
278,09:44:33,6.85,-0.01,1452,995036,卖盘
279,09:44:37,6.85,0.0,262,179698,卖盘
280,09:44:40,6.86,0.01,298,204418,买盘
281,09:44:43,6.87,0.01,142,97464,买盘
282,09:44:46,6.86,-0.01,221,151696,卖盘
283,09:44:49,6.86,0.0,51,35003,卖盘
284,09:44:51,6.88,0.02,388,266527,买盘
285,09:44:54,6.87,-0.01,40,27507,卖盘
286,09:44:58,6.88,0.01,59,40592,买盘
287,09:45:00,6.89,0.01,263,180950,买盘
288,09:45:04,6.89,0.0,36,24804,买盘
289,09:45:07,6.88,-0.01,456,314130,卖盘
290,09:45:10,6.89,0.01,233,160501,买盘
291,09:45:13,6.89,0.0,151,104068,买盘
292,09:45:16,6.9,0.01,66,45477,买盘
293,09:45:18,6.9,0.0,207,142747,买盘
294,09:45:22,6.91,0.01,335,231120,买盘
295,09:45:25,6.91,0.0,141,97273,买盘
296,09:45:28,6.95,0.04,1388,960101,买盘
297,09:45:31,6.88,-0.07,1203,828648,卖盘
298,09:45:34,6.92,0.04,65,44874,买盘
299,09:45:37,6.95,0.03,456,316246,买盘
300,09:45:40,6.93,-0.02,252,174271,卖盘
301,09:45:43,6.91,-0.02,239,165517,卖盘
302,09:45:46,6.9,-0.01,334,230777,卖盘
303,09:45:48,6.93,0.03,508,352031,买盘
304,09:45:52,6.93,0.0,640,443901,卖盘
305,09:45:54,6.93,0.0,750,519952,卖盘
306,09:45:58,6.9,-0.03,315,217903,卖盘
307,09:46:01,6.93,0.03,216,149380,买盘
308,09:46:04,6.9,-0.03,114,78954,卖盘
309,09:46:07,6.9,0.0,312,215888,卖盘
310,09:46:10,6.89,-0.01,210,145049,卖盘
311,09:46:13,6.9,0.01,252,174118,卖盘
312,09:46:16,6.88,-0.02,387,266721,卖盘
313,09:46:18,6.9,0.02,343,236533,中性盘
314,09:46:22,6.87,-0.03,277,190526,卖盘
315,09:46:25,6.88,0.01,103,70868,中性盘
316,09:46:28,6.87,-0.01,248,170593,卖盘
317,09:46:31,6.88,0.01,204,140442,中性盘
318,09:46:34,6.88,0.0,99,68112,卖盘
319,09:46:36,6.89,0.01,145,99837,买盘
320,09:46:40,6.87,-0.02,85,58473,卖盘
321,09:46:43,6.87,0.0,309,212283,卖盘
322,09:46:46,6.88,0.01,285,195883,买盘
323,09:46:49,6.88,0.0,371,255010,买盘
324,09:46:52,6.87,-0.01,48,32978,卖盘
325,09:46:55,6.89,0.02,153,105241,买盘
326,09:46:58,6.88,-0.01,100,68800,中性盘
327,09:47:01,6.88,0.0,10,6880,卖盘
328,09:47:04,6.89,0.01,85,58495,买盘
329,09:47:07,6.89,0.0,77,53006,买盘
330,09:47:10,6.9,0.01,436,300424,买盘
331,09:47:13,6.89,-0.01,94,64687,中性盘
332,09:47:16,6.89,0.0,27,18603,卖盘
333,09:47:19,6.88,-0.01,995,684998,卖盘
334,09:47:22,6.88,0.0,152,104576,买盘
335,09:47:25,6.87,-0.01,169,116230,卖盘
336,09:47:28,6.87,0.0,426,292771,卖盘
337,09:47:31,6.87,0.0,122,83855,买盘
338,09:47:34,6.86,-0.01,150,103009,卖盘
339,09:47:37,6.86,0.0,50,34340,卖盘
340,09:47:40,6.86,0.0,10,6860,卖盘
341,09:47:43,6.86,0.0,48,32928,卖盘
342,09:47:46,6.86,0.0,21,14406,买盘
343,09:47:49,6.86,0.0,55,37700,买盘
344,09:47:52,6.85,-0.01,3,2055,卖盘
345,09:47:55,6.85,0.0,14,9602,卖盘
346,09:47:58,6.85,0.0,193,132205,卖盘
347,09:48:00,6.85,0.0,529,361827,买盘
348,09:48:04,6.85,0.0,144,98637,买盘
349,09:48:06,6.85,0.0,41,28073,买盘
350,09:48:10,6.82,-0.03,60,41041,卖盘
351,09:48:16,6.84,0.02,33,22570,买盘
352,09:48:19,6.83,-0.01,11,7513,卖盘
353,09:48:22,6.83,0.0,7,4783,卖盘
354,09:48:25,6.85,0.02,141,96452,买盘
355,09:48:28,6.83,-0.02,89,60859,卖盘
356,09:48:31,6.84,0.01,130,88950,中性盘
357,09:48:34,6.83,-0.01,194,132689,卖盘
358,09:48:37,6.83,0.0,245,167345,卖盘
359,09:48:40,6.83,0.0,129,88107,买盘
360,09:48:43,6.83,0.0,121,82626,买盘
361,09:48:46,6.84,0.01,62,42404,买盘
362,09:48:49,6.84,0.0,21,14361,买盘
363,09:48:52,6.83,-0.01,95,64889,卖盘
364,09:48:55,6.84,0.01,22,15048,买盘
365,09:48:58,6.84,0.0,1,684,买盘
366,09:49:01,6.84,0.0,108,73798,买盘
367,09:49:04,6.84,0.0,261,178370,买盘
368,09:49:07,6.84,0.0,70,47880,卖盘
369,09:49:10,6.84,0.0,4,2736,卖盘
370,09:49:13,6.86,0.02,272,186256,买盘
371,09:49:16,6.84,-0.02,15,10266,卖盘
372,09:49:19,6.85,0.01,16,10960,卖盘
373,09:49:22,6.85,0.0,27,18495,卖盘
374,09:49:25,6.85,0.0,61,41829,卖盘
375,09:49:28,6.85,0.0,42,28794,卖盘
376,09:49:31,6.85,0.0,60,41131,卖盘
377,09:49:34,6.86,0.01,318,218141,买盘
378,09:49:37,6.86,0.0,57,39113,卖盘
379,09:49:40,6.86,0.0,27,18522,卖盘
380,09:49:43,6.86,0.0,132,90621,卖盘
381,09:49:46,6.86,0.0,89,61104,卖盘
382,09:49:49,6.87,0.01,111,76185,买盘
383,09:49:52,6.86,-0.01,103,70662,卖盘
384,09:49:55,6.87,0.01,242,166204,买盘
385,09:49:58,6.86,-0.01,470,322636,卖盘
386,09:50:01,6.86,0.0,217,148698,买盘
387,09:50:04,6.87,0.01,135,92653,买盘
388,09:50:07,6.87,0.0,34,23358,卖盘
389,09:50:10,6.86,-0.01,286,196447,卖盘
390,09:50:13,6.85,-0.01,104,71380,卖盘
391,09:50:16,6.87,0.02,153,104969,买盘
392,09:50:18,6.87,0.0,70,47977,买盘
393,09:50:22,6.86,-0.01,118,80833,中性盘
394,09:50:25,6.86,0.0,87,59616,买盘
395,09:50:27,6.85,-0.01,95,65099,中性盘
396,09:50:31,6.86,0.01,155,106327,买盘
397,09:50:34,6.85,-0.01,131,89745,卖盘
398,09:50:37,6.84,-0.01,97,66416,卖盘
399,09:50:40,6.84,0.0,88,60260,卖盘
400,09:50:43,6.84,0.0,207,141690,卖盘
401,09:50:46,6.84,0.0,43,29424,卖盘
402,09:50:49,6.84,0.0,16,10944,卖盘
403,09:50:52,6.84,0.0,186,127224,卖盘
404,09:50:55,6.84,0.0,19,12996,卖盘
405,09:50:58,6.85,0.01,324,221677,买盘
406,09:51:01,6.84,-0.01,9,6156,买盘
407,09:51:04,6.84,0.0,53,36236,买盘
408,09:51:07,6.83,-0.01,392,267956,卖盘
409,09:51:10,6.83,0.0,62,42346,卖盘
410,09:51:13,6.83,0.0,96,65614,卖盘
411,09:51:16,6.84,0.01,359,245389,买盘
412,09:51:19,6.83,-0.01,292,199447,卖盘
413,09:51:22,6.83,0.0,109,74447,卖盘
414,09:51:25,6.83,0.0,101,68964,买盘
415,09:51:28,6.83,0.0,160,109280,买盘
416,09:51:31,6.83,0.0,11,7513,买盘
417,09:51:34,6.82,-0.01,365,248930,卖盘
418,09:51:37,6.83,0.01,39,26600,买盘
419,09:51:40,6.83,0.0,242,165169,买盘
420,09:51:43,6.82,-0.01,401,273849,买盘
421,09:51:46,6.81,-0.01,229,156046,卖盘
422,09:51:49,6.82,0.01,231,157514,买盘
423,09:51:52,6.81,-0.01,282,192042,卖盘
424,09:51:55,6.82,0.01,529,360257,买盘
425,09:51:58,6.81,-0.01,325,221458,卖盘
426,09:52:01,6.82,0.01,161,109757,买盘
427,09:52:04,6.8,-0.02,108,73493,卖盘
428,09:52:07,6.81,0.01,161,109520,买盘
429,09:52:10,6.81,0.0,108,73526,买盘
430,09:52:13,6.82,0.01,389,265039,买盘
431,09:52:16,6.82,0.0,155,105710,卖盘
432,09:52:19,6.82,0.0,47,32054,卖盘
433,09:52:22,6.82,0.0,2,1364,卖盘
434,09:52:25,6.82,0.0,23,15688,卖盘
435,09:52:28,6.82,0.0,18,12279,卖盘
436,09:52:31,6.83,0.01,160,109275,买盘
437,09:52:34,6.83,0.0,32,21836,买盘
438,09:52:36,6.83,0.0,18,12288,买盘
439,09:52:43,6.83,0.0,158,107914,卖盘
440,09:52:51,6.84,0.01,15,10260,买盘
441,09:52:55,6.84,0.0,60,41040,买盘
442,09:53:01,6.84,0.0,81,55404,买盘
443,09:53:04,6.83,-0.01,108,73819,卖盘
444,09:53:07,6.84,0.01,32,21885,买盘
445,09:53:10,6.84,0.0,172,117648,买盘
446,09:53:13,6.84,0.0,84,57456,卖盘
447,09:53:16,6.85,0.01,66,45164,买盘
448,09:53:18,6.84,-0.01,14,9576,卖盘
449,09:53:21,6.85,0.01,29,19844,买盘
450,09:53:25,6.85,0.0,99,67755,买盘
451,09:53:28,6.85,0.0,99,67724,买盘
452,09:53:31,6.84,-0.01,281,192336,卖盘
453,09:53:34,6.85,0.01,288,197270,买盘
454,09:53:37,6.85,0.0,107,73295,买盘
455,09:53:40,6.85,0.0,130,89020,买盘
456,09:53:43,6.84,-0.01,134,91745,卖盘
457,09:53:46,6.85,0.01,62,42466,买盘
458,09:53:48,6.85,0.0,145,99325,买盘
459,09:53:52,6.86,0.01,96,65825,买盘
460,09:53:54,6.86,0.0,17,11662,买盘
461,09:54:01,6.86,0.0,75,51450,卖盘
462,09:54:04,6.85,-0.01,38,26058,卖盘
463,09:54:07,6.86,0.01,298,204428,买盘
464,09:54:13,6.86,0.0,30,20560,买盘
465,09:54:16,6.85,-0.01,259,177415,卖盘
466,09:54:18,6.85,0.0,8,5480,买盘
467,09:54:21,6.84,-0.01,84,57510,卖盘
468,09:54:25,6.85,0.01,130,89045,买盘
469,09:54:28,6.84,-0.01,68,46512,卖盘
470,09:54:30,6.84,0.0,142,97633,卖盘
471,09:54:34,6.85,0.01,88,59815,买盘
472,09:54:37,6.84,-0.01,22,15048,买盘
473,09:54:40,6.83,-0.01,57,38983,卖盘
474,09:54:42,6.84,0.01,40,27360,买盘
475,09:54:46,6.83,-0.01,50,34180,卖盘
476,09:54:49,6.83,0.0,136,92923,卖盘
477,09:54:52,6.83,0.0,64,43712,卖盘
478,09:54:55,6.84,0.01,142,97086,买盘
479,09:54:57,6.83,-0.01,68,46444,卖盘
480,09:55:01,6.83,0.0,31,21173,卖盘
481,09:55:04,6.83,0.0,34,23222,买盘
482,09:55:10,6.83,0.0,20,13660,买盘
483,09:55:13,6.83,0.0,13,8879,买盘
484,09:55:16,6.83,0.0,93,63519,买盘
485,09:55:19,6.84,0.01,17,11614,买盘
486,09:55:22,6.83,-0.01,17,11611,卖盘
487,09:55:25,6.82,-0.01,137,93497,卖盘
488,09:55:28,6.83,0.01,14,9562,中性盘
489,09:55:31,6.83,0.0,73,49859,买盘
490,09:55:34,6.83,0.0,2,1366,买盘
491,09:55:37,6.84,0.01,126,86356,买盘
492,09:55:40,6.84,0.0,106,72306,卖盘
493,09:55:43,6.85,0.01,129,88325,买盘
494,09:55:46,6.84,-0.01,4,2736,中性盘
495,09:55:52,6.84,0.0,218,149157,买盘
496,09:55:55,6.84,0.0,94,64267,卖盘
497,09:55:58,6.84,0.0,13,8887,买盘
498,09:56:01,6.84,0.0,92,62928,买盘
499,09:56:04,6.84,0.0,14,9576,买盘
500,09:56:07,6.83,-0.01,46,31454,卖盘
501,09:56:10,6.84,0.01,55,37606,买盘
502,09:56:12,6.83,-0.01,18,12305,卖盘
503,09:56:16,6.84,0.01,30,20520,买盘
504,09:56:19,6.83,-0.01,184,125839,卖盘
505,09:56:22,6.84,0.01,14,9565,买盘
506,09:56:25,6.84,0.0,18,12312,买盘
507,09:56:28,6.83,-0.01,8,5464,卖盘
508,09:56:30,6.84,0.01,60,41030,买盘
509,09:56:33,6.83,-0.01,33,22539,卖盘
510,09:56:37,6.83,0.0,91,62172,卖盘
511,09:56:40,6.83,0.0,20,13660,卖盘
512,09:56:43,6.84,0.01,4,2735,买盘
513,09:56:46,6.83,-0.01,136,92988,卖盘
514,09:56:48,6.83,0.0,70,47850,卖盘
515,09:56:52,6.83,0.0,37,25271,卖盘
516,09:56:57,6.83,0.0,65,44395,卖盘
517,09:57:04,6.83,0.0,163,111329,卖盘
518,09:57:10,6.83,0.0,79,53957,买盘
519,09:57:13,6.83,0.0,40,27320,买盘
520,09:57:16,6.83,0.0,25,17075,买盘
521,09:57:19,6.83,0.0,106,72398,买盘
522,09:57:22,6.83,0.0,89,60787,买盘
523,09:57:25,6.84,0.01,54,36892,买盘
524,09:57:28,6.83,-0.01,9,6147,卖盘
525,09:57:31,6.83,0.0,60,40980,卖盘
526,09:57:36,6.83,0.0,18,12304,卖盘
527,09:57:40,6.84,0.01,40,27360,买盘
528,09:57:43,6.83,-0.01,35,23924,卖盘
529,09:57:46,6.84,0.01,10,6840,买盘
530,09:57:49,6.83,-0.01,190,129930,卖盘
531,09:57:52,6.83,0.0,680,465284,买盘
532,09:57:57,6.84,0.01,18,12312,卖盘
533,09:58:00,6.84,0.0,13,8892,卖盘
534,09:58:04,6.85,0.01,25,17118,买盘
535,09:58:06,6.84,-0.01,79,54096,卖盘
536,09:58:10,6.85,0.01,10,6850,买盘
537,09:58:13,6.84,-0.01,109,74596,卖盘
538,09:58:16,6.85,0.01,9,6165,买盘
539,09:58:19,6.85,0.0,6,4110,买盘
540,09:58:22,6.85,0.0,10,6845,买盘
541,09:58:25,6.85,0.0,135,92405,买盘
542,09:58:28,6.85,0.0,6,4110,买盘
543,09:58:33,6.85,0.0,30,20550,卖盘
544,09:58:37,6.86,0.01,126,86410,买盘
545,09:58:40,6.86,0.0,69,47305,买盘
546,09:58:43,6.87,0.01,102,70014,买盘
547,09:58:46,6.85,-0.02,2,1370,卖盘
548,09:58:52,6.86,0.01,38,26093,卖盘
549,09:58:55,6.88,0.02,31,21313,买盘
550,09:59:01,6.87,-0.01,13,8931,卖盘
551,09:59:04,6.88,0.01,161,110768,买盘
552,09:59:06,6.88,0.0,87,59856,买盘
553,09:59:09,6.88,0.0,40,27516,买盘
554,09:59:13,6.89,0.01,208,143154,买盘
555,09:59:16,6.87,-0.02,303,208170,卖盘
556,09:59:19,6.88,0.01,59,40581,买盘
557,09:59:22,6.88,0.0,114,78536,卖盘
558,09:59:25,6.87,-0.01,20,13740,中性盘
559,09:59:28,6.88,0.01,55,37800,买盘
560,09:59:31,6.88,0.0,5,3440,卖盘
561,09:59:33,6.88,0.0,6,4128,卖盘
562,09:59:37,6.89,0.01,92,63358,买盘
563,09:59:40,6.89,0.0,41,28211,买盘
564,09:59:43,6.87,-0.02,133,91524,卖盘
565,09:59:46,6.88,0.01,204,140394,买盘
566,09:59:49,6.88,0.0,268,184633,卖盘
567,09:59:51,6.88,0.0,20,13760,卖盘
568,09:59:55,6.88,0.0,10,6880,卖盘
569,09:59:58,6.88,0.0,318,219037,卖盘
570,10:00:01,6.89,0.01,70,48230,买盘
571,10:00:04,6.88,-0.01,40,27520,卖盘
572,10:00:07,6.89,0.01,88,60606,买盘
573,10:00:10,6.88,-0.01,158,108816,卖盘
574,10:00:13,6.88,0.0,105,72342,卖盘
575,10:00:15,6.89,0.01,10,6890,买盘
576,10:00:19,6.88,-0.01,58,39922,卖盘
577,10:00:22,6.88,0.0,53,36464,卖盘
578,10:00:25,6.89,0.01,171,117819,买盘
579,10:00:28,6.89,0.0,25,17225,买盘
580,10:00:31,6.88,-0.01,12,8256,卖盘
581,10:00:33,6.89,0.01,459,316251,买盘
582,10:00:37,6.9,0.01,16,11030,买盘
583,10:00:40,6.89,-0.01,45,31019,卖盘
584,10:00:43,6.89,0.0,242,166738,卖盘
585,10:00:46,6.9,0.01,251,172976,买盘
586,10:00:49,6.9,0.0,3,2070,买盘
587,10:00:52,6.89,-0.01,11,7579,卖盘
588,10:00:55,6.89,0.0,40,27560,卖盘
589,10:00:58,6.9,0.01,510,351895,买盘
590,10:01:01,6.9,0.0,1155,798103,买盘
591,10:01:04,6.89,-0.01,195,134413,卖盘
592,10:01:07,6.9,0.01,187,128956,买盘
593,10:01:13,6.93,0.03,140,97020,买盘
594,10:01:16,6.93,0.0,50,34608,买盘
595,10:01:19,6.92,-0.01,177,122590,卖盘
596,10:01:21,6.92,0.0,261,180540,买盘
597,10:01:25,6.92,0.0,307,212712,买盘
598,10:01:28,6.92,0.0,42,29064,买盘
599,10:01:31,6.92,0.0,115,79640,买盘
600,10:01:34,6.92,0.0,354,245557,卖盘
601,10:01:37,6.93,0.01,67,46479,中性盘
602,10:01:40,6.94,0.01,221,153169,买盘
603,10:01:43,6.94,0.0,82,56814,买盘
604,10:01:46,6.95,0.01,114,79067,买盘
605,10:01:49,6.94,-0.01,95,65906,卖盘
606,10:01:52,6.94,0.0,111,77037,卖盘
607,10:01:55,6.95,0.01,84,58346,买盘
608,10:01:58,6.95,0.0,881,612028,买盘
609,10:02:01,6.94,-0.01,281,195183,卖盘
610,10:02:04,6.95,0.01,322,223617,买盘
611,10:02:06,6.95,0.0,865,601423,买盘
612,10:02:10,6.95,0.0,54,37550,卖盘
613,10:02:13,6.95,0.0,129,89680,卖盘
614,10:02:16,6.95,0.0,55,38227,卖盘
615,10:02:19,6.95,0.0,334,232330,卖盘
616,10:02:22,6.96,0.01,440,305853,卖盘
617,10:02:25,6.95,-0.01,272,189162,卖盘
618,10:02:28,6.95,0.0,188,130660,买盘
619,10:02:30,6.95,0.0,47,32664,买盘
620,10:02:34,6.95,0.0,31,21542,买盘
621,10:02:37,6.94,-0.01,338,234715,卖盘
622,10:02:40,6.94,0.0,160,110780,卖盘
623,10:02:43,6.94,0.0,67,46448,买盘
624,10:02:46,6.93,-0.01,221,153452,卖盘
625,10:02:49,6.92,-0.01,105,72908,卖盘
626,10:02:52,6.92,0.0,15,10385,卖盘
627,10:02:55,6.92,0.0,122,84436,卖盘
628,10:02:57,6.92,0.0,211,146086,买盘
629,10:03:01,6.91,-0.01,227,157225,卖盘
630,10:03:04,6.91,0.0,193,133364,卖盘
631,10:03:07,6.91,0.0,22,15201,买盘
632,10:03:10,6.91,0.0,34,23494,买盘
633,10:03:13,6.9,-0.01,92,63487,卖盘
634,10:03:16,6.89,-0.01,5,3445,卖盘
635,10:03:19,6.9,0.01,60,41400,买盘
636,10:03:25,6.89,-0.01,77,53053,卖盘
637,10:03:28,6.89,0.0,41,28249,买盘
638,10:03:31,6.89,0.0,181,124629,买盘
639,10:03:33,6.89,0.0,6,4136,卖盘
640,10:03:36,6.89,0.0,65,44785,卖盘
641,10:03:40,6.88,-0.01,14,9636,卖盘
642,10:03:43,6.89,0.01,193,132977,买盘
643,10:03:46,6.89,0.0,24,16532,买盘
644,10:03:49,6.88,-0.01,138,94945,卖盘
645,10:03:52,6.88,0.0,395,271960,卖盘
646,10:03:55,6.89,0.01,156,107484,卖盘
647,10:03:58,6.89,0.0,86,59249,买盘
648,10:04:01,6.9,0.01,203,139892,买盘
649,10:04:04,6.89,-0.01,5,3445,卖盘
650,10:04:06,6.89,0.0,15,10335,卖盘
651,10:04:10,6.9,0.01,35,24150,买盘
652,10:04:13,6.89,-0.01,138,95093,卖盘
653,10:04:16,6.89,0.0,109,75101,买盘
654,10:04:19,6.89,0.0,78,53752,卖盘
655,10:04:21,6.89,0.0,4,2756,卖盘
656,10:04:25,6.89,0.0,12,8268,卖盘
657,10:04:28,6.9,0.01,20,13800,买盘
658,10:04:31,6.89,-0.01,92,63388,卖盘
659,10:04:34,6.9,0.01,58,40020,买盘
660,10:04:37,6.89,-0.01,103,71020,卖盘
661,10:04:40,6.9,0.01,164,113146,买盘
662,10:04:42,6.9,0.0,22,15187,买盘
663,10:04:45,6.9,0.0,39,26938,卖盘
664,10:04:48,6.9,0.0,16,11040,卖盘
665,10:04:52,6.9,0.0,274,188952,卖盘
666,10:04:55,6.92,0.02,188,129941,买盘
667,10:04:58,6.92,0.0,50,34600,买盘
668,10:05:01,6.92,0.0,3,2076,买盘
669,10:05:04,6.9,-0.02,81,55917,卖盘
670,10:05:06,6.91,0.01,14,9674,买盘
671,10:05:13,6.91,0.0,114,78724,买盘
672,10:05:19,6.92,0.01,98,67771,买盘
673,10:05:22,6.9,-0.02,13,8973,卖盘
674,10:05:25,6.9,0.0,124,85731,卖盘
675,10:05:28,6.91,0.01,72,49750,买盘
676,10:05:37,6.9,-0.01,40,27625,卖盘
677,10:05:39,6.9,0.0,109,75225,卖盘
678,10:05:42,6.91,0.01,78,53859,买盘
679,10:05:46,6.89,-0.02,221,152311,卖盘
680,10:05:49,6.9,0.01,20,13800,中性盘
681,10:05:52,6.91,0.01,57,39319,买盘
682,10:05:55,6.89,-0.02,15,10335,卖盘
683,10:05:58,6.9,0.01,50,34500,买盘
684,10:06:01,6.91,0.01,13,8983,买盘
685,10:06:04,6.91,0.0,29,20024,买盘
686,10:06:13,6.92,0.01,824,569968,买盘
687,10:06:16,6.92,0.0,137,94804,卖盘
688,10:06:19,6.9,-0.02,138,95443,卖盘
689,10:06:21,6.9,0.0,5,3450,卖盘
690,10:06:24,6.93,0.03,29,20060,买盘
691,10:06:27,6.92,-0.01,15,10380,中性盘
692,10:06:31,6.92,0.0,13,8996,买盘
693,10:06:34,6.92,0.0,5,3460,买盘
694,10:06:40,6.92,0.0,12,8304,买盘
695,10:06:43,6.91,-0.01,22,15210,卖盘
696,10:06:46,6.91,0.0,33,22808,买盘
697,10:06:49,6.92,0.01,78,53940,买盘
698,10:06:52,6.92,0.0,58,40086,买盘
699,10:06:55,6.91,-0.01,24,16563,中性盘
700,10:06:58,6.91,0.0,52,35932,买盘
701,10:07:01,6.91,0.0,53,36626,买盘
702,10:07:04,6.91,0.0,5,3455,卖盘
703,10:07:07,6.9,-0.01,61,42148,卖盘
704,10:07:13,6.91,0.01,15,10365,买盘
705,10:07:16,6.91,0.0,58,40075,买盘
706,10:07:18,6.91,0.0,30,20715,买盘
707,10:07:22,6.91,0.0,62,42790,买盘
708,10:07:25,6.91,0.0,54,37314,买盘
709,10:07:28,6.91,0.0,101,69791,买盘
710,10:07:31,6.91,0.0,194,134039,买盘
711,10:07:33,6.91,0.0,5,3455,卖盘
712,10:07:36,6.9,-0.01,38,26233,卖盘
713,10:07:40,6.91,0.01,198,136796,卖盘
714,10:07:43,6.91,0.0,16,11056,卖盘
715,10:07:48,6.91,0.0,13,8973,买盘
716,10:07:55,6.91,0.0,54,37264,买盘
717,10:07:57,6.91,0.0,2,1382,买盘
718,10:08:04,6.9,-0.01,142,98060,卖盘
719,10:08:07,6.91,0.01,48,33130,买盘
720,10:08:13,6.9,-0.01,190,130796,卖盘
721,10:08:16,6.9,0.0,2,1380,买盘
722,10:08:21,6.89,-0.01,36,24825,卖盘
723,10:08:25,6.9,0.01,17,11720,买盘
724,10:08:28,6.9,0.0,3,2070,买盘
725,10:08:31,6.9,0.0,28,19318,买盘
726,10:08:34,6.89,-0.01,145,100030,卖盘
727,10:08:37,6.89,0.0,19,13091,卖盘
728,10:08:42,6.9,0.01,59,40656,买盘
729,10:08:46,6.9,0.0,30,20700,买盘
730,10:08:49,6.9,0.0,36,24810,买盘
731,10:08:52,6.9,0.0,114,78634,买盘
732,10:08:55,6.89,-0.01,5,3445,中性盘
733,10:08:58,6.89,0.0,20,13780,卖盘
734,10:09:01,6.88,-0.01,85,58517,卖盘
735,10:09:04,6.9,0.02,40,27569,买盘
736,10:09:07,6.89,-0.01,19,13091,卖盘
737,10:09:10,6.89,0.0,5,3445,买盘
738,10:09:22,6.88,-0.01,47,32336,卖盘
739,10:09:25,6.88,0.0,52,35776,卖盘
740,10:09:28,6.88,0.0,15,10320,卖盘
741,10:09:30,6.88,0.0,86,59182,卖盘
742,10:09:33,6.88,0.0,220,151360,卖盘
743,10:09:37,6.88,0.0,2,1376,卖盘
744,10:09:40,6.88,0.0,33,22704,卖盘
745,10:09:43,6.88,0.0,10,6880,买盘
746,10:09:46,6.88,0.0,10,6880,买盘
747,10:09:49,6.88,0.0,25,17200,买盘
748,10:09:52,6.87,-0.01,14,9628,卖盘
749,10:09:55,6.87,0.0,26,17862,卖盘
750,10:09:58,6.87,0.0,65,44705,卖盘
751,10:10:04,6.87,0.0,25,17175,卖盘
752,10:10:10,6.87,0.0,44,30228,卖盘
753,10:10:13,6.87,0.0,119,81798,卖盘
754,10:10:22,6.87,0.0,84,57712,卖盘
755,10:10:25,6.87,0.0,154,105818,买盘
756,10:10:28,6.87,0.0,7,4815,卖盘
757,10:10:31,6.87,0.0,113,77631,卖盘
758,10:10:39,6.87,0.0,91,62517,买盘
759,10:10:43,6.87,0.0,77,52946,卖盘
760,10:10:45,6.87,0.0,22,15114,卖盘
761,10:10:49,6.87,0.0,15,10305,卖盘
762,10:10:52,6.88,0.01,109,74970,买盘
763,10:10:58,6.88,0.0,25,17198,买盘
764,10:11:01,6.89,0.01,35,24115,买盘
765,10:11:04,6.88,-0.01,12,8256,卖盘
766,10:11:06,6.88,0.0,56,38528,卖盘
767,10:11:13,6.88,0.0,10,6880,卖盘
768,10:11:16,6.88,0.0,21,14448,卖盘
769,10:11:19,6.89,0.01,50,34450,买盘
770,10:11:22,6.88,-0.01,95,65364,卖盘
771,10:11:25,6.88,0.0,6,4128,卖盘
772,10:11:37,6.88,0.0,250,172026,卖盘
773,10:11:40,6.89,0.01,54,37183,买盘
774,10:11:43,6.87,-0.02,23,15817,卖盘
775,10:11:46,6.87,0.0,99,68013,卖盘
776,10:11:55,6.88,0.01,160,110070,买盘
777,10:11:58,6.88,0.0,7,4814,买盘
778,10:12:01,6.87,-0.01,47,32289,卖盘
779,10:12:04,6.87,0.0,62,42594,卖盘
780,10:12:07,6.87,0.0,14,9618,卖盘
781,10:12:10,6.88,0.01,21,14433,买盘
782,10:12:13,6.86,-0.02,153,105061,卖盘
783,10:12:19,6.87,0.01,1,687,买盘
784,10:12:24,6.87,0.0,196,134459,买盘
785,10:12:34,6.86,-0.01,23,15778,卖盘
786,10:12:37,6.87,0.01,410,281655,买盘
787,10:12:45,6.86,-0.01,35,24010,卖盘
788,10:12:52,6.86,0.0,219,150234,卖盘
789,10:12:55,6.85,-0.01,2,1370,卖盘
790,10:13:01,6.85,0.0,3,2056,卖盘
791,10:13:04,6.86,0.01,166,113784,买盘
792,10:13:07,6.86,0.0,60,41160,买盘
793,10:13:13,6.86,0.0,27,18522,卖盘
794,10:13:16,6.86,0.0,71,48706,卖盘
795,10:13:19,6.87,0.01,53,36340,买盘
796,10:13:22,6.86,-0.01,10,6860,卖盘
797,10:13:24,6.86,0.0,24,16475,卖盘
798,10:13:31,6.86,0.0,320,219694,卖盘
799,10:13:37,6.87,0.01,71,48746,买盘
800,10:13:40,6.87,0.0,4,2748,买盘
801,10:13:43,6.87,0.0,10,6870,买盘
802,10:13:46,6.87,0.0,24,16478,买盘
803,10:13:49,6.86,-0.01,292,200511,卖盘
804,10:13:55,6.87,0.01,31,21297,卖盘
805,10:13:58,6.88,0.01,2,1376,买盘
806,10:14:01,6.87,-0.01,92,63204,卖盘
807,10:14:04,6.87,0.0,10,6870,买盘
808,10:14:07,6.87,0.0,180,123659,买盘
809,10:14:09,6.87,0.0,40,27480,买盘
810,10:14:13,6.87,0.0,3,2061,买盘
811,10:14:22,6.87,0.0,24,16488,买盘
812,10:14:24,6.87,0.0,186,127782,买盘
813,10:14:28,6.87,0.0,15,10305,卖盘
814,10:14:30,6.86,-0.01,98,67239,卖盘
815,10:14:34,6.87,0.01,2,1374,买盘
816,10:14:40,6.87,0.0,20,13740,卖盘
817,10:14:43,6.87,0.0,52,35724,卖盘
818,10:14:46,6.87,0.0,15,10305,卖盘
819,10:14:48,6.87,0.0,13,8931,卖盘
820,10:14:51,6.88,0.01,105,72235,买盘
821,10:14:55,6.87,-0.01,34,23364,卖盘
822,10:15:04,6.87,0.0,10,6870,卖盘
823,10:15:09,6.87,0.0,10,6870,卖盘
824,10:15:13,6.87,0.0,20,13740,卖盘
825,10:15:16,6.87,0.0,15,10315,卖盘
826,10:15:19,6.88,0.01,96,66048,买盘
827,10:15:22,6.87,-0.01,17,11679,卖盘
828,10:15:31,6.87,0.0,65,44688,卖盘
829,10:15:36,6.88,0.01,20,13760,买盘
830,10:15:40,6.89,0.01,376,258701,买盘
831,10:15:46,6.87,-0.02,10,6870,卖盘
832,10:15:52,6.88,0.01,84,57719,买盘
833,10:15:54,6.88,0.0,11,7567,买盘
834,10:16:04,6.88,0.0,23,15824,买盘
835,10:16:13,6.88,0.0,5,3440,卖盘
836,10:16:16,6.88,0.0,10,6880,卖盘
837,10:16:19,6.88,0.0,7,4816,买盘
838,10:16:22,6.88,0.0,21,14448,买盘
839,10:16:25,6.89,0.01,70,48170,买盘
840,10:16:39,6.88,-0.01,3,2064,卖盘
841,10:16:46,6.89,0.01,50,34435,买盘
842,10:16:51,6.88,-0.01,1,688,卖盘
843,10:16:58,6.88,0.0,22,15136,卖盘
844,10:17:00,6.89,0.01,39,26871,买盘
845,10:17:13,6.88,-0.01,41,28216,卖盘
846,10:17:16,6.88,0.0,175,120523,卖盘
847,10:17:19,6.89,0.01,15,10335,买盘
848,10:17:21,6.89,0.0,137,94375,买盘
849,10:17:25,6.88,-0.01,28,19264,卖盘
850,10:17:28,6.89,0.01,52,35808,买盘
851,10:17:30,6.89,0.0,49,33761,买盘
852,10:17:34,6.89,0.0,154,106100,买盘
853,10:17:37,6.88,-0.01,31,21328,卖盘
854,10:17:40,6.89,0.01,147,101173,买盘
855,10:17:43,6.89,0.0,7,4823,卖盘
856,10:17:48,6.9,0.01,10,6900,买盘
857,10:17:54,6.89,-0.01,35,24120,卖盘
858,10:17:58,6.9,0.01,5,3450,买盘
859,10:18:04,6.89,-0.01,47,32383,卖盘
860,10:18:07,6.9,0.01,65,44850,买盘
861,10:18:09,6.9,0.0,13,8970,买盘
862,10:18:13,6.89,-0.01,15,10348,卖盘
863,10:18:19,6.9,0.01,21,14475,买盘
864,10:18:25,6.89,-0.01,2,1378,卖盘
865,10:18:30,6.9,0.01,67,46188,买盘
866,10:18:37,6.89,-0.01,10,6890,卖盘
867,10:18:43,6.89,0.0,15,10335,卖盘
868,10:18:46,6.89,0.0,30,20670,卖盘
869,10:18:48,6.89,0.0,21,14469,卖盘
870,10:18:55,6.89,0.0,12,8278,卖盘
871,10:18:58,6.89,0.0,15,10335,卖盘
872,10:19:07,6.89,0.0,80,55120,卖盘
873,10:19:10,6.9,0.01,18,12405,买盘
874,10:19:13,6.89,-0.01,46,31694,卖盘
875,10:19:16,6.89,0.0,15,10335,买盘
876,10:19:19,6.89,0.0,15,10335,买盘
877,10:19:24,6.88,-0.01,2,1376,卖盘
878,10:19:28,6.89,0.01,40,27536,买盘
879,10:19:31,6.89,0.0,80,55120,买盘
880,10:19:34,6.89,0.0,10,6890,卖盘
881,10:19:36,6.89,0.0,3,2067,卖盘
882,10:19:40,6.89,0.0,12,8268,卖盘
883,10:19:43,6.89,0.0,10,6890,买盘
884,10:19:49,6.88,-0.01,10,6880,卖盘
885,10:19:52,6.89,0.01,29,19981,买盘
886,10:19:54,6.88,-0.01,1,688,卖盘
887,10:19:57,6.89,0.01,10,6890,买盘
888,10:20:01,6.88,-0.01,10,6880,卖盘
889,10:20:07,6.89,0.01,1,689,买盘
890,10:20:10,6.88,-0.01,15,10320,卖盘
891,10:20:12,6.88,0.0,98,67476,卖盘
892,10:20:16,6.89,0.01,205,141045,买盘
893,10:20:21,6.88,-0.01,12,8256,卖盘
894,10:20:25,6.88,0.0,2,1376,卖盘
895,10:20:28,6.88,0.0,60,41280,卖盘
896,10:20:31,6.89,0.01,127,87378,买盘
897,10:20:34,6.88,-0.01,15,10320,卖盘
898,10:20:37,6.88,0.0,13,8944,卖盘
899,10:20:42,6.89,0.01,38,26182,买盘
900,10:20:46,6.89,0.0,10,6890,买盘
901,10:20:55,6.88,-0.01,1,688,卖盘
902,10:20:58,6.88,0.0,335,230480,卖盘
903,10:21:01,6.88,0.0,25,17200,卖盘
904,10:21:07,6.88,0.0,31,21328,卖盘
905,10:21:09,6.88,0.0,55,37840,卖盘
906,10:21:16,6.88,0.0,16,11008,卖盘
907,10:21:22,6.88,0.0,19,13072,卖盘
908,10:21:25,6.87,-0.01,1,687,卖盘
909,10:21:28,6.88,0.01,43,29584,买盘
910,10:21:31,6.88,0.0,10,6880,卖盘
911,10:21:33,6.88,0.0,50,34400,卖盘
912,10:21:37,6.88,0.0,11,7568,卖盘
913,10:21:40,6.88,0.0,52,35826,卖盘
914,10:21:43,6.88,0.0,10,6880,卖盘
915,10:21:46,6.88,0.0,204,140352,卖盘
916,10:21:55,6.87,-0.01,2,1374,卖盘
917,10:22:01,6.88,0.01,20,13760,买盘
918,10:22:04,6.87,-0.01,22,15114,卖盘
919,10:22:07,6.87,0.0,3,2061,卖盘
920,10:22:09,6.88,0.01,48,32979,买盘
921,10:22:12,6.87,-0.01,33,22673,卖盘
922,10:22:16,6.88,0.01,10,6879,买盘
923,10:22:19,6.88,0.0,254,174737,买盘
924,10:22:25,6.87,-0.01,33,22671,卖盘
925,10:22:28,6.88,0.01,5,3440,买盘
926,10:22:31,6.88,0.0,28,19684,买盘
927,10:22:37,6.89,0.01,3,2067,买盘
928,10:22:40,6.89,0.0,20,13780,买盘
929,10:22:43,6.89,0.0,24,16536,买盘
930,10:22:46,6.88,-0.01,28,19271,卖盘
931,10:22:49,6.89,0.01,394,271415,买盘
932,10:22:54,6.89,0.0,29,19981,卖盘
933,10:22:58,6.9,0.01,10,6900,买盘
934,10:23:00,6.89,-0.01,190,130993,卖盘
935,10:23:04,6.89,0.0,25,17225,卖盘
936,10:23:10,6.9,0.01,57,39330,买盘
937,10:23:19,6.9,0.0,40,27595,买盘
938,10:23:21,6.9,0.0,518,357402,买盘
939,10:23:24,6.9,0.0,47,32429,买盘
940,10:23:31,6.9,0.0,216,149030,买盘
941,10:23:33,6.89,-0.01,20,13780,卖盘
942,10:23:37,6.9,0.01,34,23456,买盘
943,10:23:40,6.9,0.0,258,177634,买盘
944,10:23:43,6.9,0.0,5,3450,卖盘
945,10:23:46,6.9,0.0,64,44160,卖盘
946,10:23:52,6.9,0.0,69,47649,卖盘
947,10:23:55,6.9,0.0,23,15882,卖盘
948,10:23:58,6.91,0.01,138,95338,买盘
949,10:24:04,6.9,-0.01,13,8970,卖盘
950,10:24:06,6.9,0.0,158,109406,卖盘
951,10:24:10,6.91,0.01,365,252148,买盘
952,10:24:12,6.9,-0.01,14,9672,卖盘
953,10:24:16,6.9,0.0,116,80040,买盘
954,10:24:19,6.89,-0.01,70,48280,卖盘
955,10:24:24,6.9,0.01,11,7590,买盘
956,10:24:27,6.9,0.0,25,17250,卖盘
957,10:24:34,6.9,0.0,10,6900,卖盘
958,10:24:37,6.9,0.0,18,12420,卖盘
959,10:24:40,6.91,0.01,29,20020,买盘
960,10:24:42,6.9,-0.01,20,13800,卖盘
961,10:24:49,6.91,0.01,49,33841,买盘
962,10:24:52,6.9,-0.01,83,57323,卖盘
963,10:24:55,6.9,0.0,2,1380,卖盘
964,10:24:58,6.9,0.0,51,35190,卖盘
965,10:25:01,6.9,0.0,71,48990,买盘
966,10:25:04,6.91,0.01,19,13119,买盘
967,10:25:06,6.91,0.0,60,41460,买盘
968,10:25:09,6.89,-0.02,103,71045,卖盘
969,10:25:16,6.91,0.02,25,17255,买盘
970,10:25:21,6.9,-0.01,20,13800,卖盘
971,10:25:25,6.9,0.0,1,690,卖盘
972,10:25:28,6.9,0.0,431,298033,卖盘
973,10:25:30,6.91,0.01,8,5528,买盘
974,10:25:33,6.9,-0.01,2,1380,卖盘
975,10:25:36,6.9,0.0,14,9660,卖盘
976,10:25:40,6.9,0.0,258,178020,卖盘
977,10:25:43,6.9,0.0,37,25530,买盘
978,10:25:46,6.9,0.0,59,40710,买盘
979,10:25:49,6.9,0.0,76,52433,买盘
980,10:25:52,6.9,0.0,95,65550,买盘
981,10:25:55,6.89,-0.01,2,1378,卖盘
982,10:25:57,6.9,0.01,48,33120,买盘
983,10:26:01,6.9,0.0,30,20700,买盘
984,10:26:04,6.89,-0.01,42,28938,卖盘
985,10:26:06,6.9,0.01,86,59340,买盘
986,10:26:09,6.89,-0.01,51,35139,卖盘
987,10:26:13,6.89,0.0,37,25493,卖盘
988,10:26:19,6.89,0.0,53,36517,买盘
989,10:26:22,6.89,0.0,50,34450,买盘
990,10:26:25,6.88,-0.01,1,688,卖盘
991,10:26:31,6.89,0.01,503,346090,买盘
992,10:26:34,6.89,0.0,195,134355,买盘
993,10:26:36,6.9,0.01,165,113850,买盘
994,10:26:40,6.88,-0.02,15,10324,卖盘
995,10:26:42,6.88,0.0,26,17909,卖盘
996,10:26:49,6.88,0.0,13,8946,卖盘
997,10:26:52,6.88,0.0,28,19264,卖盘
998,10:26:55,6.88,0.0,8,5504,卖盘
999,10:26:58,6.88,0.0,50,34400,卖盘
1000,10:27:04,6.88,0.0,15,10320,卖盘
1001,10:27:13,6.89,0.01,390,268700,买盘
1002,10:27:16,6.88,-0.01,28,19274,卖盘
1003,10:27:21,6.88,0.0,200,137600,卖盘
1004,10:27:25,6.89,0.01,1,689,中性盘
1005,10:27:28,6.9,0.01,45,31020,买盘
1006,10:27:39,6.89,-0.01,77,53053,卖盘
1007,10:27:43,6.89,0.0,43,29627,买盘
1008,10:27:46,6.89,0.0,100,68900,卖盘
1009,10:27:49,6.89,0.0,10,6890,卖盘
1010,10:27:55,6.89,0.0,15,10335,卖盘
1011,10:27:58,6.9,0.01,91,62749,买盘
1012,10:28:04,6.9,0.0,682,470580,买盘
1013,10:28:06,6.91,0.01,10,6910,买盘
1014,10:28:09,6.91,0.0,35,24166,买盘
1015,10:28:13,6.91,0.0,7,4833,买盘
1016,10:28:16,6.92,0.01,328,226678,买盘
1017,10:28:19,6.92,0.0,21,14517,买盘
1018,10:28:22,6.92,0.0,156,107952,买盘
1019,10:28:25,6.91,-0.01,18,12445,卖盘
1020,10:28:28,6.92,0.01,235,162618,买盘
1021,10:28:30,6.92,0.0,218,150806,买盘
1022,10:28:34,6.93,0.01,298,206236,买盘
1023,10:28:36,6.93,0.0,455,315219,买盘
1024,10:28:40,6.92,-0.01,74,51239,卖盘
1025,10:28:43,6.93,0.01,6,4158,买盘
1026,10:28:45,6.93,0.0,20,13860,买盘
1027,10:28:49,6.93,0.0,17,11781,买盘
1028,10:28:52,6.93,0.0,59,40499,买盘
1029,10:28:55,6.94,0.01,71,49228,买盘
1030,10:28:58,6.93,-0.01,17,11781,卖盘
1031,10:29:01,6.94,0.01,389,269646,买盘
1032,10:29:04,6.94,0.0,302,209588,买盘
1033,10:29:06,6.94,0.0,226,156869,买盘
1034,10:29:09,6.95,0.01,37,25715,买盘
1035,10:29:13,6.95,0.0,140,97300,买盘
1036,10:29:16,6.95,0.0,133,92310,买盘
1037,10:29:19,6.94,-0.01,1098,763041,卖盘
1038,10:29:22,6.94,0.0,444,308565,卖盘
1039,10:29:28,6.96,0.02,14,9740,买盘
1040,10:29:31,6.96,0.0,27,18785,买盘
1041,10:29:34,6.96,0.0,51,35452,买盘
1042,10:29:36,6.95,-0.01,149,103654,卖盘
1043,10:29:39,6.96,0.01,158,109910,买盘
1044,10:29:43,6.96,0.0,390,271380,买盘
1045,10:29:46,6.96,0.0,204,142016,买盘
1046,10:29:49,6.96,0.0,204,142021,卖盘
1047,10:29:52,6.97,0.01,56,38985,买盘
1048,10:29:55,6.96,-0.01,119,82856,卖盘
1049,10:29:58,6.96,0.0,34,23674,卖盘
1050,10:30:01,6.97,0.01,143,99661,买盘
1051,10:30:04,6.96,-0.01,53,36888,卖盘
1052,10:30:06,6.97,0.01,256,178412,买盘
1053,10:30:10,6.96,-0.01,124,86304,卖盘
1054,10:30:13,6.96,0.0,5,3480,买盘
1055,10:30:16,6.96,0.0,21,14616,买盘
1056,10:30:18,6.96,0.0,103,71688,买盘
1057,10:30:21,6.95,-0.01,158,109944,卖盘
1058,10:30:25,6.96,0.01,3,2088,买盘
1059,10:30:28,6.95,-0.01,115,79991,卖盘
1060,10:30:30,6.96,0.01,177,122973,买盘
1061,10:30:34,6.95,-0.01,38,26380,买盘
1062,10:30:37,6.96,0.01,134,93173,买盘
1063,10:30:39,6.95,-0.01,85,59094,中性盘
1064,10:30:43,6.93,-0.02,29,20107,卖盘
1065,10:30:46,6.93,0.0,32,22210,卖盘
1066,10:30:55,6.93,0.0,171,118535,卖盘
1067,10:30:58,6.94,0.01,1,694,中性盘
1068,10:31:01,6.94,0.0,23,15970,卖盘
1069,10:31:04,6.95,0.01,16,11120,买盘
1070,10:31:06,6.94,-0.01,10,6940,卖盘
1071,10:31:10,6.95,0.01,43,29884,买盘
1072,10:31:13,6.94,-0.01,33,22915,卖盘
1073,10:31:16,6.93,-0.01,367,254432,卖盘
1074,10:31:19,6.94,0.01,19,13192,中性盘
1075,10:31:22,6.94,0.0,5,3470,买盘
1076,10:31:24,6.94,0.0,59,40931,买盘
1077,10:31:28,6.94,0.0,47,32618,卖盘
1078,10:31:30,6.94,0.0,10,6940,卖盘
1079,10:31:33,6.95,0.01,133,92430,买盘
1080,10:31:37,6.94,-0.01,20,13880,卖盘
1081,10:31:40,6.94,0.0,1,694,卖盘
1082,10:31:43,6.94,0.0,47,32628,卖盘
1083,10:31:46,6.94,0.0,13,9022,卖盘
1084,10:31:49,6.95,0.01,40,27765,买盘
1085,10:31:52,6.94,-0.01,50,34700,卖盘
1086,10:31:55,6.94,0.0,76,52744,卖盘
1087,10:31:57,6.94,0.0,6,4164,卖盘
1088,10:32:00,6.94,0.0,16,11104,卖盘
1089,10:32:04,6.94,0.0,35,24290,买盘
1090,10:32:07,6.93,-0.01,3,2079,卖盘
1091,10:32:13,6.95,0.02,478,331892,买盘
1092,10:32:16,6.94,-0.01,111,77019,卖盘
1093,10:32:19,6.94,0.0,35,24290,卖盘
1094,10:32:22,6.94,0.0,4,2776,卖盘
1095,10:32:24,6.94,0.0,20,13880,卖盘
1096,10:32:28,6.94,0.0,2,1388,卖盘
1097,10:32:31,6.94,0.0,35,24290,卖盘
1098,10:32:34,6.94,0.0,242,167948,卖盘
1099,10:32:37,6.94,0.0,99,68706,买盘
1100,10:32:43,6.93,-0.01,6,4158,卖盘
1101,10:32:46,6.93,0.0,49,33999,卖盘
1102,10:32:49,6.94,0.01,359,249092,买盘
1103,10:32:52,6.93,-0.01,34,23572,卖盘
1104,10:32:54,6.94,0.01,56,38844,买盘
1105,10:32:57,6.93,-0.01,3,2079,卖盘
1106,10:33:00,6.94,0.01,68,47179,买盘
1107,10:33:04,6.93,-0.01,131,90871,卖盘
1108,10:33:07,6.94,0.01,30,20800,买盘
1109,10:33:10,6.93,-0.01,20,13860,卖盘
1110,10:33:12,6.93,0.0,22,15246,卖盘
1111,10:33:15,6.93,0.0,173,119949,卖盘
1112,10:33:18,6.93,0.0,57,39908,卖盘
1113,10:33:22,6.94,0.01,502,348322,买盘
1114,10:33:25,6.93,-0.01,100,69300,买盘
1115,10:33:28,6.92,-0.01,2,1384,卖盘
1116,10:33:31,6.93,0.01,233,161469,买盘
1117,10:33:33,6.93,0.0,18,12474,卖盘
1118,10:33:37,6.94,0.01,14,9716,买盘
1119,10:33:40,6.94,0.0,6,4164,买盘
1120,10:33:43,6.93,-0.01,47,32588,卖盘
1121,10:33:46,6.94,0.01,284,197081,买盘
1122,10:33:49,6.94,0.0,2,1388,卖盘
1123,10:33:51,6.94,0.0,27,18738,卖盘
1124,10:33:54,6.94,0.0,76,52744,卖盘
1125,10:33:57,6.94,0.0,31,21542,卖盘
1126,10:34:00,6.95,0.01,271,188129,买盘
1127,10:34:04,6.95,0.0,1,695,买盘
1128,10:34:06,6.94,-0.01,145,100680,卖盘
1129,10:34:10,6.94,0.0,69,47886,买盘
1130,10:34:13,6.93,-0.01,40,27723,卖盘
1131,10:34:16,6.95,0.02,116,80530,买盘
1132,10:34:19,6.94,-0.01,48,33357,卖盘
1133,10:34:22,6.94,0.0,61,42334,卖盘
1134,10:34:25,6.94,0.0,26,18044,卖盘
1135,10:34:28,6.94,0.0,11,7634,卖盘
1136,10:34:30,6.94,0.0,151,104808,卖盘
1137,10:34:33,6.95,0.01,42,29163,买盘
1138,10:34:37,6.94,-0.01,57,39600,卖盘
1139,10:34:40,6.94,0.0,250,173500,卖盘
1140,10:34:43,6.94,0.0,88,61122,卖盘
1141,10:34:46,6.95,0.01,13,9035,买盘
1142,10:34:51,6.94,-0.01,65,45110,卖盘
1143,10:34:55,6.93,-0.01,289,200516,卖盘
1144,10:35:01,6.93,0.0,2,1386,卖盘
1145,10:35:04,6.93,0.0,80,55518,卖盘
1146,10:35:07,6.94,0.01,22,15251,买盘
1147,10:35:10,6.93,-0.01,40,27723,卖盘
1148,10:35:13,6.94,0.01,100,69400,买盘
1149,10:35:16,6.93,-0.01,54,37422,卖盘
1150,10:35:19,6.93,0.0,348,241266,卖盘
1151,10:35:22,6.94,0.01,27,18716,买盘
1152,10:35:25,6.94,0.0,235,163065,买盘
1153,10:35:28,6.94,0.0,19,13186,卖盘
1154,10:35:31,6.94,0.0,16,11104,卖盘
1155,10:35:34,6.94,0.0,47,32618,卖盘
1156,10:35:37,6.94,0.0,52,36128,卖盘
1157,10:35:40,6.94,0.0,59,40946,卖盘
1158,10:35:42,6.94,0.0,313,217231,卖盘
1159,10:35:46,6.95,0.01,16,11120,买盘
1160,10:35:49,6.94,-0.01,56,38864,卖盘
1161,10:35:52,6.94,0.0,34,23596,卖盘
1162,10:35:54,6.94,0.0,28,19451,卖盘
1163,10:35:58,6.94,0.0,14,9717,卖盘
1164,10:36:00,6.94,0.0,52,36088,卖盘
1165,10:36:04,6.95,0.01,49,34055,买盘
1166,10:36:07,6.94,-0.01,184,127696,卖盘
1167,10:36:10,6.94,0.0,43,29842,卖盘
1168,10:36:13,6.94,0.0,59,40946,卖盘
1169,10:36:15,6.94,0.0,209,145046,卖盘
1170,10:36:19,6.94,0.0,35,24303,卖盘
1171,10:36:22,6.94,0.0,355,246373,卖盘
1172,10:36:25,6.94,0.0,13,9022,买盘
1173,10:36:31,6.94,0.0,35,24260,买盘
1174,10:36:40,6.93,-0.01,17,11781,卖盘
1175,10:36:43,6.93,0.0,35,24270,卖盘
1176,10:36:45,6.93,0.0,75,52025,卖盘
1177,10:36:48,6.94,0.01,51,35391,买盘
1178,10:36:55,6.93,-0.01,49,33957,卖盘
1179,10:36:58,6.94,0.01,10,6940,买盘
1180,10:37:01,6.93,-0.01,52,36036,卖盘
1181,10:37:04,6.93,0.0,446,309078,卖盘
1182,10:37:06,6.94,0.01,36,24979,买盘
1183,10:37:10,6.93,-0.01,21,14561,中性盘
1184,10:37:13,6.94,0.01,50,34652,买盘
1185,10:37:16,6.92,-0.02,15,10380,卖盘
1186,10:37:18,6.94,0.02,33,22892,买盘
1187,10:37:28,6.93,-0.01,193,133751,买盘
1188,10:37:31,6.92,-0.01,28,19399,卖盘
1189,10:37:34,6.92,0.0,5,3460,卖盘
1190,10:37:36,6.93,0.01,110,76260,买盘
1191,10:37:39,6.94,0.01,616,427460,买盘
1192,10:37:42,6.94,0.0,54,37476,卖盘
1193,10:37:46,6.94,0.0,25,17350,卖盘
1194,10:37:49,6.94,0.0,53,36782,卖盘
1195,10:37:54,6.94,0.0,66,45804,卖盘
1196,10:37:57,6.94,0.0,4,2776,买盘
1197,10:38:00,6.93,-0.01,11,7623,卖盘
1198,10:38:04,6.94,0.01,2,1388,买盘
1199,10:38:06,6.93,-0.01,3,2079,卖盘
1200,10:38:10,6.94,0.01,14,9716,买盘
1201,10:38:12,6.93,-0.01,63,43659,卖盘
1202,10:38:16,6.93,0.0,50,34650,卖盘
1203,10:38:19,6.93,0.0,8,5544,中性盘
1204,10:38:22,6.93,0.0,24,16632,买盘
1205,10:38:25,6.93,0.0,23,15939,买盘
1206,10:38:28,6.93,0.0,347,240744,买盘
1207,10:38:30,6.93,0.0,10,6930,卖盘
1208,10:38:34,6.93,0.0,23,15939,卖盘
1209,10:38:36,6.93,0.0,235,162855,卖盘
1210,10:38:39,6.93,0.0,30,20790,卖盘
1211,10:38:42,6.93,0.0,13,8999,中性盘
1212,10:38:49,6.93,0.0,13,9009,买盘
1213,10:38:51,6.92,-0.01,9,6228,卖盘
1214,10:38:55,6.93,0.01,73,50589,买盘
1215,10:38:58,6.92,-0.01,154,106613,卖盘
1216,10:39:10,6.93,0.01,4,2772,买盘
1217,10:39:13,6.93,0.0,20,13860,买盘
1218,10:39:19,6.91,-0.02,528,365028,卖盘
1219,10:39:22,6.93,0.02,42,29106,买盘
1220,10:39:34,6.91,-0.02,5,3455,卖盘
1221,10:39:37,6.92,0.01,12,8294,买盘
1222,10:39:43,6.92,0.0,7,4844,买盘
1223,10:39:46,6.92,0.0,44,30448,买盘
1224,10:39:49,6.91,-0.01,128,88460,卖盘
1225,10:39:52,6.91,0.0,80,55280,卖盘
1226,10:39:57,6.91,0.0,260,179560,买盘
1227,10:40:00,6.9,-0.01,10,6905,卖盘
1228,10:40:04,6.91,0.01,44,30380,买盘
1229,10:40:07,6.9,-0.01,76,52477,卖盘
1230,10:40:10,6.9,0.0,34,23460,卖盘
1231,10:40:13,6.9,0.0,15,10350,卖盘
1232,10:40:16,6.9,0.0,120,82800,卖盘
1233,10:40:24,6.9,0.0,360,248400,卖盘
1234,10:40:37,6.89,-0.01,11,7580,卖盘
1235,10:40:40,6.89,0.0,388,267350,卖盘
1236,10:40:43,6.9,0.01,58,40011,买盘
1237,10:40:46,6.89,-0.01,217,149513,中性盘
1238,10:40:49,6.89,0.0,21,14469,卖盘
1239,10:40:52,6.89,0.0,2,1378,买盘
1240,10:40:55,6.89,0.0,32,22038,买盘
1241,10:40:58,6.88,-0.01,17,11703,卖盘
1242,10:41:00,6.88,0.0,35,24088,卖盘
1243,10:41:04,6.9,0.02,152,104758,买盘
1244,10:41:07,6.9,0.0,5,3450,买盘
1245,10:41:10,6.9,0.0,21,14480,买盘
1246,10:41:13,6.9,0.0,154,106130,买盘
1247,10:41:16,6.89,-0.01,57,39286,卖盘
1248,10:41:19,6.89,0.0,119,81991,买盘
1249,10:41:22,6.9,0.01,248,170814,买盘
1250,10:41:25,6.89,-0.01,5,3445,卖盘
1251,10:41:33,6.9,0.01,3,2070,买盘
1252,10:41:37,6.9,0.0,127,87630,买盘
1253,10:41:40,6.9,0.0,21,14490,买盘
1254,10:41:43,6.9,0.0,73,50370,买盘
1255,10:41:45,6.9,0.0,72,49683,卖盘
1256,10:41:48,6.9,0.0,16,11037,买盘
1257,10:41:52,6.9,0.0,113,78075,卖盘
1258,10:41:54,6.9,0.0,2,1380,卖盘
1259,10:42:01,6.9,0.0,62,42781,卖盘
1260,10:42:04,6.9,0.0,27,18633,卖盘
1261,10:42:07,6.91,0.01,196,135386,买盘
1262,10:42:12,6.91,0.0,22,15202,卖盘
1263,10:42:15,6.92,0.01,1,692,买盘
1264,10:42:25,6.91,-0.01,46,31829,卖盘
1265,10:42:28,6.92,0.01,20,13840,买盘
1266,10:42:39,6.92,0.0,21,14532,买盘
1267,10:42:42,6.92,0.0,65,44980,买盘
1268,10:42:46,6.92,0.0,20,13840,买盘
1269,10:42:52,6.92,0.0,76,52592,买盘
1270,10:42:55,6.92,0.0,1,692,买盘
1271,10:43:01,6.92,0.0,30,20760,买盘
1272,10:43:04,6.91,-0.01,20,13820,卖盘
1273,10:43:07,6.91,0.0,85,58735,卖盘
1274,10:43:10,6.92,0.01,8,5536,买盘
1275,10:43:13,6.91,-0.01,30,20730,卖盘
1276,10:43:16,6.91,0.0,76,52546,卖盘
1277,10:43:25,6.91,0.0,33,22803,卖盘
1278,10:43:27,6.92,0.01,11,7610,买盘
1279,10:43:30,6.91,-0.01,39,26949,卖盘
1280,10:43:34,6.9,-0.01,57,39330,卖盘
1281,10:43:37,6.9,0.0,202,139639,卖盘
1282,10:43:40,6.9,0.0,662,456780,卖盘
1283,10:43:42,6.9,0.0,10,6900,买盘
1284,10:43:45,6.9,0.0,4,2760,买盘
1285,10:43:48,6.9,0.0,5,3450,买盘
1286,10:43:52,6.9,0.0,9,6210,买盘
1287,10:43:55,6.9,0.0,5,3450,买盘
1288,10:44:01,6.9,0.0,11,7590,买盘
1289,10:44:04,6.89,-0.01,73,50297,卖盘
1290,10:44:07,6.89,0.0,174,119911,卖盘
1291,10:44:10,6.89,0.0,1,689,卖盘
1292,10:44:13,6.89,0.0,22,15164,卖盘
1293,10:44:15,6.89,0.0,146,100594,卖盘
1294,10:44:18,6.89,0.0,50,34450,买盘
1295,10:44:21,6.88,-0.01,5,3441,卖盘
1296,10:44:25,6.89,0.01,7,4823,买盘
1297,10:44:31,6.89,0.0,103,70967,买盘
1298,10:44:34,6.89,0.0,10,6890,卖盘
1299,10:44:37,6.89,0.0,4,2756,卖盘
1300,10:44:39,6.89,0.0,36,24804,卖盘
1301,10:44:43,6.89,0.0,14,9646,卖盘
1302,10:44:48,6.89,0.0,22,15158,卖盘
1303,10:44:52,6.89,0.0,32,22048,卖盘
1304,10:44:55,6.89,0.0,50,34450,买盘
1305,10:45:01,6.89,0.0,133,91637,买盘
1306,10:45:04,6.89,0.0,200,137800,买盘
1307,10:45:07,6.88,-0.01,52,35776,卖盘
1308,10:45:10,6.89,0.01,8,5512,买盘
1309,10:45:12,6.9,0.01,384,264224,买盘
1310,10:45:16,6.89,-0.01,10,6890,卖盘
1311,10:45:22,6.9,0.01,131,90387,买盘
1312,10:45:31,6.91,0.01,19,13112,买盘
1313,10:45:34,6.91,0.0,26,17966,买盘
1314,10:45:37,6.9,-0.01,143,98670,卖盘
1315,10:45:43,6.9,0.0,3,2070,卖盘
1316,10:45:46,6.9,0.0,158,109175,卖盘
1317,10:45:49,6.9,0.0,2,1380,卖盘
1318,10:45:52,6.91,0.01,16,11049,买盘
1319,10:45:55,6.9,-0.01,5,3450,卖盘
1320,10:45:58,6.9,0.0,13,8978,卖盘
1321,10:46:01,6.9,0.0,28,19320,卖盘
1322,10:46:04,6.9,0.0,15,10350,买盘
1323,10:46:06,6.9,0.0,37,25530,中性盘
1324,10:46:22,6.9,0.0,130,89700,卖盘
1325,10:46:25,6.9,0.0,3,2070,卖盘
1326,10:46:27,6.9,0.0,9,6210,卖盘
1327,10:46:31,6.9,0.0,107,73830,卖盘
1328,10:46:34,6.9,0.0,21,14490,卖盘
1329,10:46:37,6.9,0.0,30,20700,卖盘
1330,10:46:40,6.9,0.0,5,3450,卖盘
1331,10:46:42,6.9,0.0,29,20020,卖盘
1332,10:46:46,6.91,0.01,50,34550,买盘
1333,10:46:48,6.91,0.0,98,67648,买盘
1334,10:46:51,6.9,-0.01,16,11040,卖盘
1335,10:47:01,6.9,0.0,34,23460,卖盘
1336,10:47:04,6.9,0.0,8,5520,买盘
1337,10:47:06,6.91,0.01,137,94667,买盘
1338,10:47:21,6.9,-0.01,8,5520,卖盘
1339,10:47:25,6.91,0.01,31,21421,买盘
1340,10:47:28,6.9,-0.01,44,30360,卖盘
1341,10:47:31,6.9,0.0,4,2760,卖盘
1342,10:47:39,6.91,0.01,28,19348,买盘
1343,10:47:43,6.9,-0.01,30,20700,卖盘
1344,10:47:46,6.9,0.0,4,2760,卖盘
1345,10:47:48,6.9,0.0,1,690,卖盘
1346,10:47:55,6.91,0.01,7,4837,买盘
1347,10:47:58,6.9,-0.01,239,165110,卖盘
1348,10:48:00,6.9,0.0,3,2070,卖盘
1349,10:48:04,6.9,0.0,2,1380,卖盘
1350,10:48:13,6.91,0.01,162,111942,买盘
1351,10:48:19,6.91,0.0,3,2073,买盘
1352,10:48:22,6.91,0.0,17,11747,买盘
1353,10:48:31,6.9,-0.01,4,2760,卖盘
1354,10:48:37,6.91,0.01,9,6219,买盘
1355,10:48:40,6.91,0.0,10,6910,买盘
1356,10:48:42,6.91,0.0,48,33168,买盘
1357,10:48:46,6.91,0.0,49,33859,买盘
1358,10:48:49,6.91,0.0,2,1382,买盘
1359,10:48:51,6.91,0.0,10,6910,买盘
1360,10:48:58,6.91,0.0,48,33424,买盘
1361,10:49:01,6.91,0.0,7,4837,卖盘
1362,10:49:07,6.91,0.0,98,67462,卖盘
1363,10:49:12,6.92,0.01,138,95480,买盘
1364,10:49:16,6.92,0.0,5,3460,买盘
1365,10:49:21,6.91,-0.01,255,176425,买盘
1366,10:49:28,6.92,0.01,3,2076,买盘
1367,10:49:31,6.91,-0.01,20,13820,卖盘
1368,10:49:34,6.92,0.01,12,8300,买盘
1369,10:49:43,6.93,0.01,130,90016,买盘
1370,10:49:51,6.92,-0.01,58,40136,卖盘
1371,10:49:54,6.93,0.01,44,30491,买盘
1372,10:50:04,6.93,0.0,11,7615,买盘
1373,10:50:07,6.93,0.0,2,1386,买盘
1374,10:50:10,6.93,0.0,98,67914,买盘
1375,10:50:19,6.93,0.0,2,1386,买盘
1376,10:50:28,6.93,0.0,100,69300,买盘
1377,10:50:31,6.93,0.0,18,12470,买盘
1378,10:50:34,6.93,0.0,27,18694,买盘
1379,10:50:36,6.93,0.0,33,22869,买盘
1380,10:50:43,6.93,0.0,14,9702,买盘
1381,10:50:49,6.92,-0.01,11,7618,卖盘
1382,10:50:52,6.93,0.01,9,6236,买盘
1383,10:50:55,6.93,0.0,226,156618,买盘
1384,10:50:57,6.93,0.0,50,34650,买盘
1385,10:51:00,6.92,-0.01,92,63748,卖盘
1386,10:51:04,6.93,0.01,16,11088,买盘
1387,10:51:07,6.93,0.0,1,693,买盘
1388,10:51:12,6.92,-0.01,8,5536,卖盘
1389,10:51:18,6.93,0.01,50,34650,买盘
1390,10:51:21,6.92,-0.01,50,34600,卖盘
1391,10:51:24,6.93,0.01,110,76220,买盘
1392,10:51:31,6.92,-0.01,49,33908,卖盘
1393,10:51:33,6.92,0.0,66,45677,卖盘
1394,10:51:37,6.93,0.01,20,13860,买盘
1395,10:51:46,6.93,0.0,50,34650,买盘
1396,10:51:49,6.93,0.0,25,17325,买盘
1397,10:51:52,6.93,0.0,205,141880,买盘
1398,10:51:55,6.93,0.0,6,4158,买盘
1399,10:52:04,6.93,0.0,35,24251,买盘
1400,10:52:06,6.93,0.0,30,20790,买盘
1401,10:52:16,6.93,0.0,2,1386,买盘
1402,10:52:19,6.93,0.0,9,6232,买盘
1403,10:52:22,6.92,-0.01,47,32566,卖盘
1404,10:52:33,6.92,0.0,21,14532,卖盘
1405,10:52:43,6.92,0.0,3,2076,卖盘
1406,10:52:52,6.92,0.0,2,1384,卖盘
1407,10:52:58,6.92,0.0,40,27680,卖盘
1408,10:53:00,6.93,0.01,1,693,买盘
1409,10:53:04,6.92,-0.01,4,2768,卖盘
1410,10:53:07,6.92,0.0,50,34600,卖盘
1411,10:53:09,6.92,0.0,16,11072,卖盘
1412,10:53:13,6.92,0.0,53,36676,卖盘
1413,10:53:15,6.92,0.0,15,10380,卖盘
1414,10:53:22,6.93,0.01,7,4851,买盘
1415,10:53:31,6.92,-0.01,7,4848,卖盘
1416,10:53:48,6.93,0.01,50,34650,买盘
1417,10:53:54,6.93,0.0,22,15226,买盘
1418,10:53:58,6.92,-0.01,31,21452,卖盘
1419,10:54:01,6.92,0.0,4,2768,卖盘
1420,10:54:10,6.93,0.01,85,58889,买盘
1421,10:54:13,6.92,-0.01,5,3460,卖盘
1422,10:54:18,6.92,0.0,10,6920,卖盘
1423,10:54:24,6.93,0.01,14,9702,买盘
1424,10:54:28,6.92,-0.01,5,3460,卖盘
1425,10:54:34,6.92,0.0,83,57436,卖盘
1426,10:54:37,6.93,0.01,15,10395,买盘
1427,10:54:46,6.93,0.0,71,49203,买盘
1428,10:54:48,6.93,0.0,17,11781,买盘
1429,10:54:51,6.93,0.0,50,34650,买盘
1430,10:54:58,6.93,0.0,20,13860,买盘
1431,10:55:01,6.92,-0.01,4,2768,卖盘
1432,10:55:04,6.93,0.01,10,6930,买盘
1433,10:55:12,6.92,-0.01,1,692,卖盘
1434,10:55:16,6.92,0.0,7,4844,卖盘
1435,10:55:22,6.93,0.01,5,3465,买盘
1436,10:55:25,6.93,0.0,44,30492,买盘
1437,10:55:28,6.93,0.0,105,72666,买盘
1438,10:55:30,6.92,-0.01,6,4155,卖盘
1439,10:55:34,6.92,0.0,10,6920,卖盘
1440,10:55:36,6.93,0.01,29,20073,买盘
1441,10:55:42,6.92,-0.01,5,3460,卖盘
1442,10:55:45,6.92,0.0,76,52592,卖盘
1443,10:55:52,6.92,0.0,35,24220,卖盘
1444,10:55:55,6.92,0.0,43,29756,买盘
1445,10:56:01,6.91,-0.01,14,9674,卖盘
1446,10:56:03,6.92,0.01,20,13840,买盘
1447,10:56:18,6.92,0.0,38,26296,买盘
1448,10:56:24,6.92,0.0,13,8987,买盘
1449,10:56:27,6.92,0.0,9,6228,买盘
1450,10:56:31,6.92,0.0,12,8304,买盘
1451,10:56:34,6.91,-0.01,4,2764,卖盘
1452,10:56:52,6.91,0.0,60,41460,卖盘
1453,10:57:04,6.91,0.0,3,2073,卖盘
1454,10:57:07,6.92,0.01,3,2076,买盘
1455,10:57:10,6.91,-0.01,119,82229,卖盘
1456,10:57:12,6.91,0.0,167,115397,卖盘
1457,10:57:24,6.92,0.01,5,3460,买盘
1458,10:57:28,6.91,-0.01,5,3455,卖盘
1459,10:57:30,6.92,0.01,2,1384,买盘
1460,10:57:33,6.91,-0.01,4,2764,卖盘
1461,10:57:37,6.92,0.01,10,6920,买盘
1462,10:57:55,6.91,-0.01,17,11747,卖盘
1463,10:57:58,6.92,0.01,4,2768,买盘
1464,10:58:03,6.91,-0.01,6,4149,卖盘
1465,10:58:07,6.91,0.0,222,153549,卖盘
1466,10:58:09,6.92,0.01,10,6920,买盘
1467,10:58:18,6.92,0.0,14,9688,买盘
1468,10:58:22,6.92,0.0,10,6920,买盘
1469,10:58:30,6.91,-0.01,20,13830,卖盘
1470,10:58:33,6.91,0.0,4,2764,卖盘
1471,10:58:36,6.91,0.0,10,6910,卖盘
1472,10:58:40,6.91,0.0,5,3455,卖盘
1473,10:58:43,6.91,0.0,15,10370,卖盘
1474,10:58:46,6.91,0.0,32,22113,卖盘
1475,10:58:48,6.91,0.0,44,30404,卖盘
1476,10:58:58,6.91,0.0,3,2073,卖盘
1477,10:59:04,6.91,0.0,4,2764,卖盘
1478,10:59:18,6.92,0.01,20,13840,买盘
1479,10:59:30,6.92,0.0,20,13835,买盘
1480,10:59:34,6.92,0.0,204,141164,买盘
1481,10:59:45,6.92,0.0,70,48440,买盘
1482,10:59:48,6.92,0.0,13,8996,买盘
1483,10:59:51,6.92,0.0,20,13840,买盘
1484,11:00:04,6.91,-0.01,3,2073,卖盘
1485,11:00:06,6.92,0.01,31,21452,买盘
1486,11:00:09,6.92,0.0,12,8304,买盘
1487,11:00:13,6.91,-0.01,15,10365,卖盘
1488,11:00:16,6.92,0.01,30,20760,买盘
1489,11:00:18,6.92,0.0,43,29756,买盘
1490,11:00:22,6.92,0.0,80,55360,买盘
1491,11:00:33,6.91,-0.01,4,2764,卖盘
1492,11:00:46,6.91,0.0,22,15202,卖盘
1493,11:00:58,6.91,0.0,15,10365,卖盘
1494,11:01:04,6.92,0.01,46,31829,买盘
1495,11:01:07,6.91,-0.01,561,387651,卖盘
1496,11:01:10,6.9,-0.01,119,82183,卖盘
1497,11:01:15,6.92,0.02,83,57422,买盘
1498,11:01:25,6.91,-0.01,70,48335,买盘
1499,11:01:28,6.9,-0.01,80,55200,卖盘
1500,11:01:30,6.9,0.0,30,20700,卖盘
1501,11:01:33,6.91,0.01,25,17269,买盘
1502,11:01:36,6.9,-0.01,5,3450,卖盘
1503,11:01:40,6.91,0.01,1,691,买盘
1504,11:01:49,6.91,0.0,31,21419,买盘
1505,11:01:55,6.9,-0.01,81,55891,卖盘
1506,11:02:00,6.9,0.0,6,4140,买盘
1507,11:02:04,6.89,-0.01,32,22076,卖盘
1508,11:02:07,6.89,0.0,320,220491,卖盘
1509,11:02:10,6.9,0.01,21,14490,买盘
1510,11:02:13,6.89,-0.01,8,5512,卖盘
1511,11:02:16,6.9,0.01,22,15180,买盘
1512,11:02:22,6.9,0.0,4,2760,买盘
1513,11:02:25,6.89,-0.01,58,39970,卖盘
1514,11:02:28,6.9,0.01,13,8970,买盘
1515,11:02:30,6.9,0.0,2,1380,买盘
1516,11:02:33,6.9,0.0,6,4140,买盘
1517,11:02:36,6.9,0.0,10,6897,买盘
1518,11:02:40,6.9,0.0,9,6210,买盘
1519,11:02:43,6.9,0.0,7,4830,买盘
1520,11:02:46,6.9,0.0,40,27580,买盘
1521,11:02:48,6.9,0.0,27,18625,买盘
1522,11:02:52,6.9,0.0,27,18630,买盘
1523,11:02:55,6.9,0.0,46,31740,买盘
1524,11:02:58,6.9,0.0,29,20010,买盘
1525,11:03:00,6.9,0.0,35,24150,买盘
1526,11:03:06,6.9,0.0,4,2760,卖盘
1527,11:03:10,6.9,0.0,10,6900,卖盘
1528,11:03:16,6.9,0.0,15,10350,卖盘
1529,11:03:19,6.9,0.0,18,12420,买盘
1530,11:03:21,6.9,0.0,3,2070,买盘
1531,11:03:24,6.9,0.0,3,2070,买盘
1532,11:03:27,6.9,0.0,13,8970,买盘
1533,11:03:30,6.9,0.0,3,2070,买盘
1534,11:03:33,6.9,0.0,36,24818,买盘
1535,11:03:36,6.9,0.0,3,2070,卖盘
1536,11:03:40,6.91,0.01,8,5521,买盘
1537,11:03:49,6.9,-0.01,4,2760,卖盘
1538,11:03:51,6.91,0.01,45,31095,买盘
1539,11:03:54,6.9,-0.01,10,6900,卖盘
1540,11:04:06,6.9,0.0,4,2760,卖盘
1541,11:04:19,6.9,0.0,10,6900,卖盘
1542,11:04:22,6.9,0.0,8,5520,卖盘
1543,11:04:33,6.9,0.0,98,67620,买盘
1544,11:04:36,6.89,-0.01,2,1378,卖盘
1545,11:04:43,6.89,0.0,10,6890,卖盘
1546,11:04:46,6.9,0.01,164,113160,买盘
1547,11:04:49,6.9,0.0,5,3450,卖盘
1548,11:04:58,6.9,0.0,5,3450,卖盘
1549,11:05:00,6.9,0.0,11,7590,卖盘
1550,11:05:07,6.91,0.01,1,691,买盘
1551,11:05:16,6.9,-0.01,60,41400,卖盘
1552,11:05:31,6.9,0.0,32,22080,卖盘
1553,11:05:33,6.9,0.0,20,13800,卖盘
1554,11:05:39,6.9,0.0,30,20700,卖盘
1555,11:05:43,6.91,0.01,78,53898,买盘
1556,11:05:52,6.91,0.0,212,146492,买盘
1557,11:05:55,6.91,0.0,8,5528,卖盘
1558,11:05:58,6.91,0.0,50,34550,卖盘
1559,11:06:06,6.91,0.0,73,50443,卖盘
1560,11:06:13,6.91,0.0,50,34550,卖盘
1561,11:06:16,6.91,0.0,100,69100,卖盘
1562,11:06:25,6.91,0.0,74,51134,卖盘
1563,11:06:33,6.91,0.0,20,13820,卖盘
1564,11:06:37,6.9,-0.01,4,2760,卖盘
1565,11:06:58,6.91,0.01,6,4146,买盘
1566,11:07:01,6.9,-0.01,5,3450,卖盘
1567,11:07:04,6.91,0.01,12,8292,买盘
1568,11:07:24,6.9,-0.01,10,6900,卖盘
1569,11:07:28,6.9,0.0,28,19320,卖盘
1570,11:07:34,6.9,0.0,30,20700,卖盘
1571,11:07:40,6.9,0.0,5,3450,卖盘
1572,11:07:48,6.9,0.0,10,6900,卖盘
1573,11:07:57,6.9,0.0,96,66240,卖盘
1574,11:08:36,6.9,0.0,20,13800,卖盘
1575,11:08:43,6.9,0.0,44,30360,卖盘
1576,11:08:46,6.91,0.01,104,71864,买盘
1577,11:08:49,6.9,-0.01,95,65550,卖盘
1578,11:09:01,6.91,0.01,10,6910,买盘
1579,11:09:16,6.9,-0.01,242,166980,卖盘
1580,11:09:22,6.91,0.01,20,13820,买盘
1581,11:09:31,6.9,-0.01,67,46230,卖盘
1582,11:09:36,6.91,0.01,10,6910,买盘
1583,11:09:43,6.9,-0.01,100,69000,卖盘
1584,11:09:52,6.91,0.01,69,47679,买盘
1585,11:09:57,6.9,-0.01,137,94530,卖盘
1586,11:10:00,6.9,0.0,10,6900,买盘
1587,11:10:07,6.9,0.0,2,1380,买盘
1588,11:10:10,6.9,0.0,30,20700,买盘
1589,11:10:31,6.9,0.0,31,21390,买盘
1590,11:10:34,6.9,0.0,87,60285,买盘
1591,11:10:48,6.9,0.0,5,3450,卖盘
1592,11:11:07,6.91,0.01,13,8983,买盘
1593,11:11:12,6.9,-0.01,1,690,卖盘
1594,11:11:22,6.91,0.01,300,207300,买盘
1595,11:11:31,6.91,0.0,8,5528,买盘
1596,11:11:34,6.91,0.0,1,691,买盘
1597,11:11:37,6.91,0.0,11,7601,买盘
1598,11:11:43,6.91,0.0,1,691,买盘
1599,11:11:46,6.91,0.0,1,691,买盘
1600,11:11:49,6.91,0.0,19,13128,买盘
1601,11:12:01,6.92,0.01,13,8996,买盘
1602,11:12:13,6.91,-0.01,59,40769,卖盘
1603,11:12:19,6.91,0.0,21,14511,买盘
1604,11:12:21,6.91,0.0,25,17275,买盘
1605,11:12:31,6.91,0.0,14,9674,买盘
1606,11:12:34,6.9,-0.01,519,358116,卖盘
1607,11:12:37,6.91,0.01,25,17275,买盘
1608,11:12:40,6.91,0.0,10,6910,买盘
1609,11:12:54,6.9,-0.01,10,6900,卖盘
1610,11:12:58,6.91,0.01,2,1382,买盘
1611,11:13:06,6.9,-0.01,87,60030,卖盘
1612,11:13:22,6.9,0.0,30,20700,卖盘
1613,11:13:25,6.91,0.01,2,1382,买盘
1614,11:13:42,6.9,-0.01,16,11040,卖盘
1615,11:13:45,6.91,0.01,10,6910,买盘
1616,11:13:52,6.9,-0.01,3,2070,卖盘
1617,11:13:55,6.9,0.0,112,77280,卖盘
1618,11:13:58,6.9,0.0,27,18630,卖盘
1619,11:14:01,6.91,0.01,2,1382,买盘
1620,11:14:09,6.91,0.0,45,31095,买盘
1621,11:14:19,6.9,-0.01,25,17250,卖盘
1622,11:14:22,6.9,0.0,42,28980,卖盘
1623,11:14:25,6.9,0.0,2,1125,卖盘
1624,11:14:31,6.9,0.0,10,6900,买盘
1625,11:14:34,6.9,0.0,2,1635,买盘
1626,11:14:43,6.9,0.0,54,37005,卖盘
1627,11:14:46,6.9,0.0,2,1380,买盘
1628,11:14:51,6.9,0.0,14,9660,买盘
1629,11:15:01,6.89,-0.01,36,24830,卖盘
1630,11:15:16,6.89,0.0,20,13780,卖盘
1631,11:15:28,6.9,0.01,17,11714,买盘
1632,11:15:33,6.89,-0.01,386,265954,卖盘
1633,11:15:37,6.89,0.0,88,60632,卖盘
1634,11:15:40,6.89,0.0,100,68900,卖盘
1635,11:15:46,6.89,0.0,6,4134,卖盘
1636,11:15:49,6.89,0.0,8,5512,卖盘
1637,11:16:01,6.89,0.0,3,2067,买盘
1638,11:16:04,6.89,0.0,19,13074,买盘
1639,11:16:10,6.88,-0.01,60,41280,卖盘
1640,11:16:15,6.88,0.0,21,14448,卖盘
1641,11:16:19,6.88,0.0,101,69502,卖盘
1642,11:16:21,6.88,0.0,19,13072,卖盘
1643,11:16:25,6.88,0.0,52,35786,卖盘
1644,11:16:31,6.88,0.0,157,108016,卖盘
1645,11:16:37,6.88,0.0,350,240800,卖盘
1646,11:16:43,6.87,-0.01,106,72836,卖盘
1647,11:16:48,6.88,0.01,43,29546,买盘
1648,11:16:55,6.87,-0.01,200,137400,卖盘
1649,11:16:58,6.87,0.0,5,3435,卖盘
1650,11:17:01,6.87,0.0,13,8931,卖盘
1651,11:17:12,6.87,0.0,5,3435,卖盘
1652,11:17:15,6.87,0.0,3,2061,卖盘
1653,11:17:18,6.88,0.01,6,4128,买盘
1654,11:17:21,6.88,0.0,20,13760,买盘
1655,11:17:24,6.88,0.0,110,75680,买盘
1656,11:17:27,6.88,0.0,7,4816,买盘
1657,11:17:30,6.87,-0.01,26,17868,卖盘
1658,11:17:39,6.87,0.0,3,2061,卖盘
1659,11:17:43,6.88,0.01,32,22016,买盘
1660,11:17:45,6.88,0.0,25,17200,买盘
1661,11:17:48,6.88,0.0,10,6880,买盘
1662,11:17:52,6.88,0.0,20,13760,买盘
1663,11:17:55,6.88,0.0,27,18576,买盘
1664,11:17:58,6.88,0.0,20,13760,买盘
1665,11:18:01,6.88,0.0,5,3440,买盘
1666,11:18:04,6.88,0.0,19,13072,买盘
1667,11:18:07,6.88,0.0,4,2752,买盘
1668,11:18:15,6.88,0.0,1,688,卖盘
1669,11:18:21,6.88,0.0,64,44047,卖盘
1670,11:18:24,6.88,0.0,6,4128,卖盘
1671,11:18:27,6.88,0.0,49,33712,卖盘
1672,11:18:30,6.88,0.0,22,15136,卖盘
1673,11:18:34,6.88,0.0,10,6880,买盘
1674,11:18:40,6.87,-0.01,30,20610,卖盘
1675,11:18:43,6.87,0.0,22,15124,卖盘
1676,11:18:55,6.88,0.01,80,55040,买盘
1677,11:18:58,6.87,-0.01,23,15804,卖盘
1678,11:19:04,6.88,0.01,6,4128,买盘
1679,11:19:06,6.88,0.0,195,134160,买盘
1680,11:19:12,6.88,0.0,50,34400,买盘
1681,11:19:16,6.87,-0.01,4,2748,卖盘
1682,11:19:22,6.87,0.0,167,114891,卖盘
1683,11:19:24,6.87,0.0,21,14427,卖盘
1684,11:19:30,6.88,0.01,210,144420,买盘
1685,11:19:34,6.88,0.0,8,5504,买盘
1686,11:19:45,6.87,-0.01,30,20610,卖盘
1687,11:19:52,6.88,0.01,4,2752,买盘
1688,11:19:55,6.88,0.0,3,2064,买盘
1689,11:19:57,6.88,0.0,33,22704,买盘
1690,11:20:06,6.87,-0.01,9,6184,卖盘
1691,11:20:18,6.87,0.0,15,10305,卖盘
1692,11:20:28,6.87,0.0,10,6870,卖盘
1693,11:20:40,6.88,0.01,23,15824,买盘
1694,11:20:43,6.87,-0.01,92,63264,卖盘
1695,11:20:45,6.88,0.01,43,29566,买盘
1696,11:20:48,6.88,0.0,5,3440,买盘
1697,11:21:01,6.88,0.0,4,2752,买盘
1698,11:21:07,6.88,0.0,6,4128,买盘
1699,11:21:10,6.87,-0.01,180,123660,卖盘
1700,11:21:13,6.88,0.01,80,55040,买盘
1701,11:21:18,6.87,-0.01,10,6870,卖盘
1702,11:21:40,6.87,0.0,10,6870,卖盘
1703,11:21:43,6.87,0.0,8,5496,卖盘
1704,11:21:51,6.88,0.01,10,6880,买盘
1705,11:21:54,6.88,0.0,5,3440,买盘
1706,11:21:58,6.88,0.0,60,41280,买盘
1707,11:22:06,6.87,-0.01,245,168315,卖盘
1708,11:22:13,6.88,0.01,23,15824,买盘
1709,11:22:16,6.88,0.0,163,112144,买盘
1710,11:22:25,6.88,0.0,2,1376,买盘
1711,11:22:27,6.88,0.0,15,10320,买盘
1712,11:22:33,6.88,0.0,3,2064,卖盘
1713,11:22:37,6.88,0.0,10,6880,买盘
1714,11:22:40,6.87,-0.01,4,2748,卖盘
1715,11:22:42,6.88,0.01,57,39216,买盘
1716,11:22:46,6.88,0.0,35,24080,卖盘
1717,11:23:12,6.89,0.01,5,3445,买盘
1718,11:23:18,6.89,0.0,50,34450,买盘
1719,11:23:22,6.89,0.0,5,3445,买盘
1720,11:23:37,6.89,0.0,10,6890,买盘
1721,11:23:45,6.89,0.0,30,20670,买盘
1722,11:23:49,6.89,0.0,5,3445,买盘
1723,11:23:52,6.89,0.0,63,43407,买盘
1724,11:23:55,6.89,0.0,30,20670,买盘
1725,11:23:58,6.89,0.0,36,24804,买盘
1726,11:24:04,6.89,0.0,30,20670,卖盘
1727,11:24:15,6.9,0.01,4,2760,买盘
1728,11:24:25,6.9,0.0,78,53820,买盘
1729,11:24:28,6.9,0.0,64,44160,买盘
1730,11:24:36,6.89,-0.01,45,31025,卖盘
1731,11:24:39,6.9,0.01,16,11040,买盘
1732,11:24:55,6.89,-0.01,145,99905,卖盘
1733,11:24:57,6.89,0.0,50,34450,买盘
1734,11:25:01,6.89,0.0,32,22048,买盘
1735,11:25:07,6.89,0.0,282,194298,买盘
1736,11:25:15,6.89,0.0,8,5512,卖盘
1737,11:25:28,6.9,0.01,365,251850,买盘
1738,11:25:31,6.89,-0.01,100,68900,卖盘
1739,11:25:34,6.9,0.01,4,2760,买盘
1740,11:25:37,6.9,0.0,1,690,买盘
1741,11:25:39,6.89,-0.01,20,13780,卖盘
1742,11:25:42,6.9,0.01,1,690,买盘
1743,11:25:45,6.9,0.0,12,8280,买盘
1744,11:25:48,6.9,0.0,39,26910,买盘
1745,11:25:51,6.9,0.0,46,31740,卖盘
1746,11:25:57,6.9,0.0,37,25530,买盘
1747,11:26:00,6.9,0.0,69,47610,买盘
1748,11:26:04,6.9,0.0,11,7590,买盘
1749,11:26:07,6.89,-0.01,16,11035,卖盘
1750,11:26:09,6.9,0.01,10,6900,买盘
1751,11:26:16,6.9,0.0,10,6900,买盘
1752,11:26:21,6.9,0.0,30,20700,买盘
1753,11:26:28,6.9,0.0,219,151110,买盘
1754,11:26:45,6.9,0.0,10,6900,卖盘
1755,11:26:51,6.91,0.01,52,35922,买盘
1756,11:26:54,6.9,-0.01,102,70380,卖盘
1757,11:27:01,6.91,0.01,8,5528,买盘
1758,11:27:04,6.91,0.0,10,6903,买盘
1759,11:27:16,6.91,0.0,32,22112,买盘
1760,11:27:21,6.91,0.0,22,15202,买盘
1761,11:27:24,6.91,0.0,57,39387,买盘
1762,11:27:27,6.9,-0.01,10,6900,卖盘
1763,11:27:37,6.91,0.01,319,220429,买盘
1764,11:27:49,6.91,0.0,10,6910,卖盘
1765,11:27:52,6.91,0.0,17,11750,卖盘
1766,11:27:58,6.91,0.0,9,6219,买盘
1767,11:28:04,6.91,0.0,1,691,买盘
1768,11:28:07,6.91,0.0,23,15893,买盘
1769,11:28:16,6.91,0.0,27,18657,买盘
1770,11:28:18,6.91,0.0,16,11056,卖盘
1771,11:28:22,6.91,0.0,2,1382,卖盘
1772,11:28:24,6.91,0.0,11,7601,卖盘
1773,11:28:39,6.91,0.0,19,13129,买盘
1774,11:28:42,6.91,0.0,54,37314,卖盘
1775,11:28:46,6.91,0.0,144,99504,卖盘
1776,11:28:57,6.91,0.0,56,38696,买盘
1777,11:29:04,6.91,0.0,40,27640,卖盘
1778,11:29:07,6.91,0.0,21,14511,卖盘
1779,11:29:16,6.91,0.0,15,10365,买盘
1780,11:29:19,6.91,0.0,2,1382,买盘
1781,11:29:27,6.91,0.0,10,6910,买盘
1782,11:29:33,6.91,0.0,61,42151,买盘
1783,11:29:36,6.91,0.0,31,21421,买盘
1784,11:29:40,6.9,-0.01,61,42090,卖盘
1785,11:29:57,6.9,0.0,1,690,卖盘
1786,11:30:04,6.9,0.0,16,11040,卖盘
1787,13:00:04,6.92,0.02,173,119602,买盘
1788,13:00:07,6.91,-0.01,294,203309,卖盘
1789,13:00:12,6.91,0.0,15,10365,卖盘
1790,13:00:18,6.91,0.0,10,6910,卖盘
1791,13:00:28,6.92,0.01,1,692,买盘
1792,13:00:30,6.92,0.0,82,56744,买盘
1793,13:00:36,6.92,0.0,20,13840,买盘
1794,13:00:39,6.92,0.0,10,6920,买盘
1795,13:00:42,6.92,0.0,10,6920,买盘
1796,13:00:49,6.92,0.0,21,14532,买盘
1797,13:00:51,6.92,0.0,5,3460,买盘
1798,13:00:54,6.92,0.0,53,36676,买盘
1799,13:00:57,6.92,0.0,35,24220,买盘
1800,13:01:01,6.92,0.0,4,2768,买盘
1801,13:01:04,6.92,0.0,122,84424,买盘
1802,13:01:06,6.91,-0.01,107,73961,卖盘
1803,13:01:12,6.91,0.0,30,20735,卖盘
1804,13:01:16,6.92,0.01,21,14532,买盘
1805,13:01:18,6.92,0.0,80,55389,买盘
1806,13:01:21,6.92,0.0,3,2076,买盘
1807,13:01:24,6.92,0.0,6,4152,买盘
1808,13:01:45,6.92,0.0,9,6228,卖盘
1809,13:01:57,6.92,0.0,63,43596,卖盘
1810,13:02:04,6.93,0.01,160,110760,买盘
1811,13:02:07,6.93,0.0,20,13860,买盘
1812,13:02:10,6.93,0.0,110,76230,买盘
1813,13:02:12,6.92,-0.01,22,15224,卖盘
1814,13:02:15,6.93,0.01,104,72026,买盘
1815,13:02:24,6.92,-0.01,2,1384,买盘
1816,13:02:30,6.92,0.0,8,5536,买盘
1817,13:02:36,6.92,0.0,2,1384,买盘
1818,13:02:40,6.92,0.0,17,11758,买盘
1819,13:02:45,6.92,0.0,86,59512,买盘
1820,13:02:51,6.91,-0.01,2,1382,卖盘
1821,13:02:54,6.91,0.0,41,28342,卖盘
1822,13:03:18,6.92,0.01,73,50516,买盘
1823,13:03:31,6.91,-0.01,272,188174,卖盘
1824,13:03:34,6.91,0.0,25,17280,卖盘
1825,13:03:39,6.92,0.01,69,47697,买盘
1826,13:03:42,6.92,0.0,8,5536,买盘
1827,13:03:52,6.92,0.0,18,12456,买盘
1828,13:03:55,6.92,0.0,2,1384,买盘
1829,13:04:06,6.91,-0.01,75,51890,卖盘
1830,13:04:21,6.91,0.0,14,9674,卖盘
1831,13:04:30,6.91,0.0,217,149947,卖盘
1832,13:04:33,6.91,0.0,5,3455,买盘
1833,13:04:42,6.9,-0.01,20,13800,卖盘
1834,13:04:54,6.91,0.01,33,22803,买盘
1835,13:04:57,6.91,0.0,1,691,卖盘
1836,13:05:07,6.91,0.0,33,22803,卖盘
1837,13:05:10,6.91,0.0,50,34550,卖盘
1838,13:05:13,6.92,0.01,44,30448,买盘
1839,13:05:16,6.91,-0.01,16,11056,卖盘
1840,13:05:18,6.92,0.01,4,2768,买盘
1841,13:05:21,6.91,-0.01,79,54589,卖盘
1842,13:05:25,6.91,0.0,1,691,卖盘
1843,13:05:27,6.91,0.0,1,691,买盘
1844,13:05:36,6.91,0.0,2,1382,买盘
1845,13:05:45,6.91,0.0,7,4837,买盘
1846,13:05:52,6.9,-0.01,20,13800,卖盘
1847,13:06:04,6.9,0.0,20,13800,卖盘
1848,13:06:06,6.91,0.01,49,33811,买盘
1849,13:06:09,6.9,-0.01,2,1380,卖盘
1850,13:06:12,6.9,0.0,30,20700,卖盘
1851,13:06:16,6.9,0.0,10,6900,卖盘
1852,13:06:27,6.9,0.0,26,17940,卖盘
1853,13:06:30,6.89,-0.01,172,118674,卖盘
1854,13:06:37,6.9,0.01,20,13800,卖盘
1855,13:06:40,6.91,0.01,40,27639,买盘
1856,13:06:54,6.9,-0.01,19,13110,买盘
1857,13:07:07,6.9,0.0,4,2760,买盘
1858,13:07:18,6.9,0.0,38,26220,买盘
1859,13:07:33,6.9,0.0,20,13800,卖盘
1860,13:07:36,6.91,0.01,1,691,买盘
1861,13:07:39,6.9,-0.01,13,8970,卖盘
1862,13:07:45,6.9,0.0,11,7590,卖盘
1863,13:07:48,6.91,0.01,18,12438,买盘
1864,13:07:57,6.9,-0.01,33,22770,卖盘
1865,13:08:07,6.9,0.0,37,25530,卖盘
1866,13:08:22,6.9,0.0,4,2760,卖盘
1867,13:08:25,6.9,0.0,5,3450,卖盘
1868,13:08:30,6.9,0.0,10,6900,卖盘
1869,13:08:33,6.9,0.0,23,15870,卖盘
1870,13:08:40,6.9,0.0,111,76590,卖盘
1871,13:08:46,6.9,0.0,1,690,卖盘
1872,13:08:48,6.9,0.0,20,13800,卖盘
1873,13:08:52,6.9,0.0,14,9660,买盘
1874,13:08:57,6.9,0.0,11,7586,买盘
1875,13:09:04,6.9,0.0,7,4825,买盘
1876,13:09:07,6.89,-0.01,54,37206,卖盘
1877,13:09:16,6.9,0.01,5,3450,买盘
1878,13:09:19,6.89,-0.01,14,9646,卖盘
1879,13:09:28,6.89,0.0,1,689,卖盘
1880,13:09:30,6.9,0.01,63,43420,买盘
1881,13:09:39,6.9,0.0,59,40707,买盘
1882,13:10:01,6.89,-0.01,7,4823,卖盘
1883,13:10:04,6.9,0.01,24,16560,买盘
1884,13:10:24,6.9,0.0,36,24820,买盘
1885,13:10:36,6.89,-0.01,20,13780,卖盘
1886,13:10:39,6.89,0.0,50,34470,卖盘
1887,13:10:58,6.89,0.0,3,2067,卖盘
1888,13:11:01,6.89,0.0,2,1378,卖盘
1889,13:11:04,6.89,0.0,5,3445,卖盘
1890,13:11:24,6.91,0.02,281,193957,买盘
1891,13:11:34,6.9,-0.01,25,17250,卖盘
1892,13:11:39,6.9,0.0,6,4140,买盘
1893,13:11:45,6.9,0.0,69,47610,买盘
1894,13:11:48,6.91,0.01,3,2073,买盘
1895,13:12:09,6.91,0.0,20,13820,买盘
1896,13:12:15,6.9,-0.01,17,11730,卖盘
1897,13:12:18,6.91,0.01,2,1382,买盘
1898,13:12:21,6.91,0.0,35,24185,买盘
1899,13:12:33,6.9,-0.01,2,1380,卖盘
1900,13:12:39,6.9,0.0,4,2760,卖盘
1901,13:12:43,6.9,0.0,2,1380,卖盘
1902,13:12:46,6.91,0.01,19,13129,买盘
1903,13:12:49,6.91,0.0,50,34550,买盘
1904,13:12:51,6.9,-0.01,6,4140,卖盘
1905,13:12:54,6.9,0.0,15,10358,卖盘
1906,13:12:57,6.91,0.01,34,23470,买盘
1907,13:13:10,6.9,-0.01,3,2070,卖盘
1908,13:13:16,6.91,0.01,3,2073,买盘
1909,13:13:19,6.91,0.0,29,20039,买盘
1910,13:13:22,6.9,-0.01,47,32430,卖盘
1911,13:13:28,6.9,0.0,101,69790,卖盘
1912,13:13:34,6.91,0.01,1,691,买盘
1913,13:13:40,6.91,0.0,19,13129,买盘
1914,13:13:45,6.91,0.0,3,2073,卖盘
1915,13:13:48,6.91,0.0,115,79465,买盘
1916,13:13:54,6.91,0.0,7,4837,买盘
1917,13:13:57,6.9,-0.01,104,71844,卖盘
1918,13:14:00,6.91,0.01,57,39387,买盘
1919,13:14:04,6.91,0.0,30,20730,买盘
1920,13:14:07,6.91,0.0,55,38005,买盘
1921,13:14:10,6.91,0.0,31,21421,买盘
1922,13:14:13,6.91,0.0,35,24185,买盘
1923,13:14:15,6.91,0.0,48,33162,买盘
1924,13:14:19,6.91,0.0,99,68409,买盘
1925,13:14:25,6.91,0.0,52,35968,卖盘
1926,13:14:27,6.91,0.0,27,18657,卖盘
1927,13:14:31,6.91,0.0,3,2073,卖盘
1928,13:14:34,6.91,0.0,44,30404,卖盘
1929,13:14:39,6.91,0.0,30,20740,卖盘
1930,13:14:42,6.91,0.0,180,124384,卖盘
1931,13:14:51,6.91,0.0,24,16584,买盘
1932,13:15:04,6.91,0.0,13,8983,买盘
1933,13:15:09,6.91,0.0,80,55280,买盘
1934,13:15:12,6.91,0.0,11,7601,卖盘
1935,13:15:18,6.91,0.0,40,27615,买盘
1936,13:15:22,6.91,0.0,20,13820,卖盘
1937,13:15:25,6.91,0.0,5,3455,卖盘
1938,13:15:28,6.91,0.0,2,1382,卖盘
1939,13:15:34,6.91,0.0,10,6910,卖盘
1940,13:15:40,6.92,0.01,8,5536,买盘
1941,13:15:43,6.92,0.0,179,123868,买盘
1942,13:15:46,6.91,-0.01,200,138200,卖盘
1943,13:15:51,6.9,-0.01,15,10361,卖盘
1944,13:15:54,6.92,0.02,8,5536,买盘
1945,13:16:07,6.9,-0.02,15,10350,卖盘
1946,13:16:13,6.91,0.01,47,32479,买盘
1947,13:16:21,6.91,0.0,5,3455,卖盘
1948,13:16:28,6.91,0.0,127,87757,卖盘
1949,13:16:30,6.91,0.0,5,3455,买盘
1950,13:16:48,6.91,0.0,8,5528,买盘
1951,13:17:00,6.91,0.0,13,8983,买盘
1952,13:17:19,6.9,-0.01,21,14490,卖盘
1953,13:17:39,6.9,0.0,63,43470,卖盘
1954,13:17:49,6.9,0.0,6,4140,卖盘
1955,13:17:55,6.9,0.0,5,3450,卖盘
1956,13:18:04,6.91,0.01,18,12438,买盘
1957,13:18:07,6.91,0.0,131,90521,买盘
1958,13:18:13,6.91,0.0,10,6910,卖盘
1959,13:18:24,6.91,0.0,17,11747,卖盘
1960,13:18:30,6.92,0.01,295,204120,买盘
1961,13:18:33,6.91,-0.01,25,17275,卖盘
1962,13:18:37,6.9,-0.01,23,15870,卖盘
1963,13:18:43,6.92,0.02,40,27661,买盘
1964,13:18:52,6.91,-0.01,5,3455,买盘
1965,13:18:55,6.91,0.0,8,5528,卖盘
1966,13:19:01,6.91,0.0,97,67122,卖盘
1967,13:19:06,6.92,0.01,1,692,买盘
1968,13:19:18,6.91,-0.01,1,691,卖盘
1969,13:19:36,6.92,0.01,1,692,买盘
1970,13:19:48,6.92,0.0,61,42212,买盘
1971,13:19:51,6.92,0.0,32,22144,买盘
1972,13:19:57,6.92,0.0,208,143936,买盘
1973,13:20:00,6.92,0.0,16,11072,买盘
1974,13:20:04,6.92,0.0,5,3460,买盘
1975,13:20:07,6.92,0.0,376,260379,买盘
1976,13:20:15,6.93,0.01,1005,696465,买盘
1977,13:20:22,6.93,0.0,27,18711,买盘
1978,13:20:25,6.93,0.0,370,256410,买盘
1979,13:20:28,6.94,0.01,353,244855,买盘
1980,13:20:31,6.94,0.0,63,43722,买盘
1981,13:20:34,6.93,-0.01,527,365728,卖盘
1982,13:20:36,6.95,0.02,246,170858,买盘
1983,13:20:39,6.95,0.0,214,148710,买盘
1984,13:20:42,6.95,0.0,71,49325,买盘
1985,13:20:45,6.95,0.0,16,11115,买盘
1986,13:20:49,6.95,0.0,494,343130,买盘
1987,13:20:51,6.95,0.0,255,177225,买盘
1988,13:20:54,6.95,0.0,319,221705,买盘
1989,13:20:58,6.96,0.01,206,143322,买盘
1990,13:21:00,6.96,0.0,63,43848,买盘
1991,13:21:03,6.96,0.0,2,1392,买盘
1992,13:21:07,6.97,0.01,1221,850001,买盘
1993,13:21:09,6.97,0.0,178,124066,买盘
1994,13:21:13,6.97,0.0,1285,895645,买盘
1995,13:21:16,6.97,0.0,398,277406,买盘
1996,13:21:19,7.0,0.03,2196,1533818,买盘
1997,13:21:21,7.0,0.0,62,43400,买盘
1998,13:21:24,7.0,0.0,1670,1169000,买盘
1999,13:21:28,7.02,0.02,187,131056,买盘
2000,13:21:31,7.02,0.0,116,81432,买盘
2001,13:21:33,7.03,0.01,295,207094,买盘
2002,13:21:36,7.04,0.01,317,222693,买盘
2003,13:21:40,7.05,0.01,526,370853,买盘
2004,13:21:42,7.05,0.0,179,126324,卖盘
2005,13:21:45,7.06,0.01,186,131303,买盘
2006,13:21:48,7.07,0.01,276,194784,买盘
2007,13:21:51,7.08,0.01,546,386294,买盘
2008,13:21:54,7.08,0.0,35,24788,卖盘
2009,13:21:57,7.09,0.01,78,55286,买盘
2010,13:22:01,7.1,0.01,484,343197,买盘
2011,13:22:04,7.1,0.0,791,561592,买盘
2012,13:22:06,7.12,0.02,366,260209,买盘
2013,13:22:09,7.12,0.0,355,252312,买盘
2014,13:22:13,7.12,0.0,309,220008,买盘
2015,13:22:16,7.13,0.01,722,514205,买盘
2016,13:22:19,7.13,0.0,485,345803,买盘
2017,13:22:22,7.14,0.01,189,134856,买盘
2018,13:22:25,7.16,0.02,1417,1013113,买盘
2019,13:22:27,7.18,0.02,1078,771709,买盘
2020,13:22:30,7.14,-0.04,272,194402,卖盘
2021,13:22:34,7.18,0.04,731,524023,买盘
2022,13:22:37,7.17,-0.01,495,355098,卖盘
2023,13:22:40,7.17,0.0,233,166865,买盘
2024,13:22:43,7.19,0.02,3227,2316565,买盘
2025,13:22:46,7.2,0.01,424,304937,买盘
2026,13:22:49,7.19,-0.01,821,589984,卖盘
2027,13:22:52,7.19,0.0,1281,918095,买盘
2028,13:22:55,7.18,-0.01,977,700841,中性盘
2029,13:22:58,7.13,-0.05,1242,891696,卖盘
2030,13:23:01,7.18,0.05,281,200499,买盘
2031,13:23:04,7.16,-0.02,171,122329,中性盘
2032,13:23:07,7.16,0.0,113,80700,买盘
2033,13:23:09,7.12,-0.04,374,266996,卖盘
2034,13:23:12,7.15,0.03,266,189654,买盘
2035,13:23:16,7.15,0.0,78,55763,买盘
2036,13:23:19,7.13,-0.02,303,216401,卖盘
2037,13:23:22,7.15,0.02,171,121987,买盘
2038,13:23:24,7.13,-0.02,301,214538,卖盘
2039,13:23:28,7.12,-0.01,60,42760,卖盘
2040,13:23:30,7.13,0.01,206,146778,买盘
2041,13:23:34,7.13,0.0,48,34224,买盘
2042,13:23:37,7.12,-0.01,135,96150,卖盘
2043,13:23:40,7.13,0.01,79,56268,买盘
2044,13:23:43,7.13,0.0,104,74130,买盘
2045,13:23:46,7.12,-0.01,54,38459,卖盘
2046,13:23:48,7.12,0.0,189,134565,卖盘
2047,13:23:52,7.13,0.01,253,180227,买盘
2048,13:23:55,7.12,-0.01,24,17088,中性盘
2049,13:23:58,7.12,0.0,9,6408,买盘
2050,13:24:01,7.1,-0.02,158,112351,卖盘
2051,13:24:04,7.12,0.02,727,517537,买盘
2052,13:24:07,7.1,-0.02,73,51946,卖盘
2053,13:24:10,7.1,0.0,417,296070,卖盘
2054,13:24:13,7.1,0.0,18,12780,买盘
2055,13:24:15,7.1,0.0,139,98659,买盘
2056,13:24:18,7.09,-0.01,25,17725,卖盘
2057,13:24:24,7.09,0.0,4,2836,买盘
2058,13:24:27,7.08,-0.01,28,19818,卖盘
2059,13:24:31,7.07,-0.01,7,4949,卖盘
2060,13:24:34,7.08,0.01,17,12036,买盘
2061,13:24:37,7.07,-0.01,1460,1036090,卖盘
2062,13:24:39,7.08,0.01,177,125233,买盘
2063,13:24:43,7.08,0.0,95,67209,买盘
2064,13:24:46,7.07,-0.01,26,18416,卖盘
2065,13:24:48,7.09,0.02,273,193053,买盘
2066,13:24:51,7.09,0.0,39,27616,买盘
2067,13:24:55,7.06,-0.03,100,70775,卖盘
2068,13:24:57,7.08,0.02,123,87196,中性盘
2069,13:25:00,7.08,0.0,1,708,买盘
2070,13:25:04,7.08,0.0,103,72924,买盘
2071,13:25:06,7.08,0.0,52,36816,买盘
2072,13:25:10,7.07,-0.01,54,38215,卖盘
2073,13:25:13,7.09,0.02,171,121075,买盘
2074,13:25:16,7.08,-0.01,14,9912,卖盘
2075,13:25:19,7.09,0.01,157,111297,买盘
2076,13:25:22,7.08,-0.01,193,136644,卖盘
2077,13:25:25,7.09,0.01,192,136304,买盘
2078,13:25:28,7.09,0.0,165,117005,卖盘
2079,13:25:31,7.09,0.0,8,5675,卖盘
2080,13:25:33,7.1,0.01,628,445880,买盘
2081,13:25:36,7.11,0.01,50,35550,买盘
2082,13:25:39,7.1,-0.01,68,48318,卖盘
2083,13:25:43,7.12,0.02,87,61888,买盘
2084,13:25:46,7.11,-0.01,106,75452,卖盘
2085,13:25:49,7.12,0.01,90,64060,买盘
2086,13:25:52,7.13,0.01,142,101163,买盘
2087,13:25:55,7.13,0.0,146,103973,买盘
2088,13:25:58,7.14,0.01,207,147604,买盘
2089,13:26:01,7.14,0.0,29,20686,买盘
2090,13:26:04,7.14,0.0,37,26398,买盘
2091,13:26:07,7.14,0.0,146,104231,买盘
2092,13:26:10,7.15,0.01,651,464873,买盘
2093,13:26:13,7.13,-0.02,567,404762,卖盘
2094,13:26:15,7.15,0.02,118,84262,买盘
2095,13:26:19,7.2,0.05,2820,2025274,买盘
2096,13:26:22,7.15,-0.05,158,113695,卖盘
2097,13:26:24,7.16,0.01,82,58706,买盘
2098,13:26:27,7.2,0.04,240,172285,买盘
2099,13:26:31,7.2,0.0,27,19382,买盘
2100,13:26:34,7.19,-0.01,125,89939,中性盘
2101,13:26:37,7.2,0.01,307,220797,买盘
2102,13:26:40,7.2,0.0,222,159467,买盘
2103,13:26:43,7.19,-0.01,265,190552,中性盘
2104,13:26:46,7.19,0.0,219,157459,买盘
2105,13:26:48,7.19,0.0,590,424408,买盘
2106,13:26:52,7.18,-0.01,126,90521,卖盘
2107,13:26:55,7.18,0.0,101,72518,买盘
2108,13:26:58,7.17,-0.01,240,172271,卖盘
2109,13:27:01,7.16,-0.01,821,588686,卖盘
2110,13:27:04,7.16,0.0,27,19332,买盘
2111,13:27:06,7.16,0.0,94,67299,买盘
2112,13:27:09,7.16,0.0,89,63642,买盘
2113,13:27:13,7.16,0.0,106,75813,买盘
2114,13:27:16,7.16,0.0,147,104953,买盘
2115,13:27:19,7.15,-0.01,12,8580,中性盘
2116,13:27:22,7.14,-0.01,79,56475,中性盘
2117,13:27:25,7.13,-0.01,147,104816,卖盘
2118,13:27:28,7.14,0.01,76,54239,买盘
2119,13:27:30,7.12,-0.02,374,266439,卖盘
2120,13:27:34,7.13,0.01,6,4277,买盘
2121,13:27:37,7.12,-0.01,261,186125,卖盘
2122,13:27:40,7.14,0.02,273,194587,买盘
2123,13:27:43,7.12,-0.02,135,96120,卖盘
2124,13:27:46,7.11,-0.01,30,21335,卖盘
2125,13:27:48,7.12,0.01,101,71912,买盘
2126,13:27:52,7.12,0.0,12,8544,卖盘
2127,13:27:54,7.12,0.0,33,23496,卖盘
2128,13:27:58,7.12,0.0,150,106942,卖盘
2129,13:28:01,7.11,-0.01,74,52667,卖盘
2130,13:28:04,7.11,0.0,367,260903,卖盘
2131,13:28:07,7.11,0.0,8,5688,买盘
2132,13:28:10,7.11,0.0,353,250979,买盘
2133,13:28:13,7.12,0.01,30,21350,买盘
2134,13:28:15,7.11,-0.01,20,14220,卖盘
2135,13:28:19,7.11,0.0,166,118393,卖盘
2136,13:28:22,7.11,0.0,128,90997,卖盘
2137,13:28:25,7.11,0.0,30,21330,买盘
2138,13:28:28,7.11,0.0,56,39816,买盘
2139,13:28:30,7.11,0.0,19,13509,买盘
2140,13:28:33,7.11,0.0,39,27725,买盘
2141,13:28:36,7.1,-0.01,362,257125,卖盘
2142,13:28:40,7.1,0.0,128,90880,买盘
2143,13:28:46,7.11,0.01,100,71001,买盘
2144,13:28:49,7.09,-0.02,97,68859,卖盘
2145,13:28:52,7.1,0.01,391,277100,买盘
2146,13:28:55,7.1,0.0,193,137014,买盘
2147,13:28:58,7.1,0.0,54,38333,买盘
2148,13:29:01,7.09,-0.01,23,16290,中性盘
2149,13:29:04,7.09,0.0,35,24815,买盘
2150,13:29:06,7.1,0.01,24,17027,买盘
2151,13:29:10,7.09,-0.01,35,24815,卖盘
2152,13:29:13,7.1,0.01,10,7100,买盘
2153,13:29:16,7.08,-0.02,311,220246,卖盘
2154,13:29:19,7.1,0.02,83,58857,买盘
2155,13:29:22,7.09,-0.01,57,40466,卖盘
2156,13:29:25,7.1,0.01,23,16310,买盘
2157,13:29:27,7.1,0.0,2,1420,买盘
2158,13:29:33,7.09,-0.01,9,6381,卖盘
2159,13:29:37,7.09,0.0,21,14889,买盘
2160,13:29:40,7.09,0.0,32,22688,买盘
2161,13:29:43,7.09,0.0,45,31905,买盘
2162,13:29:46,7.09,0.0,10,7090,买盘
2163,13:29:48,7.09,0.0,16,11348,卖盘
2164,13:29:51,7.1,0.01,9,6382,买盘
2165,13:29:54,7.09,-0.01,133,94297,卖盘
2166,13:29:57,7.09,0.0,56,39704,卖盘
2167,13:30:01,7.09,0.0,1,709,买盘
2168,13:30:04,7.09,0.0,314,222426,买盘
2169,13:30:07,7.09,0.0,2,1418,买盘
2170,13:30:10,7.09,0.0,35,24815,买盘
2171,13:30:13,7.09,0.0,45,31905,卖盘
2172,13:30:18,7.09,0.0,224,159030,卖盘
2173,13:30:21,7.09,0.0,54,38316,卖盘
2174,13:30:25,7.1,0.01,24,17040,买盘
2175,13:30:28,7.09,-0.01,86,61013,买盘
2176,13:30:30,7.09,0.0,2,1418,卖盘
2177,13:30:34,7.07,-0.02,371,262641,卖盘
2178,13:30:40,7.1,0.03,100,71000,买盘
2179,13:30:42,7.09,-0.01,20,14180,卖盘
2180,13:30:46,7.09,0.0,18,12758,卖盘
2181,13:30:49,7.1,0.01,68,48227,买盘
2182,13:30:52,7.1,0.0,47,33367,买盘
2183,13:30:55,7.1,0.0,5,3550,卖盘
2184,13:30:57,7.1,0.0,16,11360,卖盘
2185,13:31:01,7.1,0.0,20,14200,卖盘
2186,13:31:04,7.1,0.0,10,7100,卖盘
2187,13:31:10,7.1,0.0,27,19180,卖盘
2188,13:31:13,7.1,0.0,40,28400,买盘
2189,13:31:16,7.11,0.01,22,15629,买盘
2190,13:31:19,7.1,-0.01,130,92300,卖盘
2191,13:31:22,7.1,0.0,16,11360,买盘
2192,13:31:25,7.1,0.0,13,9230,买盘
2193,13:31:27,7.08,-0.02,632,447646,卖盘
2194,13:31:31,7.08,0.0,35,24780,买盘
2195,13:31:36,7.09,0.01,126,89210,买盘
2196,13:31:39,7.07,-0.02,851,601803,卖盘
2197,13:31:45,7.07,0.0,10,7070,买盘
2198,13:31:49,7.06,-0.01,179,126415,卖盘
2199,13:31:52,7.06,0.0,134,94619,卖盘
2200,13:31:55,7.05,-0.01,21,14821,卖盘
2201,13:31:58,7.05,0.0,260,183300,卖盘
2202,13:32:01,7.05,0.0,70,49400,卖盘
2203,13:32:04,7.04,-0.01,135,95056,卖盘
2204,13:32:07,7.03,-0.01,169,118867,卖盘
2205,13:32:10,7.04,0.01,3,2112,买盘
2206,13:32:13,7.03,-0.01,157,110476,卖盘
2207,13:32:15,7.04,0.01,148,104192,买盘
2208,13:32:19,7.04,0.0,201,141454,卖盘
2209,13:32:21,7.03,-0.01,22,15471,卖盘
2210,13:32:24,7.05,0.02,19,13387,买盘
2211,13:32:27,7.04,-0.01,52,36648,卖盘
2212,13:32:30,7.05,0.01,12,8460,买盘
2213,13:32:34,7.04,-0.01,121,85251,卖盘
2214,13:32:37,7.04,0.0,8,5632,买盘
2215,13:32:40,7.04,0.0,52,36608,买盘
2216,13:32:46,7.05,0.01,60,42300,买盘
2217,13:32:52,7.04,-0.01,516,363764,卖盘
2218,13:32:54,7.03,-0.01,107,75344,卖盘
2219,13:33:04,7.06,0.03,20,14104,买盘
2220,13:33:06,7.05,-0.01,39,27495,卖盘
2221,13:33:10,7.05,0.0,61,43005,卖盘
2222,13:33:16,7.05,0.0,24,16914,买盘
2223,13:33:19,7.05,0.0,10,7050,买盘
2224,13:33:21,7.05,0.0,14,9870,买盘
2225,13:33:31,7.05,0.0,44,31020,卖盘
2226,13:33:34,7.06,0.01,17,12002,买盘
2227,13:33:37,7.05,-0.01,2,1410,卖盘
2228,13:33:39,7.06,0.01,92,64952,买盘
2229,13:33:43,7.06,0.0,3,2118,卖盘
2230,13:33:49,7.07,0.01,21,14831,买盘
2231,13:33:52,7.07,0.0,1,707,买盘
2232,13:33:57,7.06,-0.01,32,22593,卖盘
2233,13:34:04,7.06,0.0,14,9894,卖盘
2234,13:34:07,7.07,0.01,99,69931,买盘
2235,13:34:10,7.07,0.0,6,4242,买盘
2236,13:34:13,7.06,-0.01,30,21180,卖盘
2237,13:34:15,7.07,0.01,12,8484,买盘
2238,13:34:19,7.07,0.0,9,6361,买盘
2239,13:34:25,7.07,0.0,7,4949,买盘
2240,13:34:31,7.06,-0.01,1,706,卖盘
2241,13:34:34,7.07,0.01,31,21917,买盘
2242,13:34:42,7.07,0.0,11,7769,买盘
2243,13:34:48,7.06,-0.01,114,80498,卖盘
2244,13:34:52,7.07,0.01,13,9191,买盘
2245,13:34:54,7.06,-0.01,45,31770,卖盘
2246,13:34:57,7.06,0.0,148,104512,卖盘
2247,13:35:00,7.06,0.0,42,29664,卖盘
2248,13:35:04,7.06,0.0,30,21180,卖盘
2249,13:35:07,7.05,-0.01,26,18340,卖盘
2250,13:35:09,7.07,0.02,90,63551,买盘
2251,13:35:16,7.05,-0.02,55,38780,卖盘
2252,13:35:19,7.06,0.01,78,55000,买盘
2253,13:35:22,7.05,-0.01,46,32430,卖盘
2254,13:35:25,7.05,0.0,3,2115,卖盘
2255,13:35:28,7.06,0.01,8,5648,买盘
2256,13:35:30,7.05,-0.01,156,109980,卖盘
2257,13:35:34,7.06,0.01,49,34594,买盘
2258,13:35:37,7.06,0.0,10,7060,买盘
2259,13:35:39,7.06,0.0,118,83198,买盘
2260,13:35:45,7.05,-0.01,69,48663,卖盘
2261,13:35:49,7.05,0.0,54,38070,卖盘
2262,13:35:52,7.05,0.0,1,705,卖盘
2263,13:35:54,7.06,0.01,28,19768,买盘
2264,13:35:58,7.06,0.0,119,83944,买盘
2265,13:36:01,7.05,-0.01,30,21150,卖盘
2266,13:36:04,7.06,0.01,5,3530,买盘
2267,13:36:06,7.04,-0.02,341,240290,卖盘
2268,13:36:13,7.04,0.0,25,17600,买盘
2269,13:36:22,7.03,-0.01,20,14060,卖盘
2270,13:36:24,7.03,0.0,18,12662,卖盘
2271,13:36:31,7.05,0.02,183,128690,买盘
2272,13:36:34,7.03,-0.02,60,42196,卖盘
2273,13:36:37,7.03,0.0,150,105450,卖盘
2274,13:36:40,7.03,0.0,4,2812,买盘
2275,13:36:43,7.03,0.0,24,16877,中性盘
2276,13:36:45,7.03,0.0,6,4218,买盘
2277,13:36:51,7.02,-0.01,119,83538,卖盘
2278,13:36:58,7.02,0.0,1,702,中性盘
2279,13:37:01,7.02,0.0,10,7020,卖盘
2280,13:37:04,7.02,0.0,2,1404,卖盘
2281,13:37:07,7.03,0.01,59,41477,买盘
2282,13:37:09,7.02,-0.01,58,40757,卖盘
2283,13:37:12,7.02,0.0,55,38610,卖盘
2284,13:37:16,7.02,0.0,2,1404,卖盘
2285,13:37:19,7.05,0.03,160,112695,买盘
2286,13:37:21,7.05,0.0,40,28200,买盘
2287,13:37:25,7.03,-0.02,13,9139,卖盘
2288,13:37:31,7.05,0.02,16,11253,买盘
2289,13:37:33,7.06,0.01,128,90345,买盘
2290,13:37:37,7.03,-0.03,5,3515,卖盘
2291,13:37:49,7.05,0.02,30,21150,买盘
2292,13:37:52,7.05,0.0,20,14100,卖盘
2293,13:37:54,7.05,0.0,27,19035,买盘
2294,13:38:00,7.04,-0.01,68,47882,卖盘
2295,13:38:06,7.05,0.01,117,82485,买盘
2296,13:38:09,7.05,0.0,5,3525,卖盘
2297,13:38:13,7.05,0.0,87,61335,卖盘
2298,13:38:18,7.05,0.0,9,6345,卖盘
2299,13:38:22,7.06,0.01,18,12707,买盘
2300,13:38:28,7.05,-0.01,10,7050,买盘
2301,13:38:31,7.04,-0.01,13,9152,卖盘
2302,13:38:34,7.06,0.02,19,13411,买盘
2303,13:38:40,7.05,-0.01,5,3525,卖盘
2304,13:38:45,7.05,0.0,8,5640,卖盘
2305,13:38:58,7.06,0.01,11,7766,买盘
2306,13:39:01,7.05,-0.01,5,3525,卖盘
2307,13:39:04,7.05,0.0,12,8460,卖盘
2308,13:39:06,7.05,0.0,8,5640,卖盘
2309,13:39:09,7.05,0.0,20,14100,卖盘
2310,13:39:12,7.05,0.0,40,28210,卖盘
2311,13:39:16,7.05,0.0,286,201630,卖盘
2312,13:39:22,7.05,0.0,23,16215,买盘
2313,13:39:30,7.05,0.0,1,705,买盘
2314,13:39:37,7.04,-0.01,50,35200,卖盘
2315,13:39:42,7.05,0.01,12,8450,买盘
2316,13:39:55,7.04,-0.01,85,59840,卖盘
2317,13:39:58,7.05,0.01,8,5640,买盘
2318,13:40:00,7.04,-0.01,30,21120,卖盘
2319,13:40:07,7.05,0.01,315,221971,买盘
2320,13:40:09,7.05,0.0,24,16920,卖盘
2321,13:40:16,7.03,-0.02,45,31713,卖盘
2322,13:40:19,7.05,0.02,16,11280,中性盘
2323,13:40:22,7.05,0.0,16,11280,买盘
2324,13:40:34,7.05,0.0,6,4230,买盘
2325,13:40:37,7.03,-0.02,53,37278,卖盘
2326,13:40:39,7.04,0.01,39,27465,中性盘
2327,13:40:49,7.04,0.0,5,3520,卖盘
2328,13:40:57,7.04,0.0,14,9856,卖盘
2329,13:41:07,7.04,0.0,18,12672,卖盘
2330,13:41:13,7.04,0.0,23,16192,卖盘
2331,13:41:16,7.04,0.0,22,15488,卖盘
2332,13:41:18,7.05,0.01,6,4227,买盘
2333,13:41:24,7.04,-0.01,53,37312,卖盘
2334,13:41:27,7.04,0.0,10,7040,买盘
2335,13:41:30,7.04,0.0,10,7040,买盘
2336,13:41:34,7.04,0.0,3,2112,买盘
2337,13:41:46,7.04,0.0,36,25324,买盘
2338,13:41:48,7.04,0.0,62,43638,买盘
2339,13:42:00,7.04,0.0,19,13361,买盘
2340,13:42:07,7.04,0.0,70,49280,买盘
2341,13:42:10,7.04,0.0,2,1408,买盘
2342,13:42:19,7.03,-0.01,7,4921,卖盘
2343,13:42:22,7.03,0.0,60,42180,卖盘
2344,13:42:25,7.04,0.01,66,46414,买盘
2345,13:42:28,7.04,0.0,50,35200,买盘
2346,13:42:31,7.04,0.0,86,60544,买盘
2347,13:42:34,7.04,0.0,3,2112,卖盘
2348,13:42:37,7.03,-0.01,23,16183,卖盘
2349,13:42:43,7.03,0.0,3,2109,卖盘
2350,13:42:45,7.03,0.0,80,56240,卖盘
2351,13:42:48,7.03,0.0,5,3515,卖盘
2352,13:42:54,7.03,0.0,142,99926,卖盘
2353,13:43:07,7.03,0.0,100,70300,卖盘
2354,13:43:09,7.03,0.0,47,33041,卖盘
2355,13:43:16,7.03,0.0,3,2109,买盘
2356,13:43:22,7.04,0.01,8,5628,买盘
2357,13:43:25,7.03,-0.01,9,6327,卖盘
2358,13:43:34,7.03,0.0,6,4218,买盘
2359,13:43:37,7.03,0.0,15,10545,买盘
2360,13:43:40,7.03,0.0,3,2109,买盘
2361,13:43:43,7.02,-0.01,3,2106,卖盘
2362,13:43:46,7.03,0.01,8,5624,买盘
2363,13:43:48,7.03,0.0,2,1406,卖盘
2364,13:43:51,7.03,0.0,22,15466,卖盘
2365,13:43:57,7.03,0.0,16,11248,卖盘
2366,13:44:01,7.03,0.0,18,12654,卖盘
2367,13:44:04,7.03,0.0,35,24605,卖盘
2368,13:44:07,7.03,0.0,1,703,买盘
2369,13:44:09,7.03,0.0,3,2109,买盘
2370,13:44:12,7.03,0.0,21,14763,买盘
2371,13:44:19,7.03,0.0,14,9842,卖盘
2372,13:44:22,7.03,0.0,6,4218,买盘
2373,13:44:25,7.04,0.01,25,17600,买盘
2374,13:44:28,7.03,-0.01,1,703,卖盘
2375,13:44:40,7.03,0.0,20,14060,卖盘
2376,13:44:45,7.03,0.0,19,13366,卖盘
2377,13:44:48,7.03,0.0,13,9139,卖盘
2378,13:44:52,7.03,0.0,16,11248,卖盘
2379,13:44:55,7.03,0.0,10,7030,卖盘
2380,13:44:58,7.04,0.01,5,3520,买盘
2381,13:45:01,7.03,-0.01,20,14060,卖盘
2382,13:45:16,7.04,0.01,42,29568,买盘
2383,13:45:22,7.04,0.0,53,37312,买盘
2384,13:45:31,7.04,0.0,14,9843,买盘
2385,13:45:34,7.04,0.0,78,54844,买盘
2386,13:45:36,7.04,0.0,70,49230,买盘
2387,13:45:40,7.04,0.0,10,7040,买盘
2388,13:45:43,7.04,0.0,15,10560,买盘
2389,13:45:49,7.04,0.0,17,11968,买盘
2390,13:45:54,7.03,-0.01,9,6327,卖盘
2391,13:45:57,7.04,0.01,2,1408,买盘
2392,13:46:00,7.03,-0.01,50,35150,卖盘
2393,13:46:06,7.03,0.0,5,3515,卖盘
2394,13:46:15,7.03,0.0,9,6327,卖盘
2395,13:46:22,7.03,0.0,118,82962,卖盘
2396,13:46:25,7.03,0.0,4,2812,卖盘
2397,13:46:28,7.03,0.0,5,3515,卖盘
2398,13:46:31,7.03,0.0,378,265734,卖盘
2399,13:46:34,7.03,0.0,63,44289,买盘
2400,13:46:37,7.02,-0.01,2,1404,卖盘
2401,13:46:40,7.03,0.01,27,18981,买盘
2402,13:46:46,7.04,0.01,32,22521,买盘
2403,13:46:54,7.03,-0.01,3,2109,卖盘
2404,13:47:10,7.02,-0.01,7,4914,卖盘
2405,13:47:13,7.02,0.0,104,73092,卖盘
2406,13:47:16,7.03,0.01,10,7030,买盘
2407,13:47:19,7.02,-0.01,51,35802,卖盘
2408,13:47:22,7.02,0.0,15,10530,卖盘
2409,13:47:28,7.02,0.0,36,25272,卖盘
2410,13:47:31,7.02,0.0,120,84240,卖盘
2411,13:47:33,7.02,0.0,5,3510,卖盘
2412,13:47:36,7.03,0.01,49,34447,买盘
2413,13:47:40,7.02,-0.01,9,6318,卖盘
2414,13:47:48,6.99,-0.03,1772,1241564,卖盘
2415,13:47:57,7.01,0.02,20,14020,卖盘
2416,13:48:06,7.02,0.01,50,35096,买盘
2417,13:48:09,6.99,-0.03,100,69902,卖盘
2418,13:48:13,6.99,0.0,30,20970,卖盘
2419,13:48:19,6.99,0.0,120,83889,卖盘
2420,13:48:22,6.99,0.0,22,15380,卖盘
2421,13:48:24,7.0,0.01,3,2100,买盘
2422,13:48:27,6.99,-0.01,130,90870,卖盘
2423,13:48:30,7.0,0.01,11,7700,买盘
2424,13:48:34,7.0,0.0,20,14000,买盘
2425,13:48:37,7.0,0.0,86,60200,买盘
2426,13:48:40,6.99,-0.01,9,6291,卖盘
2427,13:48:43,6.99,0.0,12,8388,卖盘
2428,13:48:45,7.0,0.01,44,30761,买盘
2429,13:48:49,7.0,0.0,10,7000,买盘
2430,13:48:51,6.99,-0.01,10,6990,卖盘
2431,13:48:54,6.99,0.0,11,7689,卖盘
2432,13:49:04,6.99,0.0,9,6291,卖盘
2433,13:49:07,6.99,0.0,12,8393,卖盘
2434,13:49:10,6.99,0.0,17,11883,卖盘
2435,13:49:13,6.99,0.0,10,6990,卖盘
2436,13:49:15,6.99,0.0,234,163566,卖盘
2437,13:49:18,7.0,0.01,10,7000,买盘
2438,13:49:21,6.99,-0.01,32,22370,卖盘
2439,13:49:24,6.99,0.0,40,27960,卖盘
2440,13:49:28,6.99,0.0,68,47532,卖盘
2441,13:49:30,6.99,0.0,281,196419,卖盘
2442,13:49:33,6.99,0.0,2,1398,卖盘
2443,13:49:40,6.99,0.0,46,32154,卖盘
2444,13:49:43,6.99,0.0,75,52425,卖盘
2445,13:49:46,6.99,0.0,2,1398,买盘
2446,13:49:48,6.99,0.0,59,41241,买盘
2447,13:49:52,6.99,0.0,17,11883,买盘
2448,13:49:55,6.99,0.0,20,13980,买盘
2449,13:49:58,6.99,0.0,42,29358,买盘
2450,13:50:01,6.99,0.0,12,8388,买盘
2451,13:50:04,6.99,0.0,13,9087,买盘
2452,13:50:06,6.98,-0.01,53,36994,卖盘
2453,13:50:10,6.99,0.01,34,23766,买盘
2454,13:50:13,6.99,0.0,68,47532,买盘
2455,13:50:16,6.99,0.0,8,5592,买盘
2456,13:50:18,6.99,0.0,75,52425,买盘
2457,13:50:21,6.98,-0.01,30,20965,卖盘
2458,13:50:28,6.99,0.01,8,5592,卖盘
2459,13:50:30,6.99,0.0,18,12582,卖盘
2460,13:50:34,7.0,0.01,33,23097,买盘
2461,13:50:36,6.99,-0.01,4,2796,卖盘
2462,13:50:39,7.0,0.01,7,4900,买盘
2463,13:50:43,7.0,0.0,10,7000,买盘
2464,13:50:48,7.01,0.01,534,374152,买盘
2465,13:50:58,7.01,0.0,12,8412,卖盘
2466,13:51:04,7.02,0.01,66,46332,买盘
2467,13:51:13,7.03,0.01,20,14050,买盘
2468,13:51:16,7.03,0.0,40,28120,买盘
2469,13:51:18,7.03,0.0,55,38660,买盘
2470,13:51:21,7.03,0.0,15,10545,买盘
2471,13:51:24,7.03,0.0,1,703,买盘
2472,13:51:27,7.03,0.0,10,7030,买盘
2473,13:51:30,7.03,0.0,179,125785,买盘
2474,13:51:34,7.03,0.0,1,703,买盘
2475,13:51:37,7.02,-0.01,33,23166,卖盘
2476,13:51:40,7.03,0.01,125,87875,买盘
2477,13:51:43,7.03,0.0,71,49913,买盘
2478,13:51:46,7.03,0.0,6,4218,买盘
2479,13:51:49,7.03,0.0,22,15466,买盘
2480,13:51:52,7.03,0.0,28,19684,买盘
2481,13:51:55,7.02,-0.01,95,66690,卖盘
2482,13:51:58,7.03,0.01,78,54760,买盘
2483,13:52:01,7.03,0.0,52,36556,买盘
2484,13:52:04,7.03,0.0,3,2109,买盘
2485,13:52:19,7.03,0.0,59,41467,买盘
2486,13:52:22,7.03,0.0,10,7030,买盘
2487,13:52:25,7.02,-0.01,45,31622,卖盘
2488,13:52:31,7.02,0.0,10,7020,卖盘
2489,13:52:34,7.02,0.0,28,19656,卖盘
2490,13:52:43,7.01,-0.01,10,7010,卖盘
2491,13:52:52,7.01,0.0,50,35050,卖盘
2492,13:53:06,7.01,0.0,10,7005,买盘
2493,13:53:12,7.01,0.0,32,22432,买盘
2494,13:53:18,7.0,-0.01,17,11900,卖盘
2495,13:53:22,7.0,0.0,40,28000,卖盘
2496,13:53:25,7.01,0.01,28,19628,买盘
2497,13:53:28,7.0,-0.01,6,4200,卖盘
2498,13:53:42,7.0,0.0,8,5600,卖盘
2499,13:53:48,7.0,0.0,74,51800,卖盘
2500,13:53:54,7.0,0.0,53,37100,卖盘
2501,13:53:57,7.0,0.0,66,46200,卖盘
2502,13:54:01,7.0,0.0,21,14700,卖盘
2503,13:54:10,6.99,-0.01,23,16077,卖盘
2504,13:54:13,6.99,0.0,1,699,卖盘
2505,13:54:19,7.0,0.01,65,45450,买盘
2506,13:54:31,7.0,0.0,27,18900,买盘
2507,13:54:48,7.0,0.0,1,700,买盘
2508,13:54:51,6.99,-0.01,22,15378,卖盘
2509,13:54:55,6.99,0.0,17,11883,卖盘
2510,13:55:01,7.0,0.01,15,10500,买盘
2511,13:55:06,7.0,0.0,19,13300,买盘
2512,13:55:12,7.0,0.0,112,78377,买盘
2513,13:55:15,7.0,0.0,47,32900,买盘
2514,13:55:18,7.0,0.0,55,38500,卖盘
2515,13:55:21,7.0,0.0,6,4200,卖盘
2516,13:55:28,7.01,0.01,12,8412,买盘
2517,13:55:31,7.01,0.0,12,8412,买盘
2518,13:55:33,7.01,0.0,26,18226,买盘
2519,13:55:37,7.01,0.0,97,67997,买盘
2520,13:55:39,7.01,0.0,24,16824,买盘
2521,13:55:42,7.01,0.0,44,30844,买盘
2522,13:55:46,7.01,0.0,18,12618,买盘
2523,13:55:49,7.01,0.0,42,29442,买盘
2524,13:55:52,7.01,0.0,2,1402,买盘
2525,13:55:58,7.01,0.0,3,2103,买盘
2526,13:56:01,7.01,0.0,24,16824,买盘
2527,13:56:04,7.01,0.0,69,48364,买盘
2528,13:56:07,7.01,0.0,13,9113,买盘
2529,13:56:12,7.0,-0.01,39,27316,卖盘
2530,13:56:15,7.0,0.0,10,7000,卖盘
2531,13:56:21,7.01,0.01,1,701,买盘
2532,13:56:28,7.0,-0.01,58,40600,卖盘
2533,13:56:31,7.01,0.01,40,28038,买盘
2534,13:56:39,7.0,-0.01,8,5600,卖盘
2535,13:56:42,7.01,0.01,65,45523,买盘
2536,13:56:49,7.01,0.0,1,701,买盘
2537,13:56:55,7.0,-0.01,1,700,买盘
2538,13:57:04,7.0,0.0,77,53900,买盘
2539,13:57:10,7.0,0.0,7,4900,买盘
2540,13:57:15,6.99,-0.01,10,6990,卖盘
2541,13:57:22,6.99,0.0,90,62910,卖盘
2542,13:57:25,7.0,0.01,8,5600,买盘
2543,13:57:33,7.0,0.0,15,10500,买盘
2544,13:57:36,7.01,0.01,6,4205,买盘
2545,13:57:49,6.99,-0.02,90,62910,卖盘
2546,13:57:55,6.99,0.0,2,1399,卖盘
2547,13:57:58,7.0,0.01,90,63000,买盘
2548,13:58:01,7.0,0.0,16,11200,卖盘
2549,13:58:03,7.0,0.0,34,23800,卖盘
2550,13:58:06,7.0,0.0,12,8400,买盘
2551,13:58:10,7.0,0.0,10,7000,卖盘
2552,13:58:28,7.0,0.0,90,63000,卖盘
2553,13:58:36,7.0,0.0,125,87616,卖盘
2554,13:58:43,7.01,0.01,1,701,买盘
2555,13:58:48,7.01,0.0,48,33638,买盘
2556,13:58:55,7.01,0.0,2,1402,买盘
2557,13:59:09,7.01,0.0,10,7010,买盘
2558,13:59:13,7.01,0.0,2,1402,买盘
2559,13:59:19,7.01,0.0,2,1402,买盘
2560,13:59:28,7.0,-0.01,160,112000,卖盘
2561,13:59:36,7.0,0.0,20,14000,卖盘
2562,13:59:40,7.0,0.0,27,18900,卖盘
2563,13:59:43,7.0,0.0,20,14000,卖盘
2564,13:59:45,7.01,0.01,2,1402,买盘
2565,13:59:58,7.01,0.0,19,13319,买盘
2566,14:00:07,7.0,-0.01,17,11900,卖盘
2567,14:00:16,7.0,0.0,20,14000,卖盘
2568,14:00:19,7.0,0.0,2,1400,卖盘
2569,14:00:22,7.0,0.0,130,91000,卖盘
2570,14:00:25,7.01,0.01,225,157705,买盘
2571,14:00:28,7.0,-0.01,43,30100,卖盘
2572,14:00:30,7.0,0.0,20,14000,卖盘
2573,14:00:34,7.01,0.01,11,7701,买盘
2574,14:00:37,7.0,-0.01,16,11200,卖盘
2575,14:00:40,7.01,0.01,14,9814,买盘
2576,14:00:48,7.01,0.0,5,3505,买盘
2577,14:00:51,7.0,-0.01,50,35000,卖盘
2578,14:00:58,7.0,0.0,39,27329,卖盘
2579,14:01:01,7.0,0.0,19,13300,卖盘
2580,14:01:10,7.0,0.0,115,80500,卖盘
2581,14:01:13,7.0,0.0,6,4200,买盘
2582,14:01:16,6.99,-0.01,110,76990,卖盘
2583,14:01:19,7.0,0.01,20,14000,买盘
2584,14:01:22,6.99,-0.01,214,149586,卖盘
2585,14:01:31,6.99,0.0,31,21670,卖盘
2586,14:01:34,6.99,0.0,68,47532,卖盘
2587,14:01:37,7.0,0.01,359,251300,买盘
2588,14:01:40,7.0,0.0,29,20300,卖盘
2589,14:01:43,7.0,0.0,26,18200,卖盘
2590,14:01:46,7.0,0.0,112,78400,卖盘
2591,14:01:48,7.0,0.0,40,28000,卖盘
2592,14:01:52,7.0,0.0,12,8400,卖盘
2593,14:01:54,7.0,0.0,20,14000,卖盘
2594,14:01:58,7.0,0.0,50,35000,卖盘
2595,14:02:01,7.0,0.0,111,77700,卖盘
2596,14:02:04,7.0,0.0,1,700,卖盘
2597,14:02:07,7.0,0.0,84,58800,卖盘
2598,14:02:10,7.0,0.0,10,7000,卖盘
2599,14:02:13,7.0,0.0,215,150500,卖盘
2600,14:02:15,7.0,0.0,4,2800,买盘
2601,14:02:25,6.99,-0.01,97,67803,卖盘
2602,14:02:31,6.98,-0.01,389,271682,卖盘
2603,14:02:43,6.98,0.0,10,6980,卖盘
2604,14:02:49,6.98,0.0,40,27920,卖盘
2605,14:02:52,6.98,0.0,33,23034,卖盘
2606,14:02:54,6.98,0.0,8,5584,卖盘
2607,14:03:01,6.98,0.0,6,4188,卖盘
2608,14:03:04,6.98,0.0,38,26524,卖盘
2609,14:03:07,6.98,0.0,60,41880,卖盘
2610,14:03:13,6.99,0.01,1,699,买盘
2611,14:03:16,6.98,-0.01,31,21638,卖盘
2612,14:03:22,6.99,0.01,105,73320,买盘
2613,14:03:24,6.99,0.0,28,19571,买盘
2614,14:03:30,6.98,-0.01,8,5584,卖盘
2615,14:03:40,6.98,0.0,17,11866,卖盘
2616,14:03:42,6.98,0.0,250,174500,卖盘
2617,14:03:49,6.98,0.0,146,101908,卖盘
2618,14:03:55,6.98,0.0,5,3490,买盘
2619,14:03:57,6.97,-0.01,14,9769,卖盘
2620,14:04:01,6.98,0.01,50,34900,买盘
2621,14:04:07,6.98,0.0,20,13960,买盘
2622,14:04:10,6.98,0.0,17,11853,买盘
2623,14:04:16,6.97,-0.01,17,11849,卖盘
2624,14:04:19,6.98,0.01,135,94100,买盘
2625,14:04:22,6.98,0.0,10,6980,买盘
2626,14:04:27,6.98,0.0,5,3490,买盘
2627,14:04:31,6.98,0.0,67,46766,买盘
2628,14:04:34,6.97,-0.01,26,18134,卖盘
2629,14:04:37,6.97,0.0,215,150055,卖盘
2630,14:04:40,6.98,0.01,48,33504,买盘
2631,14:04:43,6.98,0.0,24,16732,买盘
2632,14:04:49,6.98,0.0,6,4188,卖盘
2633,14:04:58,6.98,0.0,28,19544,卖盘
2634,14:05:01,6.98,0.0,30,20940,卖盘
2635,14:05:07,6.98,0.0,54,37692,卖盘
2636,14:05:10,6.98,0.0,39,27244,卖盘
2637,14:05:13,6.98,0.0,82,57494,卖盘
2638,14:05:16,6.98,0.0,3,2094,卖盘
2639,14:05:25,6.98,0.0,32,22336,卖盘
2640,14:05:31,6.98,0.0,87,60468,卖盘
2641,14:05:34,6.99,0.01,100,69837,买盘
2642,14:05:37,6.99,0.0,6,4194,买盘
2643,14:05:40,6.98,-0.01,4,2792,买盘
2644,14:05:46,6.98,0.0,12,8376,买盘
2645,14:05:49,6.98,0.0,206,143788,买盘
2646,14:05:52,6.98,0.0,45,31410,买盘
2647,14:05:55,6.98,0.0,101,70483,买盘
2648,14:06:01,6.98,0.0,35,24430,买盘
2649,14:06:04,6.98,0.0,125,87154,买盘
2650,14:06:07,6.98,0.0,3,2094,卖盘
2651,14:06:13,6.98,0.0,15,10470,卖盘
2652,14:06:22,6.98,0.0,5,3490,卖盘
2653,14:06:25,6.99,0.01,10,6990,买盘
2654,14:06:28,6.99,0.0,2,1398,买盘
2655,14:06:31,6.99,0.0,338,236521,买盘
2656,14:06:37,7.0,0.01,13,9100,买盘
2657,14:06:43,7.0,0.0,52,36400,买盘
2658,14:06:46,7.0,0.0,45,31500,买盘
2659,14:06:48,7.0,0.0,81,56650,买盘
2660,14:06:52,7.0,0.0,265,185400,买盘
2661,14:06:57,7.0,0.0,20,14000,买盘
2662,14:07:01,7.0,0.0,246,172200,买盘
2663,14:07:04,7.0,0.0,20,14000,买盘
2664,14:07:06,7.0,0.0,102,71400,买盘
2665,14:07:10,7.0,0.0,257,179900,买盘
2666,14:07:16,7.0,0.0,7,4900,买盘
2667,14:07:19,7.0,0.0,1,700,卖盘
2668,14:07:25,7.01,0.01,28,19628,买盘
2669,14:07:49,7.01,0.0,4,2804,买盘
2670,14:07:52,7.01,0.0,11,7711,买盘
2671,14:07:55,7.01,0.0,10,7010,买盘
2672,14:07:57,7.02,0.01,203,142506,买盘
2673,14:08:04,7.02,0.0,40,28080,买盘
2674,14:08:07,7.02,0.0,36,25272,买盘
2675,14:08:10,7.03,0.01,16,11248,买盘
2676,14:08:13,7.02,-0.01,3,2106,卖盘
2677,14:08:22,7.03,0.01,1,703,买盘
2678,14:08:24,7.02,-0.01,50,35100,卖盘
2679,14:08:27,7.03,0.01,19,13357,买盘
2680,14:08:31,7.02,-0.01,104,73111,卖盘
2681,14:08:37,7.03,0.01,150,105350,买盘
2682,14:08:40,7.03,0.0,7,4921,买盘
2683,14:08:43,7.03,0.0,33,23199,卖盘
2684,14:08:49,7.03,0.0,10,7030,卖盘
2685,14:08:55,7.04,0.01,30,21120,买盘
2686,14:09:01,7.03,-0.01,21,14764,卖盘
2687,14:09:04,7.04,0.01,17,11968,买盘
2688,14:09:10,7.03,-0.01,25,17575,卖盘
2689,14:09:13,7.03,0.0,89,62567,买盘
2690,14:09:16,7.03,0.0,16,11248,卖盘
2691,14:09:19,7.02,-0.01,11,7725,卖盘
2692,14:09:22,7.03,0.01,42,29521,买盘
2693,14:09:25,7.03,0.0,2,1406,买盘
2694,14:09:31,7.02,-0.01,30,21060,卖盘
2695,14:09:36,7.02,0.0,30,21060,卖盘
2696,14:09:39,7.02,0.0,57,40034,卖盘
2697,14:09:43,7.02,0.0,1,702,买盘
2698,14:09:49,7.02,0.0,3,2106,买盘
2699,14:09:58,7.01,-0.01,19,13323,卖盘
2700,14:10:01,7.01,0.0,10,7010,卖盘
2701,14:10:04,7.01,0.0,50,35080,卖盘
2702,14:10:07,7.01,0.0,17,11921,卖盘
2703,14:10:16,7.02,0.01,9,6318,买盘
2704,14:10:28,7.02,0.0,5,3510,买盘
2705,14:10:31,7.02,0.0,50,35100,买盘
2706,14:10:36,7.02,0.0,12,8424,买盘
2707,14:10:39,7.01,-0.01,20,14020,卖盘
2708,14:10:46,7.02,0.01,16,11232,买盘
2709,14:11:04,7.01,-0.01,14,9814,卖盘
2710,14:11:25,7.01,0.0,5,3505,卖盘
2711,14:11:28,7.01,0.0,31,21731,卖盘
2712,14:11:33,7.01,0.0,8,5608,卖盘
2713,14:11:36,7.01,0.0,37,25937,卖盘
2714,14:11:43,7.01,0.0,86,60286,卖盘
2715,14:11:46,7.01,0.0,20,14020,卖盘
2716,14:11:58,7.01,0.0,30,21030,卖盘
2717,14:12:06,7.01,0.0,140,98140,卖盘
2718,14:12:09,7.02,0.01,3,2106,买盘
2719,14:12:12,7.01,-0.01,93,65193,卖盘
2720,14:12:28,7.0,-0.01,20,14000,卖盘
2721,14:12:33,7.01,0.01,3,2103,买盘
2722,14:12:37,7.0,-0.01,13,9100,卖盘
2723,14:12:40,7.01,0.01,20,14020,买盘
2724,14:12:49,7.01,0.0,2,1402,买盘
2725,14:12:52,7.0,-0.01,33,23100,卖盘
2726,14:12:55,7.01,0.01,2,1402,买盘
2727,14:13:07,7.0,-0.01,1,700,卖盘
2728,14:13:10,7.0,0.0,18,12601,卖盘
2729,14:13:12,7.0,0.0,10,7000,卖盘
2730,14:13:18,7.0,0.0,18,12600,卖盘
2731,14:13:24,7.0,0.0,3,2100,卖盘
2732,14:13:31,7.01,0.01,1,701,买盘
2733,14:13:34,7.0,-0.01,12,8400,卖盘
2734,14:13:36,7.0,0.0,30,21000,卖盘
2735,14:13:40,7.0,0.0,49,34300,卖盘
2736,14:13:43,7.0,0.0,1,700,卖盘
2737,14:13:46,7.0,0.0,15,10500,卖盘
2738,14:13:54,7.0,0.0,4,2800,卖盘
2739,14:14:01,7.01,0.01,50,35050,买盘
2740,14:14:12,7.0,-0.01,1,700,卖盘
2741,14:14:16,7.0,0.0,1,700,卖盘
2742,14:14:21,7.0,0.0,7,4900,卖盘
2743,14:14:31,7.01,0.01,7,4907,买盘
2744,14:14:37,7.0,-0.01,266,186200,卖盘
2745,14:14:45,7.0,0.0,20,14000,买盘
2746,14:14:55,7.0,0.0,10,7000,买盘
2747,14:14:58,7.0,0.0,3,2100,买盘
2748,14:15:01,7.0,0.0,19,13300,买盘
2749,14:15:06,6.99,-0.01,23,16077,卖盘
2750,14:15:13,6.99,0.0,34,23766,卖盘
2751,14:15:25,6.99,0.0,144,100665,卖盘
2752,14:15:28,6.99,0.0,10,6990,卖盘
2753,14:15:31,6.99,0.0,30,20970,卖盘
2754,14:15:33,6.99,0.0,1,699,卖盘
2755,14:15:36,6.99,0.0,38,26562,卖盘
2756,14:15:39,6.99,0.0,157,109743,买盘
2757,14:16:00,6.98,-0.01,25,17450,卖盘
2758,14:16:12,6.99,0.01,50,34950,买盘
2759,14:16:18,6.99,0.0,34,23766,买盘
2760,14:16:22,6.99,0.0,20,13980,卖盘
2761,14:16:24,6.99,0.0,9,6291,卖盘
2762,14:16:46,6.99,0.0,57,39843,买盘
2763,14:16:49,6.99,0.0,8,5592,卖盘
2764,14:16:54,6.99,0.0,12,8388,买盘
2765,14:16:58,6.99,0.0,8,5592,买盘
2766,14:17:01,6.99,0.0,12,8378,买盘
2767,14:17:13,6.98,-0.01,61,42578,卖盘
2768,14:17:19,6.98,0.0,3,2094,卖盘
2769,14:17:28,6.99,0.01,13,9087,买盘
2770,14:17:36,6.98,-0.01,57,39786,卖盘
2771,14:17:40,6.98,0.0,7,4886,卖盘
2772,14:17:43,6.99,0.01,10,6990,买盘
2773,14:17:46,6.99,0.0,67,46833,买盘
2774,14:17:52,6.99,0.0,25,17475,买盘
2775,14:17:55,6.98,-0.01,25,17465,卖盘
2776,14:17:58,6.98,0.0,30,20940,卖盘
2777,14:18:01,6.98,0.0,35,24450,卖盘
2778,14:18:10,6.99,0.01,4,2796,卖盘
2779,14:18:16,6.99,0.0,5,3495,卖盘
2780,14:18:18,6.99,0.0,42,29358,卖盘
2781,14:18:22,7.0,0.01,3,2100,买盘
2782,14:18:27,6.99,-0.01,50,34950,卖盘
2783,14:18:49,7.0,0.01,163,114100,买盘
2784,14:18:52,7.0,0.0,12,8400,卖盘
2785,14:19:01,7.0,0.0,24,16800,卖盘
2786,14:19:04,7.01,0.01,5,3505,买盘
2787,14:19:10,7.01,0.0,15,10515,买盘
2788,14:19:16,7.01,0.0,49,34339,买盘
2789,14:19:24,7.01,0.0,10,7010,买盘
2790,14:19:28,7.0,-0.01,36,25200,卖盘
2791,14:19:34,7.01,0.01,38,26638,买盘
2792,14:19:43,7.01,0.0,20,14020,买盘
2793,14:19:49,7.01,0.0,10,7010,买盘
2794,14:19:52,7.01,0.0,20,14020,买盘
2795,14:19:55,7.01,0.0,21,14721,买盘
2796,14:20:01,7.01,0.0,1,701,买盘
2797,14:20:04,7.01,0.0,131,91831,买盘
2798,14:20:06,7.01,0.0,52,36452,卖盘
2799,14:20:16,7.02,0.01,12,8424,买盘
2800,14:20:19,7.0,-0.02,183,128273,卖盘
2801,14:20:30,7.01,0.01,7,4907,买盘
2802,14:20:33,7.01,0.0,6,4206,买盘
2803,14:20:37,7.0,-0.01,78,54600,卖盘
2804,14:20:46,7.0,0.0,7,4900,卖盘
2805,14:20:52,7.0,0.0,97,67902,卖盘
2806,14:20:55,7.0,0.0,46,32200,卖盘
2807,14:21:10,6.99,-0.01,15,10485,卖盘
2808,14:21:13,6.99,0.0,50,34950,卖盘
2809,14:21:16,7.0,0.01,29,20300,买盘
2810,14:21:21,7.0,0.0,2,1400,买盘
2811,14:21:31,6.99,-0.01,2,1398,卖盘
2812,14:21:34,7.0,0.01,348,243600,买盘
2813,14:21:40,6.99,-0.01,272,190128,卖盘
2814,14:21:46,7.0,0.01,12,8400,买盘
2815,14:21:52,6.99,-0.01,5,3495,卖盘
2816,14:21:58,6.99,0.0,66,46184,卖盘
2817,14:22:16,7.0,0.01,3,2100,买盘
2818,14:22:19,7.0,0.0,30,21000,买盘
2819,14:22:25,6.99,-0.01,1,699,卖盘
2820,14:22:31,7.0,0.01,4,2800,买盘
2821,14:22:46,7.0,0.0,39,27300,买盘
2822,14:22:49,6.99,-0.01,10,6990,卖盘
2823,14:22:52,7.0,0.01,80,56000,买盘
2824,14:23:04,7.0,0.0,46,32200,买盘
2825,14:23:07,7.0,0.0,37,25900,买盘
2826,14:23:10,7.0,0.0,42,29400,买盘
2827,14:23:13,6.99,-0.01,13,9087,卖盘
2828,14:23:16,7.0,0.01,10,7000,买盘
2829,14:23:18,7.0,0.0,4,2800,买盘
2830,14:23:25,7.0,0.0,95,66500,卖盘
2831,14:23:34,7.0,0.0,34,23800,卖盘
2832,14:23:40,7.0,0.0,86,60200,卖盘
2833,14:23:45,7.0,0.0,40,28000,卖盘
2834,14:24:04,7.0,0.0,1131,794346,卖盘
2835,14:24:06,7.0,0.0,10,7000,卖盘
2836,14:24:13,7.06,0.06,1412,995365,买盘
2837,14:24:16,7.0,-0.06,150,105000,卖盘
2838,14:24:19,7.03,0.03,24,16872,买盘
2839,14:24:25,7.0,-0.03,26,18208,卖盘
2840,14:24:28,7.08,0.08,132,93310,买盘
2841,14:24:34,7.01,-0.07,1,701,卖盘
2842,14:24:37,7.05,0.04,3,2115,买盘
2843,14:24:40,7.01,-0.04,22,15470,卖盘
2844,14:24:49,7.05,0.04,5,3525,买盘
2845,14:24:52,7.05,0.0,12,8460,买盘
2846,14:24:54,7.08,0.03,66,46725,买盘
