,time,price,change,volume,amount,type
0,09:25:04,5.43,-0.6,4848,2632464,卖盘
1,09:30:04,5.43,0.0,79,42897,买盘
2,09:30:07,5.43,0.0,2048,1112064,买盘
3,09:30:10,5.43,0.0,410,222630,买盘
4,09:30:13,5.43,0.0,217,117831,买盘
5,09:30:16,5.43,0.0,138,74934,买盘
6,09:30:19,5.43,0.0,60,32580,买盘
7,09:30:25,5.43,0.0,30,16290,买盘
8,09:30:28,5.43,0.0,1,543,买盘
9,09:30:31,5.43,0.0,25,13575,买盘
10,09:30:34,5.43,0.0,10,5430,买盘
11,09:30:43,5.43,0.0,8,4344,买盘
12,09:30:46,5.43,0.0,82,44526,买盘
13,09:30:49,5.43,0.0,52,28236,买盘
14,09:30:52,5.43,0.0,9,4887,买盘
15,09:30:55,5.43,0.0,10,5430,买盘
16,09:30:58,5.43,0.0,82,44526,买盘
17,09:31:04,5.43,0.0,7,3801,买盘
18,09:31:07,5.43,0.0,3,1629,买盘
19,09:31:13,5.43,0.0,335,181905,买盘
20,09:31:16,5.43,0.0,40,21720,买盘
21,09:31:22,5.43,0.0,10,5430,买盘
22,09:31:25,5.43,0.0,10,5430,买盘
23,09:31:28,5.43,0.0,194,105342,买盘
24,09:31:31,5.43,0.0,150,81450,买盘
25,09:31:34,5.43,0.0,20,10860,买盘
26,09:31:40,5.43,0.0,2,1086,买盘
27,09:31:46,5.43,0.0,22,11946,买盘
28,09:31:49,5.43,0.0,32,17376,买盘
29,09:31:52,5.43,0.0,26,14118,买盘
30,09:31:55,5.43,0.0,4,2172,买盘
31,09:31:58,5.43,0.0,2,1086,买盘
32,09:32:01,5.43,0.0,27,14661,买盘
33,09:32:04,5.43,0.0,52,28236,买盘
34,09:32:10,5.43,0.0,10,5430,买盘
35,09:32:13,5.43,0.0,36,19548,买盘
36,09:32:16,5.43,0.0,20,10860,买盘
37,09:32:22,5.43,0.0,60,32580,买盘
38,09:32:31,5.43,0.0,14,7602,买盘
39,09:32:34,5.43,0.0,10,5430,买盘
40,09:32:40,5.43,0.0,3,1629,买盘
41,09:32:49,5.43,0.0,30,16290,买盘
42,09:32:52,5.43,0.0,30,16290,买盘
43,09:32:55,5.43,0.0,96,52128,买盘
44,09:32:58,5.43,0.0,45,24435,买盘
45,09:33:04,5.43,0.0,308,167244,买盘
46,09:33:10,5.43,0.0,20,10860,买盘
47,09:33:19,5.43,0.0,20,10860,买盘
48,09:33:31,5.43,0.0,2,1086,买盘
49,09:33:34,5.43,0.0,20,10860,买盘
50,09:33:37,5.43,0.0,10,5430,买盘
51,09:33:40,5.43,0.0,570,309510,买盘
52,09:33:46,5.43,0.0,16,8688,买盘
53,09:33:49,5.43,0.0,7,3801,买盘
54,09:33:55,5.43,0.0,50,27150,买盘
55,09:34:04,5.43,0.0,94,51042,买盘
56,09:34:07,5.43,0.0,4,2172,买盘
57,09:34:10,5.43,0.0,1,543,买盘
58,09:34:19,5.43,0.0,43,23349,买盘
59,09:34:34,5.43,0.0,132,71676,买盘
60,09:34:37,5.43,0.0,4,2172,买盘
61,09:34:43,5.43,0.0,29,15747,买盘
62,09:34:46,5.43,0.0,10,5430,买盘
63,09:34:49,5.43,0.0,1612,875316,买盘
64,09:34:52,5.43,0.0,48,26064,买盘
65,09:34:55,5.43,0.0,181,98283,买盘
66,09:35:01,5.43,0.0,1,543,买盘
67,09:35:04,5.43,0.0,2,1086,买盘
68,09:35:07,5.43,0.0,10,5430,买盘
69,09:35:10,5.43,0.0,5,2715,买盘
70,09:35:12,5.43,0.0,1,543,买盘
71,09:35:16,5.43,0.0,45,24435,买盘
72,09:35:25,5.43,0.0,456,247608,买盘
73,09:35:31,5.43,0.0,5,2715,买盘
74,09:35:34,5.43,0.0,2,1086,买盘
75,09:35:40,5.43,0.0,8,4344,买盘
76,09:35:43,5.43,0.0,74,40182,买盘
77,09:35:46,5.43,0.0,3,1629,买盘
78,09:35:49,5.43,0.0,28,15204,买盘
79,09:35:52,5.43,0.0,16,8688,买盘
80,09:35:54,5.43,0.0,6,3258,买盘
81,09:35:58,5.43,0.0,2,1086,买盘
82,09:36:04,5.43,0.0,5,2715,买盘
83,09:36:16,5.43,0.0,7,3801,买盘
84,09:36:25,5.43,0.0,75,40725,买盘
85,09:36:28,5.43,0.0,2,1086,买盘
86,09:36:31,5.43,0.0,5,2715,买盘
87,09:36:34,5.43,0.0,2,1086,买盘
88,09:36:37,5.43,0.0,5,2715,买盘
89,09:36:43,5.43,0.0,39,21177,买盘
90,09:36:45,5.43,0.0,13,7059,买盘
91,09:36:54,5.43,0.0,36,19548,买盘
92,09:37:01,5.43,0.0,40,21720,买盘
93,09:37:10,5.43,0.0,87,47241,买盘
94,09:37:12,5.43,0.0,20,10860,买盘
95,09:37:16,5.43,0.0,18,9774,买盘
96,09:37:22,5.43,0.0,24,13032,买盘
97,09:37:25,5.43,0.0,1,543,买盘
98,09:37:30,5.43,0.0,32,17376,买盘
99,09:37:40,5.43,0.0,9,4887,买盘
100,09:37:49,5.43,0.0,209,113487,买盘
101,09:37:52,5.43,0.0,10,5430,买盘
102,09:37:58,5.43,0.0,7,3801,买盘
103,09:38:01,5.43,0.0,211,114573,买盘
104,09:38:10,5.43,0.0,60,32580,买盘
105,09:38:16,5.43,0.0,10,5430,买盘
106,09:38:19,5.43,0.0,86,46698,买盘
107,09:38:22,5.43,0.0,3,1629,买盘
108,09:38:28,5.43,0.0,12,6516,买盘
109,09:38:31,5.43,0.0,8,4344,买盘
110,09:38:37,5.43,0.0,1078,585354,买盘
111,09:38:55,5.43,0.0,5,2715,买盘
112,09:39:01,5.43,0.0,102,55386,买盘
113,09:39:16,5.43,0.0,10,5430,买盘
114,09:39:19,5.43,0.0,12,6516,买盘
115,09:39:22,5.43,0.0,7,3801,买盘
116,09:39:28,5.43,0.0,45,24435,买盘
117,09:39:36,5.43,0.0,6,3258,买盘
118,09:39:52,5.43,0.0,13,7059,买盘
119,09:40:01,5.43,0.0,2,1086,买盘
120,09:40:04,5.43,0.0,10,5430,买盘
121,09:40:10,5.43,0.0,3,1629,买盘
122,09:40:22,5.43,0.0,25,13575,买盘
123,09:40:25,5.43,0.0,100,54300,买盘
124,09:40:28,5.43,0.0,2,1086,买盘
125,09:40:34,5.43,0.0,3,1629,买盘
126,09:40:37,5.43,0.0,11,5973,买盘
127,09:41:01,5.43,0.0,90,48870,买盘
128,09:41:10,5.43,0.0,200,108600,买盘
129,09:41:19,5.43,0.0,59,32037,买盘
130,09:41:28,5.43,0.0,23,12489,买盘
131,09:41:55,5.43,0.0,13,7059,买盘
132,09:41:58,5.43,0.0,18,9774,买盘
133,09:42:03,5.43,0.0,50,27150,买盘
134,09:42:06,5.43,0.0,12,6516,买盘
135,09:42:21,5.43,0.0,4,2172,买盘
136,09:42:43,5.43,0.0,12,6516,买盘
137,09:42:46,5.43,0.0,20,10860,买盘
138,09:42:51,5.43,0.0,38,20634,买盘
139,09:42:57,5.43,0.0,10,5430,买盘
140,09:43:06,5.43,0.0,1732,940476,买盘
141,09:43:09,5.43,0.0,20,10860,买盘
142,09:43:19,5.43,0.0,194,105342,买盘
143,09:43:31,5.43,0.0,500,271500,买盘
144,09:43:36,5.43,0.0,7,3801,买盘
145,09:43:40,5.43,0.0,27,14661,买盘
146,09:43:43,5.43,0.0,12,6516,买盘
147,09:43:48,5.43,0.0,60,32580,买盘
148,09:43:52,5.43,0.0,20,10860,买盘
149,09:44:04,5.43,0.0,10,5430,买盘
150,09:44:13,5.43,0.0,20,10860,买盘
151,09:44:25,5.43,0.0,16,8688,买盘
152,09:44:43,5.43,0.0,2,1086,买盘
153,09:45:00,5.43,0.0,221,120003,买盘
154,09:45:04,5.43,0.0,4,2172,买盘
155,09:45:22,5.43,0.0,3,1629,买盘
156,09:45:25,5.43,0.0,35,19005,买盘
157,09:45:28,5.43,0.0,9,4887,买盘
158,09:45:46,5.43,0.0,35,19005,买盘
159,09:45:55,5.43,0.0,40,21720,买盘
160,09:46:07,5.43,0.0,26,14118,买盘
161,09:46:10,5.43,0.0,3,1629,买盘
162,09:46:12,5.43,0.0,22,11946,买盘
163,09:46:37,5.43,0.0,20,10860,买盘
164,09:46:40,5.43,0.0,8,4344,买盘
165,09:46:43,5.43,0.0,1,543,买盘
166,09:46:45,5.43,0.0,1,543,买盘
167,09:46:49,5.43,0.0,5,2715,买盘
168,09:46:55,5.43,0.0,2,1086,买盘
169,09:47:04,5.43,0.0,10,5430,买盘
170,09:47:07,5.43,0.0,7,3801,买盘
171,09:47:13,5.43,0.0,146,79278,买盘
172,09:47:27,5.43,0.0,10,5430,买盘
173,09:47:31,5.43,0.0,23,12489,买盘
174,09:47:34,5.43,0.0,1,543,买盘
175,09:47:43,5.43,0.0,97,52671,买盘
176,09:47:57,5.43,0.0,1,543,买盘
177,09:48:01,5.43,0.0,4,2172,买盘
178,09:48:07,5.43,0.0,20,10860,买盘
179,09:48:22,5.43,0.0,4,2172,买盘
180,09:48:43,5.43,0.0,3,1629,买盘
181,09:49:04,5.43,0.0,4,2172,买盘
182,09:49:16,5.43,0.0,10,5430,买盘
183,09:49:34,5.43,0.0,17,9231,买盘
184,09:49:55,5.43,0.0,2,1086,买盘
185,09:50:01,5.43,0.0,51,27693,买盘
186,09:50:04,5.43,0.0,1,543,买盘
187,09:50:16,5.43,0.0,4,2172,买盘
188,09:50:25,5.43,0.0,40,21720,买盘
189,09:50:34,5.43,0.0,8,4344,买盘
190,09:50:36,5.43,0.0,5,2715,买盘
191,09:50:46,5.43,0.0,1,543,买盘
192,09:50:52,5.43,0.0,1,543,买盘
193,09:50:55,5.43,0.0,10,5430,买盘
194,09:51:01,5.43,0.0,30,16290,买盘
195,09:51:24,5.43,0.0,10,5430,买盘
196,09:51:34,5.43,0.0,10,5430,买盘
197,09:51:49,5.43,0.0,21,11403,买盘
198,09:51:58,5.43,0.0,1,543,买盘
199,09:52:01,5.43,0.0,5,2715,买盘
200,09:52:13,5.43,0.0,36,19548,买盘
201,09:52:37,5.43,0.0,15,8145,买盘
202,09:52:49,5.43,0.0,2,1086,买盘
203,09:52:52,5.43,0.0,10,5430,买盘
204,09:53:09,5.43,0.0,55,29865,买盘
205,09:53:16,5.43,0.0,10,5430,买盘
206,09:53:31,5.43,0.0,1,543,买盘
207,09:53:49,5.43,0.0,18,9774,买盘
208,09:54:09,5.43,0.0,10,5430,买盘
209,09:54:42,5.43,0.0,3,1629,买盘
210,09:54:52,5.43,0.0,2,1086,买盘
211,09:54:58,5.43,0.0,18,9774,买盘
212,09:55:09,5.43,0.0,13,7059,买盘
213,09:55:43,5.43,0.0,5,2715,买盘
214,09:55:52,5.43,0.0,5,2715,买盘
215,09:56:07,5.43,0.0,3,1629,买盘
216,09:56:10,5.43,0.0,8,4344,买盘
217,09:56:12,5.43,0.0,30,16290,买盘
218,09:56:16,5.43,0.0,6,3258,买盘
219,09:56:18,5.43,0.0,5,2715,买盘
220,09:56:33,5.43,0.0,6,3258,买盘
221,09:56:58,5.43,0.0,6,3258,买盘
222,09:57:46,5.43,0.0,31,16833,买盘
223,09:57:52,5.43,0.0,2,1086,买盘
224,09:57:54,5.43,0.0,56,30408,买盘
225,09:58:01,5.43,0.0,5,2715,买盘
226,09:58:43,5.43,0.0,2,1086,买盘
227,09:58:58,5.43,0.0,26,14118,买盘
228,09:59:06,5.43,0.0,3,1629,买盘
229,09:59:13,5.43,0.0,1,543,买盘
230,09:59:16,5.43,0.0,50,27150,买盘
231,09:59:22,5.43,0.0,16,8688,买盘
232,09:59:27,5.43,0.0,18,9774,买盘
233,09:59:58,5.43,0.0,3,1629,买盘
234,10:00:13,5.43,0.0,10,5430,买盘
235,10:00:31,5.43,0.0,5,2715,买盘
236,10:00:37,5.43,0.0,11,5973,买盘
237,10:00:40,5.43,0.0,10,5430,买盘
238,10:01:07,5.43,0.0,55,29865,买盘
239,10:01:09,5.43,0.0,50,27150,买盘
240,10:01:52,5.43,0.0,4,2172,买盘
241,10:02:01,5.43,0.0,2,1086,买盘
242,10:02:19,5.43,0.0,2,1086,买盘
243,10:02:22,5.43,0.0,1,543,买盘
244,10:02:28,5.43,0.0,24,13032,买盘
245,10:02:31,5.43,0.0,20,10860,买盘
246,10:02:39,5.43,0.0,1,543,买盘
247,10:02:46,5.43,0.0,10,5430,买盘
248,10:02:49,5.43,0.0,133,72219,买盘
249,10:03:16,5.43,0.0,103,55929,买盘
250,10:03:19,5.43,0.0,30,16290,买盘
251,10:03:37,5.43,0.0,13,7059,买盘
252,10:03:39,5.43,0.0,2,1086,买盘
253,10:03:46,5.43,0.0,1,543,买盘
254,10:04:13,5.43,0.0,10,5430,买盘
255,10:04:24,5.43,0.0,2,1086,买盘
256,10:04:27,5.43,0.0,18,9774,买盘
257,10:05:25,5.43,0.0,5,2715,买盘
258,10:05:34,5.43,0.0,50,27150,买盘
259,10:06:10,5.43,0.0,13,7059,买盘
260,10:06:13,5.43,0.0,2,1086,买盘
261,10:06:22,5.43,0.0,10,5430,买盘
262,10:06:40,5.43,0.0,10,5430,买盘
263,10:07:25,5.43,0.0,5,2715,买盘
264,10:07:48,5.43,0.0,11,5973,买盘
265,10:08:25,5.43,0.0,2,1086,买盘
266,10:08:43,5.43,0.0,1,543,买盘
267,10:08:57,5.43,0.0,11,5973,买盘
268,10:09:45,5.43,0.0,12,6516,买盘
269,10:09:49,5.43,0.0,13,7059,买盘
270,10:10:01,5.43,0.0,5,2715,买盘
271,10:10:03,5.43,0.0,10,5430,买盘
272,10:10:51,5.43,0.0,97,52671,买盘
273,10:11:10,5.43,0.0,1,543,买盘
274,10:11:16,5.43,0.0,3,1629,买盘
275,10:11:18,5.43,0.0,3,1629,买盘
276,10:11:25,5.43,0.0,54,29322,买盘
277,10:13:16,5.43,0.0,52,28236,买盘
278,10:13:39,5.43,0.0,5,2715,买盘
279,10:13:45,5.43,0.0,4,2172,买盘
280,10:13:55,5.43,0.0,1,543,买盘
281,10:13:58,5.43,0.0,50,27150,买盘
282,10:15:13,5.43,0.0,1,543,买盘
283,10:15:16,5.43,0.0,11,5973,买盘
284,10:15:19,5.43,0.0,5,2715,买盘
285,10:15:27,5.43,0.0,2,1086,买盘
286,10:15:42,5.43,0.0,10,5430,买盘
287,10:16:13,5.43,0.0,17,9231,买盘
288,10:16:54,5.43,0.0,20,10860,买盘
289,10:16:57,5.43,0.0,1,543,买盘
290,10:17:36,5.43,0.0,49,26607,买盘
291,10:18:16,5.43,0.0,4,2172,买盘
292,10:18:40,5.43,0.0,6,3258,买盘
293,10:18:58,5.43,0.0,1,543,买盘
294,10:19:43,5.43,0.0,12,6516,买盘
295,10:20:33,5.43,0.0,50,27150,买盘
296,10:20:39,5.43,0.0,12,6516,买盘
297,10:21:54,5.43,0.0,2,1086,买盘
298,10:22:48,5.43,0.0,10,5430,买盘
299,10:23:13,5.43,0.0,51,27693,买盘
300,10:23:22,5.43,0.0,1,543,买盘
301,10:23:33,5.43,0.0,5,2715,买盘
302,10:26:40,5.43,0.0,2,1086,买盘
303,10:26:51,5.43,0.0,4,2172,买盘
304,10:27:01,5.43,0.0,27,14661,买盘
305,10:27:04,5.43,0.0,2,1086,买盘
306,10:27:15,5.43,0.0,9,4887,买盘
307,10:27:28,5.43,0.0,30,16290,买盘
308,10:27:34,5.43,0.0,1,543,买盘
309,10:27:48,5.43,0.0,3,1629,买盘
310,10:27:52,5.43,0.0,20,10860,买盘
311,10:29:22,5.43,0.0,5,2715,买盘
312,10:29:40,5.43,0.0,10,5430,买盘
313,10:30:16,5.43,0.0,1,543,买盘
314,10:30:19,5.43,0.0,2,1086,买盘
315,10:31:24,5.43,0.0,7,3801,买盘
316,10:31:40,5.43,0.0,75,40725,买盘
317,10:31:45,5.43,0.0,20,10860,买盘
318,10:31:48,5.43,0.0,10,5430,买盘
319,10:32:10,5.43,0.0,97,52671,买盘
320,10:34:01,5.43,0.0,10,5430,买盘
321,10:34:09,5.43,0.0,2,1086,买盘
322,10:34:24,5.43,0.0,5,2715,买盘
323,10:35:48,5.43,0.0,1,543,买盘
324,10:38:07,5.43,0.0,15,8145,买盘
325,10:38:31,5.43,0.0,20,10860,买盘
326,10:38:52,5.43,0.0,82,44526,买盘
327,10:40:06,5.43,0.0,10,5430,买盘
328,10:40:55,5.43,0.0,5,2715,买盘
329,10:41:33,5.43,0.0,15,8145,买盘
330,10:43:31,5.43,0.0,10,5430,买盘
331,10:45:15,5.43,0.0,73,39639,买盘
332,10:45:37,5.43,0.0,1,543,买盘
333,10:47:18,5.43,0.0,4,2172,买盘
334,10:47:27,5.43,0.0,6,3258,买盘
335,10:48:21,5.43,0.0,2,1086,买盘
336,10:49:09,5.43,0.0,90,48870,买盘
337,10:50:30,5.43,0.0,10,5430,买盘
338,10:50:46,5.43,0.0,20,10860,买盘
339,10:51:43,5.43,0.0,10,5430,买盘
340,10:51:46,5.43,0.0,5,2715,买盘
341,10:52:31,5.43,0.0,7,3801,买盘
342,10:53:07,5.43,0.0,7,3801,买盘
343,10:53:21,5.43,0.0,10,5430,买盘
344,10:54:34,5.43,0.0,5,2715,买盘
345,10:55:06,5.43,0.0,13,7059,买盘
346,10:55:31,5.43,0.0,2,1086,买盘
347,10:58:43,5.43,0.0,10,5430,买盘
348,11:00:22,5.43,0.0,2,1086,买盘
349,11:00:31,5.43,0.0,100,54300,买盘
350,11:01:01,5.43,0.0,18,9774,买盘
351,11:02:43,5.43,0.0,5,2715,买盘
352,11:03:58,5.43,0.0,2,1086,买盘
353,11:04:30,5.43,0.0,100,54300,买盘
354,11:04:54,5.43,0.0,221,120003,买盘
355,11:06:15,5.43,0.0,10,5430,买盘
356,11:06:24,5.43,0.0,36,19548,买盘
357,11:06:51,5.43,0.0,5,2715,买盘
358,11:12:01,5.43,0.0,5,2715,买盘
359,11:13:13,5.43,0.0,5,2715,买盘
360,11:14:06,5.43,0.0,1,543,买盘
361,11:14:15,5.43,0.0,4,2172,买盘
362,11:17:49,5.43,0.0,1,543,买盘
363,11:19:00,5.43,0.0,3,1629,买盘
364,11:20:18,5.43,0.0,10,5430,买盘
365,11:20:24,5.43,0.0,2,1086,买盘
366,11:21:24,5.43,0.0,3,1629,买盘
367,11:21:40,5.43,0.0,2,1086,买盘
368,11:23:37,5.43,0.0,2,1086,买盘
369,11:24:57,5.43,0.0,3,1629,买盘
370,11:26:43,5.43,0.0,1,543,买盘
371,13:00:04,5.43,0.0,45,24435,买盘
372,13:00:07,5.43,0.0,203,110229,买盘
373,13:00:10,5.43,0.0,2,1086,买盘
374,13:01:15,5.43,0.0,14,7602,买盘
375,13:02:28,5.43,0.0,10,5430,买盘
376,13:02:33,5.43,0.0,3,1629,买盘
377,13:03:04,5.43,0.0,1,543,买盘
378,13:03:31,5.43,0.0,13,7059,买盘
379,13:04:28,5.43,0.0,55,29865,买盘
380,13:04:30,5.43,0.0,2,1086,买盘
381,13:05:15,5.43,0.0,1,543,买盘
382,13:05:30,5.43,0.0,2,1086,买盘
383,13:06:36,5.43,0.0,6,3258,买盘
384,13:07:04,5.43,0.0,5,2715,买盘
385,13:09:30,5.43,0.0,1,543,买盘
386,13:09:58,5.43,0.0,4,2172,买盘
387,13:10:33,5.43,0.0,10,5430,买盘
388,13:11:31,5.43,0.0,150,81450,买盘
389,13:11:57,5.43,0.0,5,2715,买盘
390,13:12:07,5.43,0.0,1,543,买盘
391,13:12:55,5.43,0.0,19,10317,买盘
392,13:13:37,5.43,0.0,1,543,买盘
393,13:14:01,5.43,0.0,1,543,买盘
394,13:14:07,5.43,0.0,1,543,买盘
395,13:14:34,5.43,0.0,10,5430,买盘
396,13:15:49,5.43,0.0,12,6516,买盘
397,13:16:19,5.43,0.0,2,1086,买盘
398,13:18:21,5.43,0.0,10,5430,买盘
399,13:18:55,5.43,0.0,1,543,买盘
400,13:19:48,5.43,0.0,1,543,买盘
401,13:20:34,5.43,0.0,50,27150,买盘
402,13:21:30,5.43,0.0,20,10860,买盘
403,13:24:31,5.43,0.0,100,54300,买盘
404,13:24:37,5.43,0.0,5,2715,买盘
405,13:24:57,5.43,0.0,4,2172,买盘
406,13:26:34,5.43,0.0,5,2715,买盘
407,13:26:37,5.43,0.0,20,10860,买盘
408,13:27:13,5.43,0.0,5,2715,买盘
409,13:27:24,5.43,0.0,6,3258,买盘
410,13:28:00,5.43,0.0,10,5430,买盘
411,13:29:06,5.43,0.0,22,11946,买盘
412,13:30:34,5.43,0.0,106,57558,买盘
413,13:32:01,5.43,0.0,100,54300,买盘
414,13:32:27,5.43,0.0,10,5430,买盘
415,13:34:06,5.43,0.0,100,54300,买盘
416,13:34:43,5.43,0.0,1,543,买盘
417,13:35:01,5.43,0.0,19,10317,买盘
418,13:35:15,5.43,0.0,84,45612,买盘
419,13:37:13,5.43,0.0,20,10860,买盘
420,13:37:46,5.43,0.0,10,5430,买盘
421,13:37:49,5.43,0.0,2,1086,买盘
422,13:38:09,5.43,0.0,55,29865,买盘
423,13:38:12,5.43,0.0,4,2172,买盘
424,13:38:25,5.43,0.0,1,543,买盘
425,13:38:34,5.43,0.0,1,543,买盘
426,13:39:01,5.43,0.0,30,16290,买盘
427,13:41:10,5.43,0.0,2,1086,买盘
428,13:41:16,5.43,0.0,10,5430,买盘
429,13:41:49,5.43,0.0,2,1086,买盘
430,13:42:34,5.43,0.0,8,4344,买盘
431,13:42:36,5.43,0.0,12,6516,买盘
432,13:43:04,5.43,0.0,19,10317,买盘
433,13:43:10,5.43,0.0,2,1086,买盘
434,13:43:18,5.43,0.0,1,543,买盘
435,13:44:16,5.43,0.0,18,9774,买盘
436,13:44:22,5.43,0.0,4,2172,买盘
437,13:44:40,5.43,0.0,10,5430,买盘
438,13:44:46,5.43,0.0,4,2172,买盘
439,13:45:01,5.43,0.0,5,2715,买盘
440,13:45:12,5.43,0.0,2,1086,买盘
441,13:45:15,5.43,0.0,5,2715,买盘
442,13:45:40,5.43,0.0,2,1086,买盘
443,13:45:43,5.43,0.0,4,2172,买盘
444,13:46:57,5.43,0.0,5,2715,买盘
445,13:48:57,5.43,0.0,10,5430,买盘
446,13:49:42,5.43,0.0,4,2172,买盘
447,13:50:18,5.43,0.0,20,10860,买盘
448,13:51:36,5.43,0.0,50,27150,买盘
449,13:51:55,5.43,0.0,18,9774,买盘
450,13:52:09,5.43,0.0,10,5430,买盘
451,13:52:19,5.43,0.0,20,10860,买盘
452,13:52:28,5.43,0.0,2,1086,买盘
453,13:52:39,5.43,0.0,9,4887,买盘
454,13:53:16,5.43,0.0,24,13032,买盘
455,13:53:34,5.43,0.0,2,1086,买盘
456,13:54:04,5.43,0.0,20,10860,买盘
457,13:54:16,5.43,0.0,5,2715,买盘
458,13:54:55,5.43,0.0,4,2172,买盘
459,13:55:04,5.43,0.0,50,27150,买盘
460,13:55:18,5.43,0.0,3,1629,买盘
461,13:55:28,5.43,0.0,46,24978,买盘
462,13:56:06,5.43,0.0,20,10860,买盘
463,13:56:58,5.43,0.0,5,2715,买盘
464,13:58:45,5.43,0.0,11,5973,买盘
465,14:00:06,5.43,0.0,83,45069,买盘
466,14:00:12,5.43,0.0,13,7059,买盘
467,14:00:30,5.43,0.0,50,27150,买盘
468,14:01:07,5.43,0.0,21,11403,买盘
469,14:01:27,5.43,0.0,10,5430,买盘
470,14:01:37,5.43,0.0,50,27150,买盘
471,14:01:57,5.43,0.0,10,5430,买盘
472,14:02:04,5.43,0.0,10,5430,买盘
473,14:02:07,5.43,0.0,1780,966540,买盘
474,14:02:28,5.43,0.0,30,16290,买盘
475,14:02:55,5.43,0.0,99,53757,买盘
476,14:03:01,5.43,0.0,55,29865,买盘
477,14:03:04,5.43,0.0,10,5430,买盘
478,14:03:13,5.43,0.0,10,5430,买盘
479,14:03:18,5.43,0.0,4,2172,买盘
480,14:03:28,5.43,0.0,36,19548,买盘
481,14:03:49,5.43,0.0,1,543,买盘
482,14:04:04,5.43,0.0,10,5430,买盘
483,14:04:10,5.43,0.0,30,16290,买盘
484,14:04:34,5.43,0.0,22,11946,买盘
485,14:05:00,5.43,0.0,20,10860,买盘
486,14:05:13,5.43,0.0,38,20634,买盘
487,14:05:25,5.43,0.0,1,543,买盘
488,14:05:57,5.43,0.0,10,5430,买盘
489,14:06:01,5.43,0.0,30,16290,买盘
490,14:06:04,5.43,0.0,10,5430,买盘
491,14:06:28,5.43,0.0,4,2172,买盘
492,14:07:06,5.43,0.0,20,10860,买盘
493,14:07:52,5.43,0.0,584,317112,买盘
494,14:08:13,5.43,0.0,4,2172,买盘
495,14:08:16,5.43,0.0,3,1629,买盘
496,14:09:09,5.43,0.0,10,5430,买盘
497,14:09:27,5.43,0.0,1,543,买盘
498,14:09:49,5.43,0.0,12,6516,买盘
499,14:10:13,5.43,0.0,1,543,买盘
500,14:10:28,5.43,0.0,9,4887,买盘
501,14:11:28,5.43,0.0,10,5430,买盘
502,14:11:36,5.43,0.0,9,4887,买盘
503,14:12:22,5.43,0.0,2,1086,买盘
504,14:12:28,5.43,0.0,18,9774,买盘
505,14:12:49,5.43,0.0,1,543,买盘
506,14:13:10,5.43,0.0,20,10860,买盘
507,14:13:13,5.43,0.0,8,4344,买盘
508,14:13:21,5.43,0.0,6,3258,买盘
509,14:13:54,5.43,0.0,6,3258,买盘
510,14:14:06,5.43,0.0,5,2715,买盘
511,14:14:19,5.43,0.0,40,21720,买盘
512,14:14:22,5.43,0.0,18,9774,买盘
513,14:14:46,5.43,0.0,20,10860,买盘
514,14:14:58,5.43,0.0,1,543,买盘
515,14:15:00,5.43,0.0,20,10860,买盘
516,14:16:04,5.43,0.0,250,135750,买盘
517,14:16:06,5.43,0.0,5,2715,买盘
518,14:16:30,5.43,0.0,37,20091,买盘
519,14:16:33,5.43,0.0,30,16290,买盘
520,14:16:36,5.43,0.0,23,12489,买盘
521,14:16:55,5.43,0.0,2,1086,买盘
522,14:17:04,5.43,0.0,41,22263,买盘
523,14:17:28,5.43,0.0,15,8145,买盘
524,14:17:40,5.43,0.0,10,5430,买盘
525,14:17:43,5.43,0.0,73,39639,买盘
526,14:17:58,5.43,0.0,1,543,买盘
527,14:18:42,5.43,0.0,5,2715,买盘
528,14:19:06,5.43,0.0,2,1086,买盘
529,14:19:19,5.43,0.0,3,1629,买盘
530,14:19:30,5.43,0.0,29,15747,买盘
531,14:19:46,5.43,0.0,2,1086,买盘
532,14:19:55,5.43,0.0,20,10860,买盘
533,14:20:28,5.43,0.0,65,35295,买盘
534,14:20:34,5.43,0.0,117,63531,买盘
535,14:20:43,5.43,0.0,50,27150,买盘
536,14:21:07,5.43,0.0,50,27150,买盘
537,14:21:13,5.43,0.0,10,5430,买盘
538,14:22:04,5.43,0.0,1,543,买盘
539,14:22:37,5.43,0.0,3,1629,买盘
540,14:22:39,5.43,0.0,5,2715,买盘
541,14:23:18,5.43,0.0,10,5430,买盘
542,14:23:24,5.43,0.0,10,5430,买盘
543,14:23:52,5.43,0.0,5,2715,买盘
544,14:24:16,5.43,0.0,10,5430,买盘
545,14:24:33,5.43,0.0,5,2715,买盘
546,14:24:40,5.43,0.0,10,5430,买盘
547,14:24:58,5.43,0.0,10,5430,买盘
548,14:25:00,5.43,0.0,7,3801,买盘
549,14:25:16,5.43,0.0,6,3258,买盘
550,14:25:57,5.43,0.0,1,543,买盘
551,14:26:07,5.43,0.0,1,543,买盘
552,14:27:13,5.43,0.0,78,42354,买盘
553,14:27:31,5.43,0.0,1,543,买盘
554,14:28:54,5.43,0.0,14,7602,买盘
555,14:30:19,5.43,0.0,5,2715,买盘
556,14:30:30,5.43,0.0,1,543,买盘
557,14:30:52,5.43,0.0,1,543,买盘
558,14:31:06,5.43,0.0,30,16290,买盘
559,14:31:49,5.43,0.0,10,5430,买盘
560,14:32:18,5.43,0.0,1,543,买盘
561,14:32:36,5.43,0.0,1,543,买盘
562,14:33:22,5.43,0.0,555,301365,买盘
563,14:33:28,5.43,0.0,1,543,买盘
564,14:33:55,5.43,0.0,2,1086,买盘
565,14:34:10,5.43,0.0,2,1086,买盘
566,14:34:22,5.43,0.0,2,1086,买盘
567,14:34:42,5.43,0.0,20,10860,买盘
568,14:34:45,5.43,0.0,15,8145,买盘
569,14:34:48,5.43,0.0,4,2172,买盘
570,14:35:10,5.43,0.0,40,21720,买盘
571,14:35:22,5.43,0.0,3,1629,买盘
572,14:35:28,5.43,0.0,1,543,买盘
573,14:35:37,5.43,0.0,6,3258,买盘
574,14:36:37,5.43,0.0,1,543,买盘
575,14:36:40,5.43,0.0,22,11946,买盘
576,14:36:43,5.43,0.0,3,1629,买盘
577,14:36:49,5.43,0.0,5,2715,买盘
578,14:37:48,5.43,0.0,3,1629,买盘
579,14:40:16,5.43,0.0,20,10860,买盘
580,14:40:40,5.43,0.0,5,2715,买盘
581,14:41:24,5.43,0.0,1,543,买盘
582,14:41:48,5.43,0.0,8,4344,买盘
583,14:41:55,5.43,0.0,37,20091,买盘
584,14:41:58,5.43,0.0,9,4887,买盘
585,14:42:04,5.43,0.0,1,543,买盘
586,14:42:28,5.43,0.0,1,543,买盘
587,14:42:45,5.43,0.0,200,108600,买盘
588,14:43:07,5.43,0.0,1,543,买盘
589,14:43:25,5.43,0.0,5,2715,买盘
590,14:43:55,5.43,0.0,5,2715,买盘
591,14:44:37,5.43,0.0,16,8688,买盘
592,14:45:09,5.43,0.0,17,9231,买盘
593,14:45:18,5.43,0.0,5,2715,买盘
594,14:45:25,5.43,0.0,20,10860,买盘
595,14:45:33,5.43,0.0,10,5430,买盘
596,14:45:48,5.43,0.0,2,1086,买盘
597,14:45:51,5.43,0.0,100,54300,买盘
598,14:46:07,5.43,0.0,2,1086,买盘
599,14:47:10,5.43,0.0,10,5430,买盘
600,14:47:36,5.43,0.0,10,5430,买盘
601,14:47:42,5.43,0.0,4,2172,买盘
602,14:47:49,5.43,0.0,5,2715,买盘
603,14:48:01,5.43,0.0,8,4344,买盘
604,14:48:15,5.43,0.0,1,543,买盘
605,14:49:49,5.43,0.0,6,3258,买盘
606,14:49:52,5.43,0.0,1,543,买盘
607,14:50:01,5.43,0.0,5,2715,买盘
608,14:50:13,5.43,0.0,37,20091,买盘
609,14:50:48,5.43,0.0,3,1629,买盘
610,14:51:01,5.43,0.0,4,2172,买盘
611,14:51:12,5.43,0.0,9,4887,买盘
612,14:51:46,5.43,0.0,10,5430,买盘
613,14:52:12,5.43,0.0,10,5430,买盘
614,14:52:46,5.43,0.0,17,9231,买盘
615,14:52:52,5.43,0.0,27,14661,买盘
616,14:52:57,5.43,0.0,3,1629,买盘
617,14:53:04,5.43,0.0,49,26607,买盘
618,14:53:13,5.43,0.0,42,22806,买盘
619,14:53:19,5.43,0.0,5,2715,买盘
620,14:53:46,5.43,0.0,21,11403,买盘
621,14:53:49,5.43,0.0,110,59730,买盘
622,14:54:34,5.43,0.0,1,543,买盘
623,14:54:42,5.43,0.0,5,2715,买盘
624,14:54:55,5.43,0.0,1,543,买盘
625,14:55:01,5.43,0.0,10,5430,买盘
626,14:55:07,5.43,0.0,100,54300,买盘
627,14:55:37,5.43,0.0,6,3258,买盘
628,14:56:01,5.43,0.0,20,10860,买盘
629,14:56:18,5.43,0.0,20,10860,买盘
630,14:56:34,5.43,0.0,5,2715,买盘
631,14:56:40,5.43,0.0,20,10860,买盘
632,14:56:46,5.43,0.0,42,22806,买盘
633,14:56:51,5.43,0.0,5,2715,买盘
634,14:57:00,5.43,0.0,21,11403,买盘
635,15:00:04,5.43,0.0,205,111315,卖盘
