,time,price,change,volume,amount,type
0,09:25:04,14.4,0.0,27,38880,卖盘
1,09:30:01,14.4,0.0,25,36000,卖盘
2,09:30:04,14.4,0.0,18,25947,卖盘
3,09:30:22,14.48,0.08,16,23168,买盘
4,09:30:46,14.43,-0.05,43,62049,卖盘
5,09:31:01,14.42,-0.01,34,49058,卖盘
6,09:31:31,14.43,0.01,8,11544,卖盘
7,09:31:57,14.43,0.0,3,4329,卖盘
8,09:32:04,14.43,0.0,5,7215,卖盘
9,09:32:07,14.43,0.0,40,57720,卖盘
10,09:32:22,14.43,0.0,1,1443,买盘
11,09:32:37,14.43,0.0,2,2886,买盘
12,09:33:12,14.43,0.0,5,7215,卖盘
13,09:33:43,14.45,0.02,21,30345,买盘
14,09:34:01,14.45,0.0,27,39015,买盘
15,09:34:07,14.45,0.0,17,24565,买盘
16,09:34:49,14.45,0.0,24,34680,买盘
17,09:34:55,14.45,0.0,1,1445,买盘
18,09:35:31,14.45,0.0,6,8670,买盘
19,09:35:36,14.45,0.0,7,10115,买盘
20,09:35:40,14.44,-0.01,25,36115,卖盘
21,09:35:42,14.44,0.0,3,4332,卖盘
22,09:35:49,14.45,0.01,2,2890,买盘
23,09:36:13,14.45,0.0,2,2890,买盘
24,09:37:30,14.44,-0.01,46,66424,卖盘
25,09:37:36,14.44,0.0,5,7220,卖盘
26,09:37:42,14.45,0.01,2,2890,买盘
27,09:37:49,14.44,-0.01,10,14446,卖盘
28,09:38:04,14.43,-0.01,37,53391,卖盘
29,09:38:33,14.43,0.0,5,7215,买盘
30,09:39:19,14.42,-0.01,1,1442,卖盘
31,09:39:37,14.42,0.0,14,20188,卖盘
32,09:39:43,14.42,0.0,4,5768,买盘
33,09:39:55,14.43,0.01,7,10101,买盘
34,09:40:16,14.43,0.0,1,1443,买盘
35,09:40:46,14.43,0.0,3,4329,买盘
36,09:41:25,14.42,-0.01,9,12978,卖盘
37,09:41:31,14.42,0.0,4,5768,卖盘
38,09:41:33,14.42,0.0,1,1442,卖盘
39,09:41:40,14.42,0.0,5,7210,卖盘
40,09:41:43,14.42,0.0,1,1442,卖盘
41,09:41:58,14.42,0.0,10,14420,卖盘
42,09:42:19,14.41,-0.01,1,1441,卖盘
43,09:42:22,14.41,0.0,10,14410,卖盘
44,09:42:31,14.42,0.01,18,25944,买盘
45,09:43:16,14.42,0.0,1,1442,买盘
46,09:43:31,14.42,0.0,16,23072,买盘
47,09:43:43,14.42,0.0,3,4326,买盘
48,09:43:46,14.42,0.0,7,10094,买盘
49,09:43:49,14.42,0.0,3,4326,买盘
50,09:43:51,14.42,0.0,2,2884,买盘
51,09:43:54,14.42,0.0,3,4326,买盘
52,09:43:58,14.42,0.0,2,2884,买盘
53,09:44:12,14.43,0.01,10,14430,买盘
54,09:45:16,14.42,-0.01,15,21630,卖盘
55,09:45:25,14.43,0.01,3,4329,买盘
56,09:46:07,14.43,0.0,1,1443,买盘
57,09:46:27,14.42,-0.01,1,1442,卖盘
58,09:47:07,14.42,0.0,13,18755,卖盘
59,09:47:16,14.43,0.01,7,10101,买盘
60,09:47:19,14.43,0.0,15,21645,买盘
61,09:47:22,14.43,0.0,4,5772,买盘
62,09:47:25,14.43,0.0,2,2886,买盘
63,09:47:28,14.43,0.0,3,4329,买盘
64,09:47:31,14.43,0.0,5,7215,买盘
65,09:47:34,14.43,0.0,12,17316,买盘
66,09:47:43,14.43,0.0,2,2886,买盘
67,09:47:46,14.43,0.0,2,2886,卖盘
68,09:47:49,14.43,0.0,2,2886,买盘
69,09:47:52,14.44,0.01,9,12995,买盘
70,09:48:06,14.44,0.0,3,4332,买盘
71,09:48:34,14.44,0.0,8,11552,买盘
72,09:49:04,14.44,0.0,2,2888,买盘
73,09:49:28,14.45,0.01,5,7223,买盘
74,09:49:52,14.44,-0.01,18,25992,买盘
75,09:50:10,14.44,0.0,1,1444,卖盘
76,09:50:31,14.45,0.01,9,13005,买盘
77,09:50:49,14.45,0.0,25,36125,买盘
78,09:50:52,14.45,0.0,3,4335,买盘
79,09:50:55,14.45,0.0,1,1445,买盘
80,09:51:01,14.45,0.0,5,7225,买盘
81,09:51:30,14.45,0.0,2,2890,买盘
82,09:51:37,14.44,-0.01,115,166060,卖盘
83,09:52:00,14.44,0.0,1,1444,买盘
84,09:52:21,14.44,0.0,3,4332,买盘
85,09:53:19,14.43,-0.01,10,14430,卖盘
86,09:53:55,14.43,0.0,22,31746,卖盘
87,09:54:10,14.43,0.0,2,2886,卖盘
88,09:54:37,14.43,0.0,40,57720,卖盘
89,09:54:40,14.41,-0.02,100,144174,卖盘
90,09:55:18,14.41,0.0,11,15851,卖盘
91,09:55:37,14.41,0.0,6,8646,卖盘
92,09:55:43,14.41,0.0,5,7205,买盘
93,09:55:46,14.41,0.0,8,11528,买盘
94,09:55:48,14.41,0.0,11,15851,买盘
95,09:55:51,14.4,-0.01,34,48963,卖盘
96,09:55:55,14.41,0.01,1,1441,买盘
97,09:56:16,14.41,0.0,1,1441,买盘
98,09:56:28,14.43,0.02,3,4329,买盘
99,09:56:52,14.41,-0.02,6,8646,卖盘
100,09:57:13,14.42,0.01,7,10094,卖盘
101,09:57:52,14.42,0.0,2,2884,买盘
102,09:58:19,14.42,0.0,62,89344,买盘
103,09:58:22,14.41,-0.01,42,60522,卖盘
104,09:58:31,14.41,0.0,40,57640,卖盘
105,09:58:34,14.4,-0.01,1,1440,卖盘
106,09:58:37,14.4,0.0,3,4320,卖盘
107,09:58:40,14.4,0.0,13,18720,卖盘
108,09:58:42,14.4,0.0,3,4320,卖盘
109,09:58:46,14.4,0.0,22,31680,卖盘
110,09:58:58,14.34,-0.06,8,11472,卖盘
111,09:59:00,14.4,0.06,7,10080,买盘
112,10:00:28,14.36,-0.04,3,4308,卖盘
113,10:01:00,14.36,0.0,12,17232,卖盘
114,10:01:13,14.4,0.04,2,2880,买盘
115,10:01:37,14.4,0.0,1,1440,买盘
116,10:01:54,14.4,0.0,2,2880,买盘
117,10:02:16,14.4,0.0,4,5760,买盘
118,10:03:25,14.38,-0.02,1,1438,卖盘
119,10:03:37,14.37,-0.01,21,30177,卖盘
120,10:04:01,14.36,-0.01,10,14360,卖盘
121,10:04:33,14.36,0.0,1,1436,卖盘
122,10:05:10,14.35,-0.01,15,21525,卖盘
123,10:05:19,14.35,0.0,12,17220,卖盘
124,10:05:33,14.34,-0.01,11,15774,卖盘
125,10:05:46,14.34,0.0,2,2868,卖盘
126,10:05:49,14.41,0.07,53,76234,买盘
127,10:05:55,14.41,0.0,16,23056,买盘
128,10:06:49,14.41,0.0,6,8646,买盘
129,10:07:12,14.41,0.0,11,15851,买盘
130,10:07:22,14.42,0.01,9,12978,买盘
131,10:08:00,14.42,0.0,11,15862,买盘
132,10:08:19,14.42,0.0,2,2884,卖盘
133,10:08:43,14.43,0.01,4,5772,买盘
134,10:08:55,14.42,-0.01,5,7210,卖盘
135,10:09:18,14.41,-0.01,6,8646,卖盘
136,10:10:31,14.42,0.01,2,2884,买盘
137,10:10:58,14.41,-0.01,6,8646,卖盘
138,10:12:07,14.42,0.01,1,1442,买盘
139,10:12:12,14.41,-0.01,5,7205,卖盘
140,10:12:43,14.42,0.01,3,4326,买盘
141,10:12:46,14.41,-0.01,6,8646,卖盘
142,10:13:33,14.41,0.0,9,12969,卖盘
143,10:13:46,14.38,-0.03,30,43157,卖盘
144,10:14:10,14.38,0.0,14,20142,卖盘
145,10:14:13,14.37,-0.01,1,1437,买盘
146,10:14:16,14.37,0.0,2,2874,买盘
147,10:14:19,14.37,0.0,1,1437,买盘
148,10:14:21,14.37,0.0,5,7185,买盘
149,10:14:25,14.37,0.0,1,1437,买盘
150,10:14:28,14.37,0.0,6,8622,买盘
151,10:14:55,14.4,0.03,3,4320,买盘
152,10:15:00,14.41,0.01,9,12962,买盘
153,10:15:16,14.41,0.0,1,1441,买盘
154,10:15:28,14.41,0.0,1,1441,卖盘
155,10:15:46,14.38,-0.03,4,5752,卖盘
156,10:15:55,14.36,-0.02,40,57450,卖盘
157,10:16:57,14.36,0.0,32,45952,卖盘
158,10:17:00,14.4,0.04,25,35906,买盘
159,10:17:15,14.39,-0.01,5,7195,卖盘
160,10:17:49,14.39,0.0,1,1439,卖盘
161,10:17:52,14.4,0.01,3,4320,买盘
162,10:17:55,14.39,-0.01,2,2878,卖盘
163,10:18:28,14.39,0.0,30,43170,卖盘
164,10:19:39,14.4,0.01,3,4320,买盘
165,10:21:16,14.37,-0.03,56,80508,卖盘
166,10:21:36,14.35,-0.02,150,215384,卖盘
167,10:21:55,14.35,0.0,27,38745,卖盘
168,10:22:00,14.34,-0.01,62,88946,卖盘
169,10:22:10,14.36,0.02,5,7180,买盘
170,10:22:58,14.33,-0.03,62,88890,卖盘
171,10:23:12,14.33,0.0,10,14330,卖盘
172,10:23:21,14.32,-0.01,91,130349,卖盘
173,10:23:31,14.32,0.0,7,10024,卖盘
174,10:23:52,14.31,-0.01,60,85914,卖盘
175,10:24:00,14.3,-0.01,76,108705,卖盘
176,10:24:13,14.3,0.0,20,28600,买盘
177,10:24:16,14.3,0.0,8,11440,买盘
178,10:24:19,14.3,0.0,1,1430,买盘
179,10:24:25,14.3,0.0,6,8580,卖盘
180,10:24:28,14.33,0.03,4,5732,买盘
181,10:24:39,14.33,0.0,2,2866,买盘
182,10:25:55,14.39,0.06,25,35975,买盘
183,10:26:52,14.39,0.0,5,7195,买盘
184,10:26:58,14.37,-0.02,3,4311,卖盘
185,10:28:04,14.39,0.02,10,14390,买盘
186,10:28:37,14.38,-0.01,5,7190,卖盘
187,10:28:40,14.38,0.0,2,2876,买盘
188,10:28:51,14.39,0.01,23,33094,买盘
189,10:29:07,14.39,0.0,22,31658,卖盘
190,10:29:39,14.4,0.01,1,1440,买盘
191,10:30:07,14.4,0.0,12,17280,买盘
192,10:30:19,14.39,-0.01,10,14390,卖盘
193,10:31:13,14.4,0.01,30,43200,买盘
194,10:31:19,14.4,0.0,23,33120,买盘
195,10:31:25,14.4,0.0,5,7200,买盘
196,10:31:28,14.4,0.0,3,4320,买盘
197,10:31:30,14.39,-0.01,50,71950,卖盘
198,10:31:34,14.4,0.01,30,43200,买盘
199,10:32:04,14.4,0.0,30,43200,买盘
200,10:32:16,14.4,0.0,36,51840,卖盘
201,10:32:22,14.4,0.0,5,7200,卖盘
202,10:32:40,14.4,0.0,20,28800,卖盘
203,10:32:48,14.4,0.0,11,15840,买盘
204,10:32:54,14.4,0.0,4,5760,买盘
205,10:33:01,14.4,0.0,2,2880,买盘
206,10:33:04,14.4,0.0,16,23040,买盘
207,10:33:07,14.41,0.01,19,27379,买盘
208,10:33:18,14.42,0.01,2,2884,买盘
209,10:34:01,14.42,0.0,8,11536,买盘
210,10:34:10,14.42,0.0,13,18746,买盘
211,10:34:30,14.42,0.0,12,17304,买盘
212,10:35:07,14.43,0.01,15,21645,买盘
213,10:35:10,14.43,0.0,1,1443,买盘
214,10:35:13,14.43,0.0,1,1443,买盘
215,10:35:16,14.43,0.0,1,1443,买盘
216,10:35:18,14.44,0.01,7,10107,买盘
217,10:35:22,14.44,0.0,9,12996,买盘
218,10:35:25,14.44,0.0,54,77976,买盘
219,10:35:27,14.45,0.01,11,15895,买盘
220,10:35:40,14.45,0.0,4,5780,买盘
221,10:35:49,14.45,0.0,34,49130,买盘
222,10:35:51,14.46,0.01,132,190864,买盘
223,10:36:04,14.47,0.01,10,14470,买盘
224,10:36:07,14.48,0.01,257,372136,买盘
225,10:36:10,14.48,0.0,24,34752,买盘
226,10:36:13,14.48,0.0,20,28960,买盘
227,10:36:16,14.49,0.01,30,43456,买盘
228,10:36:19,14.48,-0.01,4,5792,买盘
229,10:36:34,14.49,0.01,2,2898,买盘
230,10:36:40,14.49,0.0,5,7245,买盘
231,10:36:43,14.49,0.0,23,33325,买盘
232,10:36:54,14.49,0.0,13,18837,卖盘
233,10:37:01,14.49,0.0,10,14490,卖盘
234,10:37:10,14.5,0.01,14,20300,买盘
235,10:37:13,14.5,0.0,9,13045,买盘
236,10:37:22,14.5,0.0,7,10150,买盘
237,10:37:24,14.49,-0.01,5,7245,卖盘
238,10:37:45,14.47,-0.02,32,46307,卖盘
239,10:38:28,14.48,0.01,5,7240,买盘
240,10:38:55,14.48,0.0,2,2896,卖盘
241,10:38:58,14.48,0.0,1,1448,卖盘
242,10:39:15,14.47,-0.01,3,4341,卖盘
243,10:39:19,14.48,0.01,24,34752,买盘
244,10:39:22,14.48,0.0,2,2896,买盘
245,10:39:34,14.47,-0.01,3,4341,卖盘
246,10:39:36,14.48,0.01,30,43440,买盘
247,10:40:04,14.48,0.0,3,4344,买盘
248,10:40:39,14.48,0.0,33,47784,买盘
249,10:40:52,14.48,0.0,3,4344,买盘
250,10:40:55,14.5,0.02,75,108690,买盘
251,10:40:57,14.47,-0.03,15,21705,卖盘
252,10:41:13,14.48,0.01,10,14480,卖盘
253,10:41:22,14.48,0.0,33,47784,卖盘
254,10:41:25,14.48,0.0,41,59368,卖盘
255,10:41:49,14.47,-0.01,4,5788,卖盘
256,10:41:54,14.47,0.0,1,1447,买盘
257,10:42:10,14.48,0.01,2,2896,买盘
258,10:42:13,14.48,0.0,23,33304,买盘
259,10:42:30,14.48,0.0,7,10136,卖盘
260,10:42:33,14.48,0.0,2,2896,买盘
261,10:42:46,14.47,-0.01,19,27493,卖盘
262,10:42:52,14.47,0.0,9,13023,买盘
263,10:43:00,14.47,0.0,2,2894,买盘
264,10:43:10,14.47,0.0,7,10129,卖盘
265,10:43:13,14.47,0.0,1,1447,买盘
266,10:43:15,14.47,0.0,4,5788,卖盘
267,10:43:18,14.47,0.0,6,8682,买盘
268,10:43:30,14.48,0.01,8,11584,买盘
269,10:43:36,14.48,0.0,5,7240,卖盘
270,10:43:39,14.48,0.0,17,24616,卖盘
271,10:43:42,14.48,0.0,4,5792,买盘
272,10:43:46,14.48,0.0,1,1448,买盘
273,10:43:48,14.48,0.0,1,1448,买盘
274,10:43:51,14.49,0.01,67,97061,买盘
275,10:43:55,14.5,0.01,4,5800,买盘
276,10:44:07,14.49,-0.01,1,1449,卖盘
277,10:44:18,14.51,0.02,50,72526,买盘
278,10:44:22,14.52,0.01,1,1452,买盘
279,10:44:33,14.52,0.0,2,2904,买盘
280,10:44:54,14.5,-0.02,22,31931,卖盘
281,10:44:58,14.5,0.0,6,8700,买盘
282,10:45:10,14.5,0.0,5,7250,买盘
283,10:45:25,14.5,0.0,100,145060,卖盘
284,10:45:30,14.53,0.03,89,129317,买盘
285,10:45:49,14.54,0.01,57,82875,买盘
286,10:45:54,14.56,0.02,50,72774,买盘
287,10:46:07,14.57,0.01,28,40779,买盘
288,10:46:24,14.57,0.0,31,45151,买盘
289,10:46:57,14.55,-0.02,29,42195,卖盘
290,10:47:03,14.56,0.01,9,13096,买盘
291,10:47:13,14.56,0.0,15,21840,买盘
292,10:47:24,14.56,0.0,9,13104,买盘
293,10:47:33,14.56,0.0,16,23296,买盘
294,10:47:37,14.56,0.0,1,1456,卖盘
295,10:47:39,14.56,0.0,6,8736,卖盘
296,10:47:42,14.55,-0.01,3,4365,买盘
297,10:47:45,14.55,0.0,7,10185,买盘
298,10:47:57,14.53,-0.02,43,62513,卖盘
299,10:48:19,14.56,0.03,35,50955,买盘
300,10:48:21,14.56,0.0,10,14560,卖盘
301,10:48:36,14.57,0.01,44,64108,买盘
302,10:48:43,14.57,0.0,10,14570,卖盘
303,10:48:45,14.56,-0.01,17,24765,卖盘
304,10:49:15,14.56,0.0,7,10192,卖盘
305,10:49:30,14.56,0.0,1,1456,买盘
306,10:49:36,14.56,0.0,7,10192,买盘
307,10:49:40,14.53,-0.03,1,1453,卖盘
308,10:49:52,14.53,0.0,1,1453,卖盘
309,10:50:00,14.56,0.03,29,42224,买盘
310,10:50:04,14.56,0.0,10,14560,卖盘
311,10:50:06,14.56,0.0,5,7280,卖盘
312,10:50:10,14.56,0.0,8,11648,卖盘
313,10:50:12,14.53,-0.03,20,29072,卖盘
314,10:50:18,14.53,0.0,16,23248,卖盘
315,10:50:30,14.5,-0.03,1,1450,买盘
316,10:50:33,14.5,0.0,1,1450,买盘
317,10:50:36,14.5,0.0,1,1450,买盘
318,10:50:42,14.56,0.06,20,29120,买盘
319,10:50:52,14.57,0.01,34,49526,买盘
320,10:51:00,14.56,-0.01,13,18928,买盘
321,10:51:15,14.56,0.0,24,34944,买盘
322,10:51:22,14.56,0.0,4,5824,买盘
323,10:51:36,14.56,0.0,25,36394,买盘
324,10:51:46,14.56,0.0,10,14560,买盘
325,10:52:04,14.56,0.0,25,36380,买盘
326,10:52:13,14.55,-0.01,1,1455,卖盘
327,10:52:24,14.55,0.0,3,4365,买盘
328,10:52:30,14.49,-0.06,5,7245,卖盘
329,10:52:39,14.55,0.06,6,8730,买盘
330,10:52:45,14.55,0.0,1,1455,卖盘
331,10:53:04,14.55,0.0,20,29100,卖盘
332,10:53:19,14.55,0.0,12,17460,卖盘
333,10:53:27,14.5,-0.05,5,7250,卖盘
334,10:53:33,14.5,0.0,26,37700,买盘
335,10:53:43,14.55,0.05,50,72750,买盘
336,10:54:48,14.5,-0.05,18,26117,卖盘
337,10:55:06,14.5,0.0,18,26100,卖盘
338,10:55:52,14.55,0.05,7,10185,买盘
339,10:56:24,14.54,-0.01,2,2908,买盘
340,10:56:27,14.54,0.0,5,7270,买盘
341,10:56:31,14.54,0.0,2,2908,买盘
342,10:56:34,14.52,-0.02,10,14520,卖盘
343,10:56:52,14.52,0.0,46,66806,卖盘
344,10:56:55,14.52,0.0,2,2904,买盘
345,10:56:58,14.54,0.02,69,100208,买盘
346,10:57:01,14.54,0.0,6,8724,买盘
347,10:57:18,14.54,0.0,48,69792,买盘
348,10:57:34,14.55,0.01,14,20370,买盘
349,10:57:49,14.55,0.0,2,2910,买盘
350,10:58:01,14.55,0.0,1,1455,买盘
351,10:58:04,14.55,0.0,67,97485,买盘
352,10:58:19,14.55,0.0,66,96030,买盘
353,10:58:24,14.55,0.0,6,8730,买盘
354,10:58:48,14.55,0.0,11,16005,买盘
355,10:59:00,14.56,0.01,4,5824,买盘
356,10:59:06,14.56,0.0,5,7280,买盘
357,10:59:13,14.56,0.0,88,128118,买盘
358,10:59:39,14.56,0.0,11,16016,卖盘
359,11:00:54,14.55,-0.01,2,2910,卖盘
360,11:01:15,14.56,0.01,2,2912,买盘
361,11:01:49,14.56,0.0,30,43680,买盘
362,11:01:51,14.56,0.0,1,1456,卖盘
363,11:01:54,14.56,0.0,37,53872,卖盘
364,11:02:21,14.56,0.0,6,8736,买盘
365,11:02:48,14.55,-0.01,2,2910,卖盘
366,11:03:21,14.56,0.01,33,48048,买盘
367,11:03:24,14.56,0.0,50,72800,买盘
368,11:03:30,14.57,0.01,100,145700,买盘
369,11:03:33,14.57,0.0,5,7285,买盘
370,11:03:36,14.57,0.0,17,24769,买盘
371,11:03:45,14.58,0.01,1,1458,买盘
372,11:03:51,14.6,0.02,65,94840,买盘
373,11:03:57,14.61,0.01,9,13149,买盘
374,11:04:04,14.61,0.0,7,10227,买盘
375,11:04:15,14.63,0.02,2,2926,买盘
376,11:04:18,14.64,0.01,2,2928,卖盘
377,11:04:24,14.65,0.01,10,14650,买盘
378,11:04:34,14.65,0.0,2,2930,买盘
379,11:04:39,14.65,0.0,7,10255,买盘
380,11:04:54,14.67,0.02,20,29319,买盘
381,11:05:07,14.65,-0.02,5,7325,卖盘
382,11:05:12,14.65,0.0,1,1465,卖盘
383,11:05:15,14.65,0.0,30,43950,卖盘
384,11:05:28,14.65,0.0,6,8790,卖盘
385,11:05:30,14.65,0.0,1,1465,卖盘
386,11:05:34,14.65,0.0,28,41020,卖盘
387,11:05:39,14.64,-0.01,1,1464,卖盘
388,11:05:42,14.64,0.0,3,4392,卖盘
389,11:05:46,14.61,-0.03,6,8772,卖盘
390,11:05:57,14.61,0.0,5,7305,卖盘
391,11:06:18,14.63,0.02,1,1463,卖盘
392,11:06:21,14.64,0.01,8,11712,买盘
393,11:06:33,14.63,-0.01,1,1463,卖盘
394,11:06:36,14.63,0.0,2,2926,中性盘
395,11:06:42,14.63,0.0,10,14630,卖盘
396,11:06:49,14.64,0.01,1,1464,买盘
397,11:06:51,14.63,-0.01,20,29260,卖盘
398,11:06:54,14.63,0.0,11,16093,卖盘
399,11:07:12,14.63,0.0,10,14630,卖盘
400,11:07:18,14.62,-0.01,30,43877,卖盘
401,11:07:21,14.63,0.01,49,71687,买盘
402,11:07:27,14.62,-0.01,3,4386,卖盘
403,11:07:33,14.63,0.01,10,14629,买盘
404,11:07:43,14.62,-0.01,1,1462,卖盘
405,11:07:46,14.62,0.0,1,1462,卖盘
406,11:08:00,14.62,0.0,1,1462,卖盘
407,11:08:07,14.63,0.01,10,14630,买盘
408,11:08:13,14.62,-0.01,5,7310,卖盘
409,11:08:16,14.62,0.0,10,14620,卖盘
410,11:08:24,14.64,0.02,50,73157,买盘
411,11:08:34,14.62,-0.02,81,118506,卖盘
412,11:08:36,14.64,0.02,5,7320,中性盘
413,11:08:57,14.66,0.02,39,57174,买盘
414,11:09:01,14.67,0.01,30,44010,买盘
415,11:09:04,14.67,0.0,53,77751,买盘
416,11:09:07,14.66,-0.01,21,30786,卖盘
417,11:09:09,14.64,-0.02,1,1464,卖盘
418,11:09:18,14.66,0.02,8,11728,买盘
419,11:09:43,14.64,-0.02,4,5856,卖盘
420,11:09:45,14.66,0.02,10,14660,买盘
421,11:09:57,14.64,-0.02,27,39539,卖盘
422,11:10:01,14.64,0.0,1,1464,卖盘
423,11:10:04,14.66,0.02,13,19052,买盘
424,11:10:06,14.65,-0.01,14,20510,卖盘
425,11:10:09,14.65,0.0,7,10255,卖盘
426,11:10:13,14.65,0.0,13,19045,卖盘
427,11:10:22,14.65,0.0,7,10255,卖盘
428,11:10:40,14.64,-0.01,27,39552,卖盘
429,11:10:45,14.64,0.0,5,7320,卖盘
430,11:10:49,14.64,0.0,2,2928,卖盘
431,11:10:52,14.64,0.0,10,14640,买盘
432,11:11:09,14.63,-0.01,28,40964,卖盘
433,11:11:16,14.66,0.03,80,117180,买盘
434,11:11:25,14.62,-0.04,23,33626,卖盘
435,11:11:31,14.6,-0.02,10,14600,卖盘
436,11:11:42,14.62,0.02,10,14616,买盘
437,11:12:07,14.62,0.0,1,1462,买盘
438,11:12:13,14.63,0.01,7,10241,买盘
439,11:12:16,14.61,-0.02,4,5844,卖盘
440,11:12:27,14.61,0.0,85,124185,卖盘
441,11:12:37,14.6,-0.01,76,110963,卖盘
442,11:13:01,14.6,0.0,1,1460,买盘
443,11:13:16,14.6,0.0,14,20440,买盘
444,11:13:19,14.57,-0.03,49,71393,卖盘
445,11:13:31,14.57,0.0,2,2914,买盘
446,11:13:57,14.57,0.0,8,11656,卖盘
447,11:14:09,14.57,0.0,27,39405,卖盘
448,11:14:15,14.57,0.0,4,5828,卖盘
449,11:14:18,14.57,0.0,5,7285,卖盘
450,11:14:22,14.57,0.0,3,4371,买盘
451,11:14:34,14.57,0.0,10,14570,卖盘
452,11:15:36,14.58,0.01,8,11664,卖盘
453,11:15:49,14.58,0.0,10,14580,卖盘
454,11:15:52,14.6,0.02,5,7300,买盘
455,11:16:25,14.58,-0.02,3,4374,卖盘
456,11:17:01,14.59,0.01,5,7295,买盘
457,11:17:10,14.58,-0.01,27,39366,卖盘
458,11:17:16,14.58,0.0,3,4374,买盘
459,11:17:22,14.57,-0.01,20,29140,卖盘
460,11:17:31,14.57,0.0,3,4371,卖盘
461,11:17:58,14.57,0.0,27,39339,买盘
462,11:18:07,14.57,0.0,2,2914,卖盘
463,11:18:21,14.57,0.0,20,29140,卖盘
464,11:18:24,14.57,0.0,62,90334,卖盘
465,11:18:40,14.57,0.0,28,40796,买盘
466,11:19:24,14.59,0.02,5,7295,买盘
467,11:19:28,14.59,0.0,1,1459,卖盘
468,11:19:31,14.6,0.01,4,5840,买盘
469,11:19:34,14.61,0.01,34,49667,买盘
470,11:20:22,14.62,0.01,5,7310,买盘
471,11:20:27,14.62,0.0,11,16082,买盘
472,11:20:34,14.61,-0.01,16,23376,卖盘
473,11:20:37,14.61,0.0,1,1461,卖盘
474,11:20:43,14.62,0.01,3,4386,买盘
475,11:21:10,14.61,-0.01,4,5844,卖盘
476,11:21:16,14.61,0.0,11,16071,卖盘
477,11:21:30,14.61,0.0,2,2922,卖盘
478,11:22:13,14.59,-0.02,3,4377,卖盘
479,11:22:34,14.61,0.02,69,100803,买盘
480,11:22:45,14.62,0.01,21,30702,买盘
481,11:22:49,14.62,0.0,30,43860,买盘
482,11:22:52,14.62,0.0,10,14620,卖盘
483,11:22:55,14.62,0.0,1,1462,卖盘
484,11:23:04,14.62,0.0,10,14620,卖盘
485,11:23:24,14.62,0.0,25,36550,卖盘
486,11:23:37,14.59,-0.03,4,5836,卖盘
487,11:24:04,14.59,0.0,6,8754,买盘
488,11:24:27,14.59,0.0,10,14590,卖盘
489,11:24:39,14.59,0.0,37,53983,卖盘
490,11:25:04,14.58,-0.01,1,1458,卖盘
491,11:25:15,14.59,0.01,4,5836,买盘
492,11:25:39,14.59,0.0,5,7295,买盘
493,11:25:48,14.64,0.05,126,184358,买盘
494,11:26:27,14.64,0.0,3,4392,买盘
495,11:26:45,14.64,0.0,1,1464,买盘
496,11:27:21,14.64,0.0,30,43920,买盘
497,11:27:42,14.64,0.0,4,5856,买盘
498,11:28:06,14.64,0.0,19,27806,买盘
499,11:28:42,14.64,0.0,2,2928,买盘
500,11:28:48,14.62,-0.02,6,8772,卖盘
501,11:29:12,14.64,0.02,2,2928,买盘
502,11:29:15,14.64,0.0,10,14640,买盘
503,11:29:18,14.62,-0.02,4,5854,卖盘
504,11:29:21,14.64,0.02,7,10248,买盘
505,11:29:39,14.65,0.01,26,38090,买盘
506,13:00:04,14.66,0.01,63,92288,买盘
507,13:00:15,14.66,0.0,4,5864,买盘
508,13:00:39,14.66,0.0,3,4398,买盘
509,13:01:27,14.64,-0.02,4,5856,买盘
510,13:01:33,14.63,-0.01,2,2926,卖盘
511,13:01:36,14.63,0.0,2,2926,卖盘
512,13:02:31,14.64,0.01,5,7320,买盘
513,13:04:15,14.64,0.0,9,13176,卖盘
514,13:04:18,14.64,0.0,9,13176,买盘
515,13:04:48,14.63,-0.01,4,5852,卖盘
516,13:04:54,14.65,0.02,11,16115,买盘
517,13:05:00,14.63,-0.02,20,29260,卖盘
518,13:05:18,14.64,0.01,2,2928,卖盘
519,13:05:33,14.64,0.0,1,1464,卖盘
520,13:06:09,14.64,0.0,20,29280,卖盘
521,13:06:12,14.64,0.0,8,11712,卖盘
522,13:06:18,14.64,0.0,40,58560,卖盘
523,13:06:48,14.63,-0.01,12,17556,卖盘
524,13:06:57,14.63,0.0,18,26334,卖盘
525,13:07:03,14.63,0.0,12,17556,卖盘
526,13:07:07,14.63,0.0,5,7315,卖盘
527,13:07:13,14.63,0.0,1,1463,卖盘
528,13:07:48,14.62,-0.01,19,27778,卖盘
529,13:07:51,14.62,0.0,12,17544,卖盘
530,13:07:54,14.62,0.0,1,1462,卖盘
531,13:08:00,14.62,0.0,1,1462,卖盘
532,13:08:27,14.62,0.0,18,26322,买盘
533,13:08:36,14.63,0.01,6,8778,买盘
534,13:08:42,14.62,-0.01,5,7310,卖盘
535,13:09:12,14.61,-0.01,5,7305,卖盘
536,13:09:21,14.61,0.0,17,24837,卖盘
537,13:09:24,14.61,0.0,1,1461,卖盘
538,13:09:30,14.61,0.0,2,2922,卖盘
539,13:09:33,14.61,0.0,3,4383,卖盘
540,13:09:39,14.61,0.0,5,7305,买盘
541,13:09:51,14.6,-0.01,6,8760,卖盘
542,13:10:10,14.6,0.0,30,43800,卖盘
543,13:10:21,14.59,-0.01,3,4377,卖盘
544,13:10:33,14.6,0.01,3,4380,买盘
545,13:10:36,14.59,-0.01,22,32098,卖盘
546,13:10:45,14.59,0.0,4,5836,买盘
547,13:10:54,14.58,-0.01,2,2916,卖盘
548,13:10:57,14.59,0.01,2,2918,买盘
549,13:11:13,14.6,0.01,2,2920,买盘
550,13:11:33,14.6,0.0,2,2920,买盘
551,13:11:39,14.59,-0.01,2,2918,卖盘
552,13:11:48,14.59,0.0,3,4377,卖盘
553,13:12:30,14.6,0.01,7,10220,买盘
554,13:12:33,14.59,-0.01,1,1459,卖盘
555,13:12:45,14.59,0.0,1,1459,卖盘
556,13:13:18,14.6,0.01,6,8760,买盘
557,13:13:24,14.6,0.0,27,39420,买盘
558,13:14:04,14.63,0.03,16,23403,买盘
559,13:14:12,14.6,-0.03,5,7300,卖盘
560,13:14:37,14.63,0.03,3,4389,买盘
561,13:14:51,14.63,0.0,2,2926,买盘
562,13:15:24,14.63,0.0,10,14630,买盘
563,13:15:36,14.63,0.0,15,21945,买盘
564,13:16:15,14.63,0.0,1,1463,买盘
565,13:17:28,14.61,-0.02,9,13149,卖盘
566,13:17:58,14.6,-0.01,20,29200,卖盘
567,13:18:00,14.6,0.0,11,16060,卖盘
568,13:18:51,14.6,0.0,6,8760,买盘
569,13:19:15,14.59,-0.01,9,13131,卖盘
570,13:19:33,14.59,0.0,16,23344,卖盘
571,13:19:54,14.59,0.0,1,1459,买盘
572,13:20:09,14.59,0.0,8,11672,买盘
573,13:20:24,14.58,-0.01,13,18954,卖盘
574,13:21:21,14.58,0.0,7,10206,买盘
575,13:21:31,14.58,0.0,6,8748,买盘
576,13:21:43,14.58,0.0,11,16038,买盘
577,13:22:18,14.6,0.02,7,10220,买盘
578,13:22:21,14.6,0.0,3,4380,买盘
579,13:22:24,14.61,0.01,1,1461,买盘
580,13:22:28,14.61,0.0,9,13149,买盘
581,13:22:30,14.61,0.0,2,2922,买盘
582,13:22:48,14.61,0.0,1,1461,买盘
583,13:22:57,14.6,-0.01,5,7300,卖盘
584,13:23:06,14.61,0.01,6,8766,买盘
585,13:23:42,14.61,0.0,13,18993,买盘
586,13:23:45,14.6,-0.01,39,56944,卖盘
587,13:23:51,14.6,0.0,1,1460,买盘
588,13:23:58,14.59,-0.01,8,11672,卖盘
589,13:24:30,14.59,0.0,5,7295,卖盘
590,13:25:00,14.59,0.0,1,1459,卖盘
591,13:25:03,14.59,0.0,1,1459,买盘
592,13:25:42,14.6,0.01,2,2920,买盘
593,13:25:51,14.6,0.0,2,2920,买盘
594,13:27:42,14.6,0.0,27,39420,买盘
595,13:27:48,14.6,0.0,1,1460,买盘
596,13:27:57,14.6,0.0,1,1460,买盘
597,13:28:00,14.59,-0.01,5,7295,卖盘
598,13:28:18,14.59,0.0,1,1459,卖盘
599,13:28:39,14.6,0.01,3,4380,买盘
600,13:29:27,14.59,-0.01,10,14590,卖盘
601,13:30:30,14.59,0.0,6,8754,买盘
602,13:30:58,14.58,-0.01,10,14580,卖盘
603,13:31:12,14.58,0.0,9,13122,卖盘
604,13:31:28,14.58,0.0,10,14580,卖盘
605,13:31:30,14.58,0.0,7,10206,卖盘
606,13:31:51,14.59,0.01,1,1459,买盘
607,13:33:34,14.59,0.0,1,1459,买盘
608,13:33:37,14.59,0.0,6,8750,买盘
609,13:33:40,14.58,-0.01,11,16039,卖盘
610,13:33:42,14.58,0.0,1,1458,买盘
611,13:34:10,14.56,-0.02,20,29158,卖盘
612,13:34:13,14.58,0.02,1,1458,买盘
613,13:34:37,14.57,-0.01,12,17484,卖盘
614,13:34:40,14.57,0.0,3,4371,买盘
615,13:35:16,14.58,0.01,2,2916,卖盘
616,13:36:06,14.59,0.01,1,1459,买盘
617,13:36:16,14.59,0.0,18,26262,买盘
618,13:36:21,14.59,0.0,21,30639,买盘
619,13:36:42,14.6,0.01,31,45260,买盘
620,13:36:58,14.59,-0.01,29,42311,卖盘
621,13:37:22,14.59,0.0,31,45229,卖盘
622,13:37:25,14.6,0.01,10,14596,买盘
623,13:37:37,14.6,0.0,1,1460,买盘
624,13:38:00,14.59,-0.01,5,7295,买盘
625,13:38:28,14.58,-0.01,5,7290,卖盘
626,13:38:51,14.58,0.0,3,4374,卖盘
627,13:38:55,14.59,0.01,5,7295,买盘
628,13:39:43,14.59,0.0,1,1459,买盘
629,13:39:54,14.59,0.0,1,1459,买盘
630,13:39:57,14.59,0.0,1,1459,买盘
631,13:40:06,14.59,0.0,8,11672,买盘
632,13:40:30,14.59,0.0,1,1459,卖盘
633,13:40:46,14.59,0.0,10,14590,卖盘
634,13:40:48,14.59,0.0,1,1459,买盘
635,13:41:43,14.59,0.0,1,1459,买盘
636,13:42:09,14.58,-0.01,26,37908,卖盘
637,13:42:15,14.58,0.0,1,1458,买盘
638,13:42:34,14.57,-0.01,9,13113,卖盘
639,13:42:48,14.57,0.0,1,1457,买盘
640,13:43:15,14.56,-0.01,14,20384,卖盘
641,13:43:33,14.57,0.01,1,1457,买盘
642,13:44:04,14.56,-0.01,51,74256,卖盘
643,13:44:18,14.56,0.0,7,10192,买盘
644,13:45:19,14.55,-0.01,20,29100,卖盘
645,13:45:22,14.55,0.0,1,1455,买盘
646,13:45:40,14.55,0.0,12,17460,卖盘
647,13:45:46,14.55,0.0,7,10185,卖盘
648,13:45:58,14.52,-0.03,69,100211,卖盘
649,13:46:07,14.52,0.0,5,7260,买盘
650,13:46:15,14.51,-0.01,29,42079,卖盘
651,13:46:22,14.51,0.0,21,30471,卖盘
652,13:46:49,14.51,0.0,8,11608,买盘
653,13:46:51,14.51,0.0,5,7255,买盘
654,13:46:57,14.51,0.0,10,14510,买盘
655,13:47:01,14.51,0.0,1,1451,买盘
656,13:47:13,14.52,0.01,8,11616,买盘
657,13:47:24,14.55,0.03,13,18915,买盘
658,13:47:40,14.55,0.0,7,10185,卖盘
659,13:47:55,14.55,0.0,8,11640,买盘
660,13:48:58,14.56,0.01,38,55297,买盘
661,13:49:01,14.54,-0.02,38,55310,卖盘
662,13:49:04,14.52,-0.02,7,10164,卖盘
663,13:50:00,14.52,0.0,5,7260,卖盘
664,13:50:19,14.53,0.01,3,4359,买盘
665,13:50:48,14.54,0.01,1,1454,买盘
666,13:50:58,14.53,-0.01,11,15983,卖盘
667,13:51:31,14.53,0.0,3,4359,卖盘
668,13:51:45,14.53,0.0,7,10171,卖盘
669,13:51:49,14.53,0.0,13,18889,卖盘
670,13:51:55,14.53,0.0,1,1453,卖盘
671,13:51:57,14.54,0.01,4,5816,买盘
672,13:52:00,14.54,0.0,6,8724,买盘
673,13:52:04,14.54,0.0,31,45074,买盘
674,13:52:40,14.57,0.03,2,2914,买盘
675,13:52:52,14.57,0.0,4,5828,买盘
676,13:53:21,14.57,0.0,3,4371,买盘
677,13:53:34,14.57,0.0,10,14570,买盘
678,13:54:43,14.55,-0.02,5,7275,卖盘
679,13:54:49,14.56,0.01,1,1456,买盘
680,13:56:00,14.55,-0.01,10,14550,卖盘
681,13:56:07,14.55,0.0,1,1455,卖盘
682,13:56:12,14.56,0.01,7,10192,买盘
683,13:56:36,14.55,-0.01,15,21825,卖盘
684,13:57:09,14.55,0.0,13,18915,卖盘
685,13:57:33,14.54,-0.01,4,5816,卖盘
686,13:58:00,14.54,0.0,7,10178,卖盘
687,13:58:43,14.55,0.01,3,4365,买盘
688,13:58:45,14.54,-0.01,10,14540,卖盘
689,13:58:57,14.55,0.01,1,1455,买盘
690,13:59:39,14.55,0.0,11,16005,买盘
691,13:59:51,14.55,0.0,10,14550,卖盘
692,13:59:57,14.55,0.0,12,17460,卖盘
693,14:00:04,14.55,0.0,4,5820,卖盘
694,14:01:46,14.56,0.01,1,1456,卖盘
695,14:01:49,14.56,0.0,1,1456,卖盘
696,14:01:52,14.56,0.0,1,1456,卖盘
697,14:02:01,14.56,0.0,9,13104,卖盘
698,14:02:37,14.55,-0.01,10,14550,卖盘
699,14:02:55,14.56,0.01,1,1456,买盘
700,14:03:13,14.55,-0.01,9,13095,卖盘
701,14:03:33,14.55,0.0,4,5820,卖盘
702,14:03:37,14.55,0.0,5,7275,卖盘
703,14:03:55,14.54,-0.01,35,50890,卖盘
704,14:04:01,14.53,-0.01,10,14530,卖盘
705,14:04:37,14.52,-0.01,50,72635,卖盘
706,14:04:49,14.54,0.02,17,24718,买盘
707,14:05:24,14.54,0.0,5,7270,卖盘
708,14:05:54,14.55,0.01,1,1455,买盘
709,14:06:01,14.55,0.0,1,1455,买盘
710,14:06:16,14.55,0.0,22,32010,买盘
711,14:06:55,14.56,0.01,19,27664,买盘
712,14:07:55,14.56,0.0,10,14560,卖盘
713,14:08:04,14.56,0.0,5,7280,卖盘
714,14:08:16,14.56,0.0,29,42224,卖盘
715,14:08:25,14.56,0.0,20,29120,卖盘
716,14:09:49,14.55,-0.01,1,1455,买盘
717,14:10:31,14.56,0.01,7,10190,买盘
718,14:11:12,14.56,0.0,30,43680,买盘
719,14:11:37,14.57,0.01,8,11656,买盘
720,14:11:55,14.57,0.0,6,8742,买盘
721,14:12:04,14.58,0.01,34,49572,买盘
722,14:12:10,14.58,0.0,6,8748,买盘
723,14:12:24,14.59,0.01,13,18957,买盘
724,14:12:58,14.58,-0.01,10,14580,买盘
725,14:13:12,14.57,-0.01,5,7285,卖盘
726,14:13:30,14.57,0.0,13,18941,卖盘
727,14:13:46,14.58,0.01,37,53944,买盘
728,14:14:04,14.57,-0.01,20,29140,买盘
729,14:14:19,14.57,0.0,12,17484,卖盘
730,14:14:22,14.57,0.0,1,1457,买盘
731,14:14:42,14.57,0.0,17,24769,买盘
732,14:14:55,14.59,0.02,42,61270,买盘
733,14:15:15,14.58,-0.01,3,4374,买盘
734,14:15:25,14.58,0.0,10,14580,买盘
735,14:15:46,14.58,0.0,10,14580,卖盘
736,14:15:57,14.58,0.0,30,43740,卖盘
737,14:16:01,14.58,0.0,21,30618,卖盘
738,14:17:07,14.58,0.0,22,32076,买盘
739,14:17:22,14.57,-0.01,14,20398,卖盘
740,14:17:34,14.56,-0.01,10,14560,卖盘
741,14:18:07,14.57,0.01,1,1457,买盘
742,14:18:09,14.57,0.0,1,1457,买盘
743,14:18:34,14.57,0.0,51,74307,买盘
744,14:18:40,14.56,-0.01,13,18933,卖盘
745,14:19:04,14.55,-0.01,10,14550,卖盘
746,14:19:16,14.55,0.0,5,7275,卖盘
747,14:19:28,14.55,0.0,2,2910,卖盘
748,14:19:31,14.55,0.0,1,1455,买盘
749,14:19:34,14.55,0.0,8,11640,买盘
750,14:19:37,14.55,0.0,2,2910,买盘
751,14:19:48,14.56,0.01,46,66976,买盘
752,14:19:52,14.57,0.01,1,1457,买盘
753,14:20:01,14.56,-0.01,5,7280,卖盘
754,14:20:07,14.56,0.0,2,2912,卖盘
755,14:20:22,14.56,0.0,19,27664,卖盘
756,14:20:28,14.55,-0.01,11,16005,买盘
757,14:20:36,14.55,0.0,1,1455,卖盘
758,14:20:55,14.56,0.01,15,21840,买盘
759,14:21:00,14.55,-0.01,6,8731,卖盘
760,14:21:07,14.56,0.01,5,7280,买盘
761,14:21:19,14.56,0.0,4,5824,买盘
762,14:21:24,14.55,-0.01,50,72776,卖盘
763,14:21:40,14.56,0.01,1,1456,买盘
764,14:21:46,14.56,0.0,1,1456,买盘
765,14:21:58,14.54,-0.02,5,7270,卖盘
766,14:22:49,14.56,0.02,10,14560,买盘
767,14:23:10,14.56,0.0,3,4368,买盘
768,14:23:16,14.56,0.0,4,5824,买盘
769,14:23:31,14.58,0.02,46,67068,买盘
770,14:23:40,14.58,0.0,47,68503,买盘
771,14:23:49,14.59,0.01,36,52524,买盘
772,14:24:21,14.59,0.0,1,1459,买盘
773,14:24:28,14.58,-0.01,5,7290,卖盘
774,14:24:31,14.59,0.01,7,10213,买盘
775,14:24:36,14.59,0.0,11,16049,买盘
776,14:24:42,14.59,0.0,10,14590,买盘
777,14:24:45,14.59,0.0,11,16049,买盘
778,14:24:55,14.59,0.0,18,26259,买盘
779,14:25:04,14.59,0.0,50,72950,买盘
780,14:25:10,14.59,0.0,10,14590,买盘
781,14:25:16,14.59,0.0,16,23344,买盘
782,14:25:18,14.59,0.0,7,10213,卖盘
783,14:25:34,14.59,0.0,5,7295,买盘
784,14:25:36,14.59,0.0,12,17508,买盘
785,14:25:48,14.59,0.0,28,40852,卖盘
786,14:25:55,14.6,0.01,91,132860,买盘
787,14:26:22,14.6,0.0,2,2919,买盘
788,14:26:25,14.6,0.0,193,281780,买盘
789,14:26:36,14.62,0.02,111,162282,买盘
790,14:26:49,14.63,0.01,9,13167,买盘
791,14:26:52,14.63,0.0,4,5852,买盘
792,14:26:58,14.63,0.0,17,24868,买盘
793,14:27:01,14.63,0.0,14,20482,买盘
794,14:27:04,14.63,0.0,20,29260,买盘
795,14:27:06,14.63,0.0,10,14630,买盘
796,14:27:12,14.63,0.0,2,2926,买盘
797,14:27:15,14.64,0.01,1,1464,买盘
798,14:27:18,14.63,-0.01,10,14630,卖盘
799,14:27:21,14.64,0.01,16,23424,买盘
800,14:27:40,14.64,0.0,12,17568,买盘
801,14:27:51,14.64,0.0,13,19032,买盘
802,14:27:54,14.63,-0.01,14,20482,卖盘
803,14:28:04,14.63,0.0,15,21953,卖盘
804,14:28:16,14.63,0.0,5,7315,卖盘
805,14:28:19,14.63,0.0,6,8778,卖盘
806,14:28:21,14.64,0.01,54,79056,买盘
807,14:28:25,14.63,-0.01,20,29260,卖盘
808,14:28:48,14.64,0.01,1,1464,买盘
809,14:28:52,14.63,-0.01,2,2926,卖盘
810,14:28:58,14.63,0.0,1,1463,买盘
811,14:29:01,14.63,0.0,5,7315,买盘
812,14:29:12,14.62,-0.01,20,29240,卖盘
813,14:29:27,14.62,0.0,6,8772,卖盘
814,14:29:31,14.62,0.0,22,32166,卖盘
815,14:29:37,14.62,0.0,1,1462,卖盘
816,14:29:42,14.6,-0.02,6,8760,卖盘
817,14:29:51,14.6,0.0,7,10220,卖盘
818,14:30:04,14.62,0.02,2,2924,买盘
819,14:30:16,14.62,0.0,5,7310,买盘
820,14:30:37,14.61,-0.01,5,7305,买盘
821,14:30:40,14.61,0.0,5,7305,买盘
822,14:30:48,14.62,0.01,30,43860,买盘
823,14:30:51,14.63,0.01,5,7312,买盘
824,14:30:58,14.63,0.0,47,68761,买盘
825,14:31:04,14.64,0.01,51,74628,买盘
826,14:31:16,14.65,0.01,98,143490,买盘
827,14:31:24,14.65,0.0,25,36625,买盘
828,14:31:31,14.65,0.0,22,32230,买盘
829,14:31:40,14.66,0.01,57,83562,买盘
830,14:31:46,14.67,0.01,41,60125,买盘
831,14:31:51,14.67,0.0,10,14670,买盘
832,14:31:57,14.67,0.0,39,57213,买盘
833,14:32:04,14.68,0.01,173,253964,买盘
834,14:32:09,14.69,0.01,5,7345,买盘
835,14:32:12,14.7,0.01,38,55850,买盘
836,14:32:16,14.69,-0.01,35,51415,卖盘
837,14:32:18,14.7,0.01,24,35275,买盘
838,14:32:22,14.7,0.0,22,32340,买盘
839,14:32:25,14.7,0.0,11,16170,买盘
840,14:32:31,14.7,0.0,32,47040,买盘
841,14:32:34,14.7,0.0,5,7350,买盘
842,14:32:37,14.7,0.0,34,49980,买盘
843,14:32:40,14.7,0.0,13,19101,买盘
844,14:32:43,14.69,-0.01,1,1469,卖盘
845,14:32:48,14.69,0.0,7,10283,买盘
846,14:32:52,14.69,0.0,18,26442,买盘
847,14:33:04,14.69,0.0,2,2938,卖盘
848,14:33:07,14.69,0.0,14,20566,卖盘
849,14:33:16,14.69,0.0,36,52902,卖盘
850,14:33:49,14.67,-0.02,7,10276,卖盘
851,14:33:52,14.67,0.0,10,14670,卖盘
852,14:33:58,14.69,0.02,2,2938,买盘
853,14:34:00,14.68,-0.01,30,44040,卖盘
854,14:34:24,14.68,0.0,15,22020,买盘
855,14:34:34,14.66,-0.02,6,8796,卖盘
856,14:34:40,14.66,0.0,1,1466,买盘
857,14:34:43,14.66,0.0,2,2932,买盘
858,14:34:58,14.66,0.0,7,10262,买盘
859,14:35:00,14.66,0.0,6,8796,买盘
860,14:35:10,14.66,0.0,2,2932,买盘
861,14:35:18,14.66,0.0,25,36650,买盘
862,14:35:25,14.66,0.0,1,1466,买盘
863,14:35:40,14.66,0.0,16,23456,买盘
864,14:35:46,14.66,0.0,4,5864,卖盘
865,14:36:00,14.66,0.0,30,43980,卖盘
866,14:36:10,14.68,0.02,1,1468,买盘
867,14:36:13,14.68,0.0,10,14680,买盘
868,14:36:16,14.66,-0.02,3,4398,卖盘
869,14:36:25,14.66,0.0,20,29320,卖盘
870,14:36:46,14.67,0.01,7,10269,卖盘
871,14:36:49,14.67,0.0,1,1467,买盘
872,14:37:06,14.67,0.0,2,2934,买盘
873,14:37:22,14.66,-0.01,10,14660,卖盘
874,14:37:43,14.67,0.01,28,41076,买盘
875,14:37:49,14.68,0.01,19,27892,买盘
876,14:37:52,14.67,-0.01,2,2934,卖盘
877,14:38:04,14.66,-0.01,5,7330,卖盘
878,14:38:13,14.66,0.0,4,5864,买盘
879,14:38:15,14.65,-0.01,40,58602,卖盘
880,14:38:21,14.65,0.0,10,14650,卖盘
881,14:38:25,14.65,0.0,1,1465,卖盘
882,14:38:55,14.65,0.0,7,10255,卖盘
883,14:38:57,14.66,0.01,10,14660,买盘
884,14:39:01,14.65,-0.01,10,14656,卖盘
885,14:39:07,14.65,0.0,5,7325,卖盘
886,14:39:10,14.66,0.01,8,11728,买盘
887,14:39:16,14.66,0.0,2,2932,买盘
888,14:39:19,14.66,0.0,16,23456,卖盘
889,14:39:21,14.67,0.01,12,17603,买盘
890,14:39:40,14.65,-0.02,10,14650,卖盘
891,14:39:55,14.65,0.0,1,1465,卖盘
892,14:40:04,14.65,0.0,7,10255,卖盘
893,14:40:06,14.65,0.0,1,1465,卖盘
894,14:40:10,14.65,0.0,10,14650,卖盘
895,14:40:13,14.65,0.0,5,7325,卖盘
896,14:40:19,14.66,0.01,1,1466,买盘
897,14:40:28,14.65,-0.01,4,5860,卖盘
898,14:40:40,14.65,0.0,10,14650,卖盘
899,14:40:48,14.65,0.0,10,14650,卖盘
900,14:41:04,14.65,0.0,12,17580,卖盘
901,14:41:12,14.65,0.0,5,7325,买盘
902,14:41:28,14.65,0.0,4,5860,买盘
903,14:41:36,14.65,0.0,5,7325,买盘
904,14:42:22,14.63,-0.02,62,90706,卖盘
905,14:42:25,14.63,0.0,10,14630,买盘
906,14:42:31,14.63,0.0,6,8778,买盘
907,14:42:40,14.63,0.0,22,32186,买盘
908,14:42:49,14.63,0.0,8,11704,卖盘
909,14:43:09,14.63,0.0,10,14630,买盘
910,14:43:16,14.63,0.0,10,14630,买盘
911,14:43:19,14.63,0.0,2,2926,买盘
912,14:43:39,14.62,-0.01,3,4386,卖盘
913,14:43:43,14.63,0.01,73,106799,买盘
914,14:44:22,14.63,0.0,5,7315,卖盘
915,14:44:43,14.63,0.0,58,84854,卖盘
916,14:45:07,14.63,0.0,13,19019,卖盘
917,14:45:31,14.63,0.0,20,29260,卖盘
918,14:45:37,14.63,0.0,9,13167,卖盘
919,14:45:49,14.63,0.0,25,36575,买盘
920,14:45:55,14.65,0.02,150,219724,买盘
921,14:46:00,14.65,0.0,1,1465,买盘
922,14:46:04,14.65,0.0,7,10255,买盘
923,14:46:06,14.63,-0.02,100,146455,卖盘
924,14:46:13,14.65,0.02,5,7325,卖盘
925,14:46:16,14.66,0.01,5,7330,买盘
926,14:46:25,14.66,0.0,7,10262,买盘
927,14:46:31,14.66,0.0,6,8796,买盘
928,14:46:33,14.66,0.0,13,19058,买盘
929,14:46:40,14.68,0.02,74,108602,买盘
930,14:46:43,14.68,0.0,28,41104,卖盘
931,14:46:48,14.69,0.01,6,8814,买盘
932,14:46:55,14.68,-0.01,77,113067,卖盘
933,14:46:58,14.68,0.0,2,2936,卖盘
934,14:47:01,14.68,0.0,22,32308,卖盘
935,14:47:10,14.69,0.01,10,14690,买盘
936,14:47:12,14.69,0.0,46,67574,买盘
937,14:47:16,14.69,0.0,10,14690,卖盘
938,14:47:18,14.69,0.0,10,14690,卖盘
939,14:47:22,14.7,0.01,20,29400,买盘
940,14:47:33,14.69,-0.01,13,19097,卖盘
941,14:47:37,14.69,0.0,49,71981,买盘
942,14:47:52,14.69,0.0,3,4407,买盘
943,14:47:55,14.69,0.0,31,45509,买盘
944,14:47:58,14.69,0.0,5,7345,买盘
945,14:48:10,14.68,-0.01,21,30828,卖盘
946,14:48:16,14.68,0.0,17,24956,卖盘
947,14:48:18,14.68,0.0,2,2936,买盘
948,14:48:25,14.68,0.0,1,1468,买盘
949,14:48:28,14.67,-0.01,8,11744,卖盘
950,14:48:31,14.68,0.01,10,14680,中性盘
951,14:48:34,14.68,0.0,2,2936,卖盘
952,14:48:45,14.68,0.0,5,7340,买盘
953,14:48:49,14.67,-0.01,78,114476,卖盘
954,14:49:01,14.67,0.0,10,14670,买盘
955,14:49:10,14.67,0.0,20,29340,买盘
956,14:49:25,14.68,0.01,1,1468,卖盘
957,14:49:31,14.68,0.0,2,2936,卖盘
958,14:49:40,14.68,0.0,24,35232,买盘
959,14:49:43,14.68,0.0,10,14680,买盘
960,14:49:46,14.68,0.0,2,2936,卖盘
961,14:49:49,14.68,0.0,5,7340,卖盘
962,14:49:55,14.69,0.01,2,2938,买盘
963,14:49:58,14.69,0.0,19,27900,买盘
964,14:50:06,14.69,0.0,51,74918,买盘
965,14:50:25,14.69,0.0,5,7345,买盘
966,14:50:39,14.69,0.0,10,14690,买盘
967,14:50:42,14.69,0.0,10,14690,买盘
968,14:50:46,14.69,0.0,13,19097,买盘
969,14:50:49,14.68,-0.01,27,39640,卖盘
970,14:50:55,14.69,0.01,5,7345,买盘
971,14:51:00,14.69,0.0,5,7345,买盘
972,14:51:06,14.69,0.0,19,27901,买盘
973,14:51:10,14.69,0.0,40,58760,买盘
974,14:51:13,14.69,0.0,28,41132,买盘
975,14:51:27,14.69,0.0,19,27911,买盘
976,14:51:31,14.68,-0.01,55,80749,卖盘
977,14:51:37,14.69,0.01,2,2938,卖盘
978,14:51:43,14.69,0.0,16,23504,买盘
979,14:51:46,14.69,0.0,81,118989,买盘
980,14:51:49,14.69,0.0,15,22035,买盘
981,14:51:52,14.68,-0.01,44,64592,卖盘
982,14:52:01,14.68,0.0,1,1468,买盘
983,14:52:04,14.68,0.0,40,58720,买盘
984,14:52:07,14.68,0.0,5,7340,买盘
985,14:52:10,14.68,0.0,1,1468,买盘
986,14:52:13,14.68,0.0,28,41099,买盘
987,14:52:24,14.68,0.0,17,24956,买盘
988,14:52:31,14.67,-0.01,17,24955,卖盘
989,14:52:43,14.67,0.0,2,2934,卖盘
990,14:52:52,14.68,0.01,19,27892,买盘
991,14:52:58,14.67,-0.01,39,57213,卖盘
992,14:53:04,14.67,0.0,15,22005,买盘
993,14:53:13,14.67,0.0,5,7335,卖盘
994,14:53:16,14.68,0.01,5,7340,买盘
995,14:53:19,14.67,-0.01,22,32274,卖盘
996,14:53:30,14.66,-0.01,1,1466,卖盘
997,14:53:33,14.67,0.01,2,2934,买盘
998,14:53:40,14.67,0.0,65,95355,买盘
999,14:53:48,14.67,0.0,19,27873,买盘
1000,14:53:52,14.66,-0.01,4,5864,卖盘
1001,14:53:58,14.67,0.01,4,5868,买盘
1002,14:54:01,14.67,0.0,8,11736,买盘
1003,14:54:04,14.67,0.0,4,5868,买盘
1004,14:54:10,14.67,0.0,7,10269,中性盘
1005,14:54:16,14.67,0.0,10,14670,卖盘
1006,14:54:22,14.68,0.01,30,44040,买盘
1007,14:54:33,14.67,-0.01,8,11736,卖盘
1008,14:54:40,14.68,0.01,3,4404,买盘
1009,14:54:46,14.68,0.0,5,7340,买盘
1010,14:54:52,14.68,0.0,49,71932,买盘
1011,14:54:58,14.66,-0.02,165,241957,卖盘
1012,14:55:01,14.66,0.0,1,1466,买盘
1013,14:55:04,14.68,0.02,4,5868,买盘
1014,14:55:07,14.68,0.0,16,23485,买盘
1015,14:55:15,14.68,0.0,2,2936,买盘
1016,14:55:19,14.68,0.0,10,14680,买盘
1017,14:55:22,14.68,0.0,83,121844,买盘
1018,14:55:28,14.68,0.0,14,20552,买盘
1019,14:55:31,14.68,0.0,53,77804,买盘
1020,14:55:34,14.67,-0.01,112,164331,卖盘
1021,14:55:36,14.67,0.0,20,29340,买盘
1022,14:55:39,14.67,0.0,18,26406,买盘
1023,14:55:43,14.67,0.0,114,167238,买盘
1024,14:55:46,14.66,-0.01,9,13200,卖盘
1025,14:55:48,14.68,0.02,5,7340,买盘
1026,14:55:58,14.68,0.0,52,76336,买盘
1027,14:56:04,14.69,0.01,87,127803,买盘
1028,14:56:07,14.69,0.0,19,27911,买盘
1029,14:56:10,14.68,-0.01,15,22034,卖盘
1030,14:56:12,14.68,0.0,5,7340,卖盘
1031,14:56:16,14.69,0.01,2,2938,买盘
1032,14:56:19,14.68,-0.01,22,32306,卖盘
1033,14:56:22,14.69,0.01,25,36722,买盘
1034,14:56:25,14.69,0.0,11,16159,买盘
1035,14:56:28,14.69,0.0,9,13222,卖盘
1036,14:56:31,14.7,0.01,5,7350,买盘
1037,14:56:34,14.7,0.0,32,47010,买盘
1038,14:56:39,14.7,0.0,24,35280,买盘
1039,14:56:43,14.7,0.0,39,57280,买盘
1040,14:56:46,14.7,0.0,5,7350,买盘
1041,14:56:49,14.7,0.0,10,14700,买盘
1042,14:56:51,14.7,0.0,23,33810,买盘
1043,14:56:55,14.7,0.0,44,64680,买盘
1044,14:56:58,14.7,0.0,17,24990,买盘
1045,14:57:00,14.7,0.0,2,2940,买盘
1046,15:00:04,14.7,0.0,530,779100,卖盘
