,time,price,change,volume,amount,type
0,09:31:33,4.52,-0.01,1,452,买盘
1,09:31:40,4.52,0.0,1,452,买盘
2,09:32:01,4.51,-0.01,22,9922,卖盘
3,09:32:22,4.52,0.01,8,3616,买盘
4,09:32:43,4.52,0.0,1,452,卖盘
5,09:32:52,4.52,0.0,25,11300,卖盘
6,09:33:04,4.52,0.0,6,2712,卖盘
7,09:33:19,4.52,0.0,1,452,买盘
8,09:33:21,4.52,0.0,1,452,买盘
9,09:33:24,4.52,0.0,1,452,买盘
10,09:33:28,4.52,0.0,1,452,买盘
11,09:34:19,4.53,0.01,30,13590,买盘
12,09:34:34,4.52,-0.01,2,904,卖盘
13,09:34:40,4.52,0.0,1,452,卖盘
14,09:34:49,4.52,0.0,1,452,卖盘
15,09:35:22,4.52,0.0,1,452,卖盘
16,09:35:30,4.52,0.0,9,4068,卖盘
17,09:35:43,4.52,0.0,20,9040,买盘
18,09:36:01,4.5,-0.02,300,135102,卖盘
19,09:36:30,4.52,0.02,8,3616,买盘
20,09:36:49,4.52,0.0,1,452,卖盘
21,09:37:04,4.5,-0.02,50,22542,卖盘
22,09:38:01,4.5,0.0,1,450,卖盘
23,09:39:10,4.51,0.01,500,225500,卖盘
24,09:39:19,4.51,0.0,8,3608,卖盘
25,09:39:21,4.51,0.0,25,11275,卖盘
26,09:39:24,4.51,0.0,6,2706,卖盘
27,09:39:28,4.51,0.0,5,2255,卖盘
28,09:39:34,4.51,0.0,3,1353,卖盘
29,09:39:37,4.51,0.0,11,4961,卖盘
30,09:39:40,4.51,0.0,3,1353,卖盘
31,09:39:43,4.51,0.0,13,5863,卖盘
32,09:39:49,4.52,0.01,32,14464,买盘
33,09:40:15,4.52,0.0,10,4520,买盘
34,09:42:16,4.51,-0.01,5,2255,卖盘
35,09:43:01,4.51,0.0,3,1353,卖盘
36,09:43:16,4.51,0.0,25,11275,卖盘
37,09:43:19,4.51,0.0,1,451,卖盘
38,09:43:22,4.51,0.0,50,22550,卖盘
39,09:43:31,4.51,0.0,20,9020,卖盘
40,09:43:46,4.51,0.0,45,20295,卖盘
41,09:43:55,4.51,0.0,8,3608,卖盘
42,09:43:57,4.51,0.0,5,2255,买盘
43,09:44:01,4.51,0.0,5,2255,卖盘
44,09:44:19,4.51,0.0,25,11275,卖盘
45,09:44:22,4.51,0.0,2,902,买盘
46,09:44:36,4.51,0.0,50,22550,买盘
47,09:44:43,4.51,0.0,30,13530,买盘
48,09:45:04,4.5,-0.01,34,15300,卖盘
49,09:45:06,4.51,0.01,44,19810,买盘
50,09:45:19,4.51,0.0,3,1353,买盘
51,09:45:22,4.51,0.0,5,2255,买盘
52,09:45:25,4.51,0.0,12,5412,买盘
53,09:45:28,4.51,0.0,8,3608,买盘
54,09:45:31,4.51,0.0,10,4510,买盘
55,09:45:33,4.51,0.0,10,4510,买盘
56,09:45:37,4.51,0.0,5,2255,买盘
57,09:45:40,4.51,0.0,6,2706,买盘
58,09:45:43,4.51,0.0,8,3608,买盘
59,09:45:46,4.51,0.0,40,18006,买盘
60,09:45:49,4.51,0.0,2,902,买盘
61,09:45:51,4.51,0.0,37,16653,买盘
62,09:45:55,4.51,0.0,7,3157,买盘
63,09:45:57,4.51,0.0,16,7216,买盘
64,09:46:07,4.51,0.0,34,15334,卖盘
65,09:46:10,4.51,0.0,32,14432,卖盘
66,09:46:22,4.52,0.01,12,5424,买盘
67,09:46:43,4.51,-0.01,10,4510,卖盘
68,09:46:46,4.52,0.01,19,8578,买盘
69,09:46:49,4.51,-0.01,34,15334,卖盘
70,09:47:06,4.51,0.0,21,9471,卖盘
71,09:47:33,4.51,0.0,10,4510,卖盘
72,09:48:16,4.51,0.0,3,1353,卖盘
73,09:48:37,4.51,0.0,1,451,卖盘
74,09:51:16,4.51,0.0,1,451,卖盘
75,09:52:00,4.52,0.01,10,4520,买盘
76,09:52:30,4.52,0.0,101,45652,买盘
77,09:52:37,4.52,0.0,30,13560,买盘
78,09:52:40,4.51,-0.01,10,4510,卖盘
79,09:52:43,4.52,0.01,27,12204,买盘
80,09:53:04,4.52,0.0,21,9492,买盘
81,09:53:18,4.51,-0.01,102,46022,卖盘
82,09:53:49,4.52,0.01,30,13560,卖盘
83,09:53:54,4.52,0.0,2,904,卖盘
84,09:54:07,4.53,0.01,14,6342,买盘
85,09:54:15,4.53,0.0,37,16761,买盘
86,09:56:25,4.53,0.0,10,4530,买盘
87,09:56:40,4.53,0.0,117,53001,买盘
88,09:57:01,4.53,0.0,20,9060,卖盘
89,09:57:30,4.53,0.0,220,99660,卖盘
90,09:57:36,4.53,0.0,8,3624,卖盘
91,09:57:40,4.53,0.0,20,9060,卖盘
92,09:58:01,4.53,0.0,35,15855,卖盘
93,09:58:28,4.52,-0.01,89,40228,卖盘
94,09:59:13,4.52,0.0,1,452,卖盘
95,10:01:07,4.53,0.01,28,12684,买盘
96,10:01:22,4.52,-0.01,13,5876,卖盘
97,10:01:52,4.52,0.0,1,452,卖盘
98,10:01:55,4.53,0.01,36,16308,买盘
99,10:03:06,4.54,0.01,205,93070,买盘
100,10:03:10,4.54,0.0,15,6810,卖盘
101,10:03:28,4.54,0.0,5,2270,买盘
102,10:05:12,4.54,0.0,36,16344,买盘
103,10:05:19,4.54,0.0,6,2724,卖盘
104,10:05:25,4.54,0.0,20,9080,卖盘
105,10:05:37,4.54,0.0,3,1362,卖盘
106,10:05:43,4.54,0.0,2,908,买盘
107,10:06:04,4.54,0.0,1,454,买盘
108,10:06:07,4.54,0.0,7,3178,买盘
109,10:06:09,4.54,0.0,1,454,买盘
110,10:06:13,4.54,0.0,1,454,买盘
111,10:06:16,4.54,0.0,1,454,买盘
112,10:06:19,4.54,0.0,1,454,买盘
113,10:06:22,4.54,0.0,2,908,买盘
114,10:06:25,4.54,0.0,2,908,买盘
115,10:06:28,4.54,0.0,2,908,买盘
116,10:06:30,4.54,0.0,2,908,买盘
117,10:06:34,4.55,0.01,416,189276,买盘
118,10:07:04,4.56,0.01,108,49248,买盘
119,10:08:01,4.55,-0.01,75,34125,卖盘
120,10:08:28,4.55,0.0,1,455,买盘
121,10:08:30,4.55,0.0,1,455,买盘
122,10:08:34,4.55,0.0,1,455,买盘
123,10:08:37,4.55,0.0,1,455,买盘
124,10:08:40,4.55,0.0,1,455,买盘
125,10:08:43,4.55,0.0,2,910,买盘
126,10:08:46,4.55,0.0,1,455,买盘
127,10:08:49,4.55,0.0,3,1365,买盘
128,10:08:51,4.55,0.0,3,1365,买盘
129,10:08:55,4.55,0.0,1,455,买盘
130,10:08:58,4.55,0.0,1,455,买盘
131,10:09:01,4.55,0.0,1,455,买盘
132,10:09:04,4.55,0.0,1,455,买盘
133,10:09:06,4.55,0.0,2,910,买盘
134,10:09:10,4.55,0.0,1,455,买盘
135,10:09:13,4.55,0.0,4,1820,买盘
136,10:10:04,4.55,0.0,1,455,买盘
137,10:10:07,4.55,0.0,10,4550,卖盘
138,10:10:55,4.55,0.0,9,4095,卖盘
139,10:11:52,4.55,0.0,2,910,买盘
140,10:11:55,4.55,0.0,3,1365,买盘
141,10:11:58,4.55,0.0,3,1365,买盘
142,10:12:00,4.55,0.0,7,3185,买盘
143,10:13:37,4.55,0.0,20,9100,买盘
144,10:14:18,4.54,-0.01,10,4540,卖盘
145,10:15:07,4.54,0.0,5,2274,卖盘
146,10:15:43,4.54,0.0,30,13620,卖盘
147,10:17:04,4.54,0.0,25,11350,卖盘
148,10:17:46,4.54,0.0,1,454,卖盘
149,10:19:15,4.54,0.0,23,10442,卖盘
150,10:19:36,4.54,0.0,9,4086,卖盘
151,10:20:24,4.54,0.0,2,908,卖盘
152,10:21:18,4.54,0.0,22,9988,卖盘
153,10:21:21,4.54,0.0,1,454,卖盘
154,10:22:06,4.54,0.0,18,8172,卖盘
155,10:23:48,4.53,-0.01,23,10419,卖盘
156,10:25:42,4.53,0.0,1,453,卖盘
157,10:26:04,4.54,0.01,52,23608,买盘
158,10:26:06,4.54,0.0,11,4994,卖盘
159,10:26:30,4.54,0.0,8,3632,卖盘
160,10:27:36,4.54,0.0,1,454,卖盘
161,10:27:54,4.54,0.0,5,2270,卖盘
162,10:28:18,4.54,0.0,5,2270,卖盘
163,10:28:21,4.54,0.0,1,454,卖盘
164,10:28:24,4.54,0.0,20,9080,卖盘
165,10:28:27,4.53,-0.01,23,10425,卖盘
166,10:31:01,4.53,0.0,1,453,卖盘
167,10:31:42,4.54,0.01,49,22246,卖盘
168,10:33:09,4.53,-0.01,24,10872,卖盘
169,10:33:36,4.53,0.0,2,906,卖盘
170,10:33:39,4.53,0.0,2,907,卖盘
171,10:34:52,4.54,0.01,151,68554,买盘
172,10:38:36,4.53,-0.01,5,2265,卖盘
173,10:38:58,4.53,0.0,1,453,卖盘
174,10:39:54,4.54,0.01,91,41314,买盘
175,10:41:37,4.54,0.0,1,454,卖盘
176,10:42:04,4.55,0.01,124,56420,买盘
177,10:42:16,4.55,0.0,103,46865,买盘
178,10:42:52,4.56,0.01,30,13680,买盘
179,10:43:21,4.56,0.0,169,77064,买盘
180,10:43:49,4.56,0.0,7,3192,卖盘
181,10:43:51,4.56,0.0,20,9120,卖盘
182,10:44:04,4.56,0.0,5,2280,卖盘
183,10:44:12,4.56,0.0,30,13680,卖盘
184,10:45:51,4.55,-0.01,100,45500,卖盘
185,10:46:54,4.55,0.0,2,910,卖盘
186,10:47:51,4.55,0.0,6,2730,卖盘
187,10:49:33,4.55,0.0,1,455,卖盘
188,10:50:18,4.56,0.01,10,4560,买盘
189,10:50:39,4.56,0.0,6,2736,买盘
190,10:51:21,4.56,0.0,10,4560,买盘
191,10:53:01,4.56,0.0,70,31920,买盘
192,10:53:27,4.56,0.0,8,3648,买盘
193,10:54:51,4.56,0.0,1,456,卖盘
194,10:55:36,4.56,0.0,45,20520,卖盘
195,10:56:00,4.56,0.0,7,3192,卖盘
196,10:56:18,4.56,0.0,32,14592,卖盘
197,10:56:21,4.56,0.0,32,14592,卖盘
198,10:56:25,4.56,0.0,1,456,卖盘
199,10:56:28,4.56,0.0,8,3648,卖盘
200,10:56:30,4.56,0.0,2,912,卖盘
201,10:56:33,4.56,0.0,2,912,卖盘
202,10:56:36,4.56,0.0,1,456,卖盘
203,10:56:39,4.56,0.0,17,7752,卖盘
204,10:57:04,4.55,-0.01,34,15470,卖盘
205,10:57:06,4.55,0.0,32,14560,卖盘
206,10:57:18,4.56,0.01,19,8664,买盘
207,10:57:21,4.56,0.0,11,5016,卖盘
208,10:57:51,4.55,-0.01,33,15015,卖盘
209,10:58:04,4.55,0.0,65,29575,卖盘
210,10:58:15,4.55,0.0,34,15470,卖盘
211,10:58:27,4.55,0.0,29,13195,卖盘
212,10:58:36,4.55,0.0,33,15015,卖盘
213,10:58:48,4.55,0.0,32,14560,卖盘
214,10:58:57,4.55,0.0,250,113780,卖盘
215,10:59:09,4.55,0.0,32,14560,卖盘
216,10:59:30,4.55,0.0,32,14560,卖盘
217,10:59:48,4.55,0.0,25,11375,卖盘
218,11:00:10,4.55,0.0,1,455,卖盘
219,11:00:12,4.55,0.0,33,15015,卖盘
220,11:00:21,4.55,0.0,50,22750,卖盘
221,11:00:33,4.55,0.0,56,25480,卖盘
222,11:00:39,4.56,0.01,28,12741,买盘
223,11:00:42,4.56,0.0,2,912,卖盘
224,11:01:18,4.55,-0.01,2,910,卖盘
225,11:01:24,4.55,0.0,1,455,买盘
226,11:01:27,4.55,0.0,1,455,买盘
227,11:01:31,4.55,0.0,1,455,买盘
228,11:01:33,4.55,0.0,1,455,买盘
229,11:01:36,4.55,0.0,1,455,买盘
230,11:01:39,4.55,0.0,1,455,买盘
231,11:01:42,4.55,0.0,1,455,买盘
232,11:02:03,4.54,-0.01,32,14528,卖盘
233,11:02:09,4.55,0.01,10,4550,买盘
234,11:02:48,4.54,-0.01,32,14528,卖盘
235,11:03:00,4.55,0.01,1,455,买盘
236,11:03:06,4.55,0.0,1,455,卖盘
237,11:03:36,4.55,0.0,15,6825,买盘
238,11:05:27,4.55,0.0,1,455,卖盘
239,11:05:48,4.55,0.0,10,4550,卖盘
240,11:07:06,4.55,0.0,4,1820,卖盘
241,11:13:00,4.55,0.0,2,910,买盘
242,11:13:24,4.55,0.0,2,910,卖盘
243,11:14:12,4.55,0.0,1,455,卖盘
244,11:16:00,4.55,0.0,36,16380,买盘
245,11:19:06,4.54,-0.01,22,9988,卖盘
246,11:21:21,4.54,0.0,1,454,卖盘
247,11:24:00,4.54,0.0,1,454,卖盘
248,11:24:09,4.54,0.0,40,18160,卖盘
249,11:25:24,4.54,0.0,8,3632,卖盘
250,11:25:45,4.54,0.0,40,18160,卖盘
251,11:25:54,4.54,0.0,50,22700,卖盘
252,11:26:21,4.54,0.0,35,15890,卖盘
253,11:26:25,4.54,0.0,33,14982,卖盘
254,11:26:27,4.54,0.0,33,14982,卖盘
255,11:26:39,4.54,0.0,1,454,卖盘
256,11:26:43,4.54,0.0,100,45400,卖盘
257,11:26:46,4.54,0.0,68,30872,卖盘
258,11:26:48,4.54,0.0,33,14982,卖盘
259,11:27:04,4.54,0.0,35,15890,卖盘
260,11:27:06,4.54,0.0,34,15436,卖盘
261,11:27:09,4.54,0.0,167,75818,卖盘
262,11:27:13,4.54,0.0,2,908,卖盘
263,11:27:16,4.54,0.0,1,454,卖盘
264,11:27:51,4.53,-0.01,18,8458,卖盘
265,11:28:09,4.53,0.0,45,20385,卖盘
266,11:28:30,4.53,0.0,8,3624,卖盘
267,11:28:54,4.53,0.0,35,15855,卖盘
268,11:29:06,4.53,0.0,11,4743,卖盘
269,11:29:15,4.53,0.0,17,7701,卖盘
270,11:29:18,4.53,0.0,1,453,卖盘
271,13:00:04,4.53,0.0,221,100040,卖盘
272,13:01:04,4.51,-0.02,208,93936,卖盘
273,13:02:42,4.51,0.0,1,451,卖盘
274,13:02:54,4.52,0.01,16,7232,买盘
275,13:04:54,4.51,-0.01,154,69454,卖盘
276,13:05:21,4.51,0.0,3,1353,卖盘
277,13:05:30,4.51,0.0,5,2255,卖盘
278,13:07:51,4.51,0.0,52,23452,卖盘
279,13:07:54,4.51,0.0,3,1353,买盘
280,13:07:57,4.51,0.0,2,902,买盘
281,13:08:00,4.5,-0.01,56,25202,卖盘
282,13:08:04,4.51,0.01,2,902,买盘
283,13:08:06,4.51,0.0,2,902,买盘
284,13:08:10,4.51,0.0,1,451,买盘
285,13:08:13,4.51,0.0,1,451,买盘
286,13:08:36,4.51,0.0,9,4059,卖盘
287,13:09:06,4.51,0.0,1,451,卖盘
288,13:10:27,4.51,0.0,54,24354,卖盘
289,13:10:33,4.51,0.0,54,24354,卖盘
290,13:10:36,4.51,0.0,1,451,卖盘
291,13:10:42,4.51,0.0,22,9922,卖盘
292,13:11:04,4.5,-0.01,32,14400,卖盘
293,13:11:06,4.5,0.0,20,9000,卖盘
294,13:11:21,4.5,0.0,132,59400,卖盘
295,13:11:42,4.5,0.0,43,19350,卖盘
296,13:11:57,4.5,0.0,17,7650,卖盘
297,13:12:04,4.5,0.0,37,16650,卖盘
298,13:12:24,4.5,0.0,80,36000,卖盘
299,13:12:45,4.5,0.0,39,17550,卖盘
300,13:13:04,4.5,0.0,37,16650,卖盘
301,13:13:09,4.51,0.01,40,18040,买盘
302,13:13:16,4.51,0.0,1,451,卖盘
303,13:13:24,4.51,0.0,59,26609,卖盘
304,13:13:30,4.51,0.0,24,10824,买盘
305,13:13:46,4.51,0.0,63,28413,卖盘
306,13:14:04,4.51,0.0,13,5863,卖盘
307,13:14:25,4.51,0.0,9,4059,买盘
308,13:14:31,4.5,-0.01,34,15300,卖盘
309,13:14:42,4.51,0.01,4,1804,买盘
310,13:15:13,4.5,-0.01,34,15300,卖盘
311,13:15:27,4.52,0.02,197,89044,买盘
312,13:15:33,4.52,0.0,35,15820,卖盘
313,13:15:36,4.52,0.0,60,27120,卖盘
314,13:15:39,4.52,0.0,8,3616,卖盘
315,13:16:15,4.5,-0.02,33,14850,卖盘
316,13:16:33,4.51,0.01,8,3608,卖盘
317,13:16:36,4.52,0.01,22,9923,买盘
318,13:16:39,4.52,0.0,9,4068,卖盘
319,13:16:51,4.52,0.0,3,1356,买盘
320,13:17:30,4.51,-0.01,21,9471,卖盘
321,13:20:39,4.51,0.0,20,9020,买盘
322,13:23:12,4.51,0.0,384,173184,买盘
323,13:23:15,4.51,0.0,8,3608,买盘
324,13:23:24,4.51,0.0,57,26108,买盘
325,13:23:51,4.51,0.0,1,451,卖盘
326,13:24:12,4.52,0.01,6,2712,买盘
327,13:25:24,4.52,0.0,18,8128,买盘
328,13:25:42,4.52,0.0,23,10396,买盘
329,13:26:15,4.52,0.0,19,8588,买盘
330,13:26:18,4.52,0.0,27,12204,卖盘
331,13:27:12,4.51,-0.01,54,24354,卖盘
332,13:28:00,4.51,0.0,8,3608,卖盘
333,13:28:27,4.51,0.0,60,27060,卖盘
334,13:29:09,4.51,0.0,1,451,卖盘
335,13:29:21,4.51,0.0,100,45100,卖盘
336,13:29:24,4.51,0.0,20,9020,卖盘
337,13:29:31,4.51,0.0,200,90200,卖盘
338,13:29:34,4.51,0.0,37,16687,卖盘
339,13:29:37,4.51,0.0,267,120417,卖盘
340,13:29:39,4.51,0.0,4,1804,卖盘
341,13:29:42,4.51,0.0,3,1353,卖盘
342,13:29:45,4.51,0.0,2,902,卖盘
343,13:29:48,4.51,0.0,3,1353,卖盘
344,13:29:51,4.51,0.0,3,1353,卖盘
345,13:29:55,4.51,0.0,2,902,卖盘
346,13:30:04,4.51,0.0,1,451,卖盘
347,13:30:07,4.51,0.0,1,451,卖盘
348,13:30:10,4.51,0.0,1,451,卖盘
349,13:30:12,4.51,0.0,1,451,卖盘
350,13:30:15,4.51,0.0,1,451,卖盘
351,13:30:18,4.51,0.0,1,451,卖盘
352,13:30:21,4.51,0.0,13,5462,卖盘
353,13:30:57,4.5,-0.01,82,36900,卖盘
354,13:31:48,4.5,0.0,1,450,卖盘
355,13:33:33,4.51,0.01,1,451,买盘
356,13:33:54,4.51,0.0,15,6765,买盘
357,13:34:45,4.51,0.0,13,6264,买盘
358,13:36:30,4.5,-0.01,36,16200,卖盘
359,13:36:36,4.5,0.0,5,2250,卖盘
360,13:37:04,4.5,0.0,7,3150,卖盘
361,13:37:07,4.5,0.0,1,450,卖盘
362,13:38:18,4.5,0.0,83,37350,卖盘
363,13:39:45,4.5,0.0,1,450,卖盘
364,13:40:33,4.51,0.01,300,135300,买盘
365,13:40:37,4.51,0.0,1,451,买盘
366,13:40:39,4.51,0.0,1,451,买盘
367,13:41:22,4.51,0.0,2,902,买盘
368,13:41:36,4.51,0.0,14,6314,买盘
369,13:41:43,4.51,0.0,50,22550,买盘
370,13:41:46,4.51,0.0,42,18942,买盘
371,13:42:25,4.51,0.0,2,902,卖盘
372,13:45:39,4.51,0.0,1,451,买盘
373,13:46:15,4.52,0.01,10,4520,买盘
374,13:48:42,4.52,0.0,10,4520,买盘
375,13:49:28,4.52,0.0,20,9040,买盘
376,13:49:51,4.52,0.0,20,9040,买盘
377,13:49:54,4.52,0.0,137,61924,买盘
378,13:50:21,4.52,0.0,1,452,卖盘
379,13:50:27,4.53,0.01,10,4530,买盘
380,13:51:25,4.53,0.0,10,4530,买盘
381,13:51:49,4.53,0.0,10,4530,买盘
382,13:52:45,4.53,0.0,5,2265,买盘
383,13:53:43,4.53,0.0,218,98754,买盘
384,13:53:51,4.53,0.0,49,21807,买盘
385,13:54:07,4.53,0.0,24,10872,卖盘
386,13:55:22,4.54,0.01,9,4086,买盘
387,13:55:36,4.54,0.0,154,69916,买盘
388,13:56:10,4.54,0.0,54,24516,卖盘
389,13:56:19,4.54,0.0,14,6356,卖盘
390,13:56:22,4.54,0.0,13,5902,买盘
391,13:56:25,4.54,0.0,13,5902,买盘
392,13:56:28,4.54,0.0,35,15890,卖盘
393,13:56:48,4.55,0.01,22,10010,买盘
394,14:03:07,4.54,-0.01,5,2270,卖盘
395,14:03:34,4.54,0.0,51,23154,卖盘
396,14:03:57,4.54,0.0,47,21338,卖盘
397,14:04:48,4.53,-0.01,32,14496,卖盘
398,14:06:04,4.54,0.01,100,45400,买盘
399,14:06:06,4.54,0.0,33,14982,买盘
400,14:06:45,4.53,-0.01,2,906,卖盘
401,14:06:58,4.53,0.0,20,9060,卖盘
402,14:07:57,4.53,0.0,6,2718,卖盘
403,14:08:45,4.54,0.01,35,15890,买盘
404,14:12:57,4.53,-0.01,5,2265,卖盘
405,14:14:09,4.53,0.0,1,453,卖盘
406,14:14:42,4.53,0.0,7,3171,卖盘
407,14:16:27,4.53,0.0,100,45300,卖盘
408,14:16:48,4.53,0.0,1,453,卖盘
409,14:19:27,4.53,0.0,1,453,卖盘
410,14:22:06,4.53,0.0,1,453,卖盘
411,14:22:33,4.53,0.0,10,4530,卖盘
412,14:22:45,4.54,0.01,20,9080,买盘
413,14:23:09,4.54,0.0,18,8172,买盘
414,14:23:31,4.54,0.0,5,2270,买盘
415,14:23:45,4.54,0.0,18,8172,买盘
416,14:24:06,4.54,0.0,4,1816,买盘
417,14:24:13,4.54,0.0,15,6810,买盘
418,14:24:36,4.54,0.0,1,454,买盘
419,14:24:45,4.54,0.0,29,13166,买盘
420,14:25:00,4.54,0.0,90,40860,买盘
421,14:25:18,4.54,0.0,41,18614,卖盘
422,14:25:33,4.54,0.0,11,4994,卖盘
423,14:26:01,4.55,0.01,20,9100,买盘
424,14:26:48,4.54,-0.01,8,3632,卖盘
425,14:27:24,4.53,-0.01,2,906,卖盘
426,14:27:30,4.53,0.0,37,16761,卖盘
427,14:27:54,4.53,0.0,34,15402,卖盘
428,14:28:12,4.53,0.0,34,15422,卖盘
429,14:28:49,4.54,0.01,2,908,买盘
430,14:28:52,4.54,0.0,1,454,买盘
431,14:28:55,4.54,0.0,1,454,买盘
432,14:29:06,4.54,0.0,1,454,买盘
433,14:29:10,4.54,0.0,51,23154,买盘
434,14:29:12,4.54,0.0,1,454,买盘
435,14:29:15,4.54,0.0,1,454,买盘
436,14:29:18,4.54,0.0,1,454,买盘
437,14:29:21,4.54,0.0,1,454,买盘
438,14:29:24,4.54,0.0,1,454,买盘
439,14:29:27,4.54,0.0,1,454,买盘
440,14:29:30,4.53,-0.01,21,9514,卖盘
441,14:29:34,4.54,0.01,3,1362,买盘
442,14:29:37,4.54,0.0,37,16798,买盘
443,14:29:40,4.54,0.0,1,454,买盘
444,14:29:57,4.54,0.0,16,7264,卖盘
445,14:30:21,4.54,0.0,34,15436,卖盘
446,14:30:25,4.55,0.01,2,910,买盘
447,14:31:07,4.54,-0.01,34,15436,卖盘
448,14:31:24,4.54,0.0,33,14982,卖盘
449,14:31:27,4.55,0.01,2,910,买盘
450,14:31:42,4.54,-0.01,1,454,卖盘
451,14:31:45,4.54,0.0,34,15436,卖盘
452,14:31:48,4.55,0.01,2,910,买盘
453,14:32:30,4.54,-0.01,25,11350,卖盘
454,14:32:54,4.54,0.0,20,9080,卖盘
455,14:32:57,4.54,0.0,2,908,买盘
456,14:33:00,4.54,0.0,1,454,买盘
457,14:33:09,4.54,0.0,3,1362,买盘
458,14:33:39,4.53,-0.01,33,14949,卖盘
459,14:34:00,4.53,0.0,35,15855,卖盘
460,14:34:22,4.53,0.0,33,14949,卖盘
461,14:34:42,4.53,0.0,34,15402,卖盘
462,14:35:01,4.53,0.0,19,8607,卖盘
463,14:35:12,4.53,0.0,10,4530,卖盘
464,14:39:27,4.53,0.0,455,206115,卖盘
465,14:39:30,4.54,0.01,11,4994,买盘
466,14:39:33,4.54,0.0,11,4994,买盘
467,14:39:36,4.54,0.0,2,908,买盘
468,14:39:39,4.52,-0.02,264,119371,卖盘
469,14:39:42,4.52,0.0,12,5424,买盘
470,14:39:46,4.52,0.0,1,452,买盘
471,14:39:48,4.52,0.0,1,452,买盘
472,14:39:52,4.52,0.0,1,452,买盘
473,14:39:54,4.52,0.0,1,452,买盘
474,14:39:57,4.52,0.0,3,1356,买盘
475,14:40:00,4.52,0.0,6,2712,买盘
476,14:40:04,4.52,0.0,3,1356,买盘
477,14:40:06,4.52,0.0,1,452,买盘
478,14:40:09,4.52,0.0,1,452,买盘
479,14:40:13,4.52,0.0,1,452,买盘
480,14:40:15,4.52,0.0,5,2260,买盘
481,14:42:19,4.52,0.0,10,4520,卖盘
482,14:43:49,4.52,0.0,67,30370,卖盘
483,14:43:52,4.52,0.0,1,452,卖盘
484,14:44:27,4.52,0.0,5,2260,卖盘
485,14:44:45,4.52,0.0,30,13560,卖盘
486,14:45:04,4.52,0.0,146,65992,卖盘
487,14:47:33,4.52,0.0,2,904,卖盘
488,14:48:13,4.52,0.0,2,904,卖盘
489,14:50:13,4.54,0.02,3,1362,买盘
490,14:50:25,4.52,-0.02,15,6780,卖盘
491,14:50:51,4.54,0.02,30,13620,买盘
492,14:51:07,4.52,-0.02,16,7232,卖盘
493,14:51:19,4.52,0.0,100,45200,卖盘
494,14:52:06,4.52,0.0,11,4972,卖盘
495,14:53:16,4.54,0.02,44,19976,买盘
496,14:55:13,4.53,-0.01,4,1812,买盘
497,14:55:49,4.53,0.0,17,7701,买盘
498,14:56:01,4.53,0.0,9,4077,卖盘
499,14:56:10,4.53,0.0,7,3171,卖盘
500,14:56:36,4.53,0.0,9,4077,买盘
501,15:00:04,4.54,0.01,155,70370,卖盘
