,time,price,change,volume,amount,type
0,09:25:05,3.36,0.05,864,290304,卖盘
1,09:30:04,3.35,-0.01,657,220191,买盘
2,09:30:07,3.32,-0.03,123,41001,卖盘
3,09:30:10,3.32,0.0,211,69852,买盘
4,09:30:13,3.32,0.0,56,18592,买盘
5,09:30:16,3.32,0.0,31,10281,买盘
6,09:30:19,3.32,0.0,47,15604,买盘
7,09:30:22,3.32,0.0,42,13944,买盘
8,09:30:25,3.32,0.0,33,10956,买盘
9,09:30:28,3.33,0.01,2,666,买盘
10,09:30:31,3.33,0.0,4,1332,买盘
11,09:30:34,3.33,0.0,1,333,买盘
12,09:30:37,3.33,0.0,1,333,买盘
13,09:30:49,3.33,0.0,15,4995,买盘
14,09:30:55,3.33,0.0,221,73593,买盘
15,09:31:10,3.33,0.0,41,13666,卖盘
16,09:31:13,3.35,0.02,8,2680,买盘
17,09:31:16,3.34,-0.01,5,1670,中性盘
18,09:31:19,3.33,-0.01,1,333,卖盘
19,09:31:27,3.34,0.01,45,15030,买盘
20,09:31:43,3.35,0.01,6,2010,买盘
21,09:31:49,3.35,0.0,106,35510,买盘
22,09:31:52,3.35,0.0,281,94135,买盘
23,09:31:54,3.36,0.01,50,16800,买盘
24,09:31:57,3.35,-0.01,78,26155,卖盘
25,09:32:07,3.35,0.0,152,50928,卖盘
26,09:32:12,3.35,0.0,45,15075,买盘
27,09:32:15,3.34,-0.01,1,334,卖盘
28,09:32:22,3.34,0.0,180,60120,卖盘
29,09:32:31,3.34,0.0,14,4676,卖盘
30,09:32:37,3.34,0.0,1,334,卖盘
31,09:32:43,3.35,0.01,128,42880,买盘
32,09:32:49,3.35,0.0,5,1675,买盘
33,09:32:52,3.35,0.0,45,15075,买盘
34,09:32:55,3.35,0.0,12,4020,卖盘
35,09:32:57,3.35,0.0,2,670,卖盘
36,09:33:04,3.35,0.0,291,97485,卖盘
37,09:33:07,3.35,0.0,13,4355,买盘
38,09:33:22,3.35,0.0,34,11390,买盘
39,09:33:28,3.35,0.0,40,13400,买盘
40,09:33:34,3.35,0.0,12,4020,买盘
41,09:33:40,3.34,-0.01,20,6680,卖盘
42,09:33:43,3.34,0.0,150,50100,卖盘
43,09:33:46,3.34,0.0,25,8351,卖盘
44,09:33:49,3.35,0.01,3,1005,买盘
45,09:33:52,3.34,-0.01,13,4342,卖盘
46,09:33:58,3.34,0.0,100,33400,卖盘
47,09:34:04,3.35,0.01,11,3685,买盘
48,09:34:07,3.34,-0.01,10,3340,卖盘
49,09:34:10,3.34,0.0,50,16700,卖盘
50,09:34:15,3.35,0.01,8,2680,买盘
51,09:34:22,3.35,0.0,171,57285,买盘
52,09:34:25,3.35,0.0,130,43550,买盘
53,09:34:28,3.34,-0.01,163,54442,卖盘
54,09:34:33,3.34,0.0,108,36072,卖盘
55,09:34:36,3.34,0.0,5,1670,买盘
56,09:34:46,3.34,0.0,10,3340,买盘
57,09:34:52,3.34,0.0,35,11690,买盘
58,09:34:55,3.34,0.0,118,39412,买盘
59,09:34:58,3.34,0.0,39,13026,卖盘
60,09:35:01,3.34,0.0,27,9018,卖盘
61,09:35:04,3.34,0.0,4,1336,卖盘
62,09:35:09,3.34,0.0,21,7022,卖盘
63,09:35:12,3.34,0.0,5,1670,买盘
64,09:35:22,3.35,0.01,129,43132,买盘
65,09:35:28,3.35,0.0,1,335,买盘
66,09:35:30,3.34,-0.01,11,3674,卖盘
67,09:35:37,3.34,0.0,3,1002,卖盘
68,09:35:46,3.35,0.01,2,670,买盘
69,09:35:49,3.34,-0.01,106,35404,卖盘
70,09:35:52,3.34,0.0,7,2338,买盘
71,09:35:55,3.34,0.0,18,6012,买盘
72,09:36:01,3.34,0.0,13,4342,买盘
73,09:36:04,3.34,0.0,6,2004,买盘
74,09:36:06,3.34,0.0,12,4008,买盘
75,09:36:16,3.34,0.0,51,17033,买盘
76,09:36:19,3.34,0.0,98,32732,买盘
77,09:36:22,3.34,0.0,4,1336,卖盘
78,09:36:25,3.33,-0.01,24,8009,卖盘
79,09:36:49,3.34,0.01,8,2672,买盘
80,09:36:52,3.34,0.0,30,10020,买盘
81,09:36:54,3.33,-0.01,3,999,卖盘
82,09:37:07,3.33,0.0,26,8658,卖盘
83,09:37:09,3.34,0.01,33,11022,买盘
84,09:37:16,3.34,0.0,8,2672,买盘
85,09:37:28,3.33,-0.01,100,33300,卖盘
86,09:37:40,3.34,0.01,8,2672,买盘
87,09:37:43,3.34,0.0,16,5344,买盘
88,09:37:58,3.34,0.0,133,44422,买盘
89,09:38:01,3.34,0.0,10,3340,买盘
90,09:38:04,3.33,-0.01,43,14325,卖盘
91,09:38:07,3.33,0.0,25,8325,卖盘
92,09:38:22,3.34,0.01,43,14362,买盘
93,09:38:28,3.33,-0.01,10,3330,卖盘
94,09:38:30,3.34,0.01,8,2672,买盘
95,09:38:42,3.34,0.0,7,2338,买盘
96,09:38:46,3.34,0.0,5,1670,买盘
97,09:38:49,3.34,0.0,38,12692,买盘
98,09:38:52,3.34,0.0,34,11356,买盘
99,09:38:55,3.34,0.0,50,16700,买盘
100,09:39:00,3.34,0.0,17,5678,买盘
101,09:39:04,3.34,0.0,48,16032,买盘
102,09:39:06,3.34,0.0,50,16700,买盘
103,09:39:09,3.34,0.0,95,31730,买盘
104,09:39:13,3.34,0.0,30,10020,买盘
105,09:39:16,3.33,-0.01,47,15689,卖盘
106,09:39:19,3.34,0.01,61,20354,买盘
107,09:39:21,3.34,0.0,10,3340,买盘
108,09:39:25,3.34,0.0,2,668,买盘
109,09:39:28,3.34,0.0,138,46092,买盘
110,09:39:37,3.34,0.0,111,37074,卖盘
111,09:39:55,3.34,0.0,3,1002,卖盘
112,09:39:58,3.35,0.01,8,2680,买盘
113,09:40:01,3.35,0.0,11,3685,买盘
114,09:40:10,3.35,0.0,8,2680,买盘
115,09:40:18,3.35,0.0,5,1675,买盘
116,09:40:22,3.35,0.0,31,10385,买盘
117,09:40:25,3.35,0.0,4,1340,买盘
118,09:40:28,3.34,-0.01,10,3340,卖盘
119,09:40:37,3.35,0.01,6,2010,买盘
120,09:40:43,3.34,-0.01,64,21376,卖盘
121,09:40:58,3.35,0.01,77,25795,买盘
122,09:41:00,3.35,0.0,8,2680,买盘
123,09:41:22,3.35,0.0,48,16080,买盘
124,09:41:25,3.35,0.0,23,7705,买盘
125,09:41:27,3.35,0.0,26,8710,买盘
126,09:41:30,3.35,0.0,16,5360,买盘
127,09:41:34,3.35,0.0,32,10720,买盘
128,09:41:36,3.35,0.0,1,335,买盘
129,09:41:39,3.35,0.0,27,9045,买盘
130,09:41:43,3.35,0.0,93,31155,买盘
131,09:41:46,3.35,0.0,8,2680,买盘
132,09:41:49,3.35,0.0,16,5360,买盘
133,09:41:51,3.35,0.0,32,10720,买盘
134,09:41:58,3.35,0.0,362,121270,买盘
135,09:42:01,3.35,0.0,188,62980,买盘
136,09:42:04,3.35,0.0,120,40200,买盘
137,09:42:07,3.36,0.01,5,1680,买盘
138,09:42:09,3.36,0.0,93,31248,买盘
139,09:42:13,3.35,-0.01,13,4355,卖盘
140,09:42:16,3.36,0.01,107,35945,买盘
141,09:42:19,3.36,0.0,128,43008,买盘
142,09:42:22,3.36,0.0,51,17136,买盘
143,09:42:24,3.36,0.0,45,15115,买盘
144,09:42:31,3.36,0.0,158,53088,买盘
145,09:42:34,3.35,-0.01,30,10050,卖盘
146,09:42:39,3.36,0.01,17,5712,买盘
147,09:42:42,3.35,-0.01,27,9045,卖盘
148,09:42:55,3.35,0.0,19,6365,卖盘
149,09:43:04,3.36,0.01,128,43008,买盘
150,09:43:06,3.36,0.0,20,6720,买盘
151,09:43:09,3.36,0.0,550,184750,买盘
152,09:43:16,3.36,0.0,252,84672,买盘
153,09:43:19,3.36,0.0,13,4368,买盘
154,09:43:21,3.36,0.0,87,29219,买盘
155,09:43:24,3.36,0.0,9,3024,卖盘
156,09:43:31,3.37,0.01,70,23590,买盘
157,09:43:34,3.37,0.0,1022,344414,买盘
158,09:43:39,3.38,0.01,8,2704,买盘
159,09:43:46,3.37,-0.01,35,11825,卖盘
160,09:43:49,3.38,0.01,10,3380,买盘
161,09:43:51,3.38,0.0,28,9464,买盘
162,09:43:55,3.37,-0.01,220,74146,卖盘
163,09:43:58,3.37,0.0,9,3033,买盘
164,09:44:01,3.37,0.0,31,10447,买盘
165,09:44:04,3.38,0.01,159,53736,买盘
166,09:44:06,3.37,-0.01,41,13817,买盘
167,09:44:09,3.37,0.0,32,10784,买盘
168,09:44:12,3.37,0.0,177,59649,买盘
169,09:44:15,3.38,0.01,37,12506,买盘
170,09:44:19,3.38,0.0,25,8433,买盘
171,09:44:22,3.38,0.0,118,39884,买盘
172,09:44:25,3.37,-0.01,15,5060,卖盘
173,09:44:31,3.37,0.0,2,674,卖盘
174,09:44:40,3.37,0.0,511,172699,卖盘
175,09:44:49,3.38,0.01,10,3380,买盘
176,09:44:52,3.38,0.0,85,28730,买盘
177,09:44:55,3.38,0.0,56,18898,买盘
178,09:45:07,3.38,0.0,42,14196,买盘
179,09:45:10,3.38,0.0,8,2704,买盘
180,09:45:13,3.37,-0.01,13,4389,卖盘
181,09:45:16,3.38,0.01,24,8112,买盘
182,09:45:22,3.37,-0.01,75,25275,卖盘
183,09:45:24,3.38,0.01,10,3380,买盘
184,09:45:31,3.38,0.0,54,18252,买盘
185,09:45:40,3.37,-0.01,60,20220,卖盘
186,09:45:43,3.38,0.01,426,143988,买盘
187,09:45:48,3.37,-0.01,175,58975,卖盘
188,09:45:52,3.38,0.01,32,10786,买盘
189,09:46:01,3.38,0.0,70,23660,买盘
190,09:46:04,3.37,-0.01,50,16850,卖盘
191,09:46:07,3.36,-0.01,74,24933,卖盘
192,09:46:09,3.37,0.01,7,2359,买盘
193,09:46:13,3.37,0.0,9,3033,买盘
194,09:46:16,3.37,0.0,13,4381,买盘
195,09:46:25,3.37,0.0,4,1348,买盘
196,09:46:27,3.37,0.0,115,38705,买盘
197,09:46:31,3.37,0.0,57,19209,买盘
198,09:46:34,3.37,0.0,11,3707,买盘
199,09:46:36,3.37,0.0,4,1348,买盘
200,09:46:42,3.37,0.0,48,16176,买盘
201,09:46:46,3.37,0.0,7,2359,买盘
202,09:46:49,3.37,0.0,10,3370,买盘
203,09:46:51,3.37,0.0,9,3033,买盘
204,09:46:55,3.37,0.0,15,5055,卖盘
205,09:46:58,3.37,0.0,1,337,买盘
206,09:47:04,3.37,0.0,45,15160,买盘
207,09:47:07,3.37,0.0,1,337,买盘
208,09:47:12,3.37,0.0,24,8088,买盘
209,09:47:15,3.38,0.01,26,8788,买盘
210,09:47:18,3.38,0.0,8,2704,买盘
211,09:47:25,3.38,0.0,5,1690,买盘
212,09:47:27,3.37,-0.01,153,51578,卖盘
213,09:47:30,3.37,0.0,40,13480,买盘
214,09:47:36,3.38,0.01,107,36139,买盘
215,09:47:39,3.38,0.0,8,2704,买盘
216,09:47:49,3.37,-0.01,19,6403,卖盘
217,09:47:51,3.38,0.01,15,5068,买盘
218,09:47:54,3.38,0.0,5,1690,买盘
219,09:48:01,3.38,0.0,28,9462,买盘
220,09:48:04,3.37,-0.01,3,1011,卖盘
221,09:48:06,3.38,0.01,53,17914,买盘
222,09:48:09,3.37,-0.01,2,674,卖盘
223,09:48:16,3.38,0.01,43,14534,买盘
224,09:48:22,3.37,-0.01,2,674,卖盘
225,09:48:25,3.38,0.01,12,4056,买盘
226,09:48:28,3.37,-0.01,41,13837,卖盘
227,09:48:30,3.38,0.01,10,3378,买盘
228,09:48:33,3.38,0.0,10,3380,买盘
229,09:48:36,3.38,0.0,20,6760,买盘
230,09:48:40,3.37,-0.01,2,674,卖盘
231,09:48:43,3.37,0.0,100,33700,卖盘
232,09:48:49,3.37,0.0,100,33700,卖盘
233,09:48:51,3.37,0.0,16,5392,卖盘
234,09:48:55,3.37,0.0,8,2696,买盘
235,09:48:57,3.37,0.0,108,36396,买盘
236,09:49:00,3.37,0.0,2,674,卖盘
237,09:49:04,3.37,0.0,35,11805,卖盘
238,09:49:07,3.37,0.0,52,17524,卖盘
239,09:49:13,3.37,0.0,27,9099,卖盘
240,09:49:15,3.38,0.01,8,2704,买盘
241,09:49:18,3.38,0.0,8,2704,买盘
242,09:49:22,3.37,-0.01,4,1348,卖盘
243,09:49:25,3.38,0.01,27,9126,买盘
244,09:49:28,3.37,-0.01,5,1685,卖盘
245,09:49:31,3.37,0.0,2,674,卖盘
246,09:49:34,3.37,0.0,344,115928,卖盘
247,09:49:37,3.37,0.0,240,80880,卖盘
248,09:49:39,3.37,0.0,4,1348,买盘
249,09:49:43,3.36,-0.01,2,672,卖盘
250,09:49:46,3.38,0.02,26,8765,买盘
251,09:49:51,3.37,-0.01,2,674,中性盘
252,09:49:55,3.36,-0.01,2,673,卖盘
253,09:49:58,3.37,0.01,2,674,买盘
254,09:50:10,3.38,0.01,197,66415,买盘
255,09:50:15,3.38,0.0,27,9126,买盘
256,09:50:18,3.38,0.0,17,5746,买盘
257,09:50:24,3.37,-0.01,54,18202,卖盘
258,09:50:30,3.38,0.01,17,5746,买盘
259,09:50:36,3.38,0.0,8,2704,买盘
260,09:50:40,3.38,0.0,4,1352,买盘
261,09:50:42,3.37,-0.01,19,6420,卖盘
262,09:50:45,3.38,0.01,2,676,买盘
263,09:50:52,3.38,0.0,9,3040,买盘
264,09:50:55,3.38,0.0,38,12839,买盘
265,09:51:01,3.37,-0.01,21,7090,卖盘
266,09:51:04,3.38,0.01,53,17887,买盘
267,09:51:10,3.37,-0.01,20,6740,卖盘
268,09:51:12,3.38,0.01,44,14870,买盘
269,09:51:16,3.38,0.0,39,13182,买盘
270,09:51:19,3.38,0.0,17,5746,买盘
271,09:51:21,3.37,-0.01,2,674,卖盘
272,09:51:24,3.37,0.0,123,41564,卖盘
273,09:51:31,3.38,0.01,60,20237,买盘
274,09:51:34,3.37,-0.01,2,674,卖盘
275,09:51:37,3.38,0.01,32,10816,买盘
276,09:51:40,3.37,-0.01,39,13162,卖盘
277,09:51:43,3.38,0.01,29,9800,买盘
278,09:51:48,3.38,0.0,17,5746,买盘
279,09:51:51,3.38,0.0,36,12146,买盘
280,09:51:55,3.38,0.0,19,6420,买盘
281,09:52:00,3.37,-0.01,10,3370,卖盘
282,09:52:04,3.37,0.0,26,8762,卖盘
283,09:52:07,3.38,0.01,17,5746,买盘
284,09:52:09,3.38,0.0,121,40869,买盘
285,09:52:13,3.37,-0.01,28,9462,卖盘
286,09:52:15,3.37,0.0,42,14154,卖盘
287,09:52:19,3.38,0.01,17,5746,买盘
288,09:52:25,3.38,0.0,7,2364,买盘
289,09:52:30,3.38,0.0,61,20618,买盘
290,09:52:33,3.38,0.0,55,18578,买盘
291,09:52:37,3.37,-0.01,79,26630,卖盘
292,09:52:39,3.38,0.01,8,2704,买盘
293,09:52:43,3.37,-0.01,2,674,卖盘
294,09:52:46,3.38,0.01,979,330902,买盘
295,09:52:49,3.38,0.0,201,67888,买盘
296,09:52:55,3.38,0.0,468,158184,买盘
297,09:53:04,3.38,0.0,25,8450,卖盘
298,09:53:07,3.39,0.01,20,6780,买盘
299,09:53:09,3.38,-0.01,18,6084,卖盘
300,09:53:13,3.39,0.01,33,11187,买盘
301,09:53:19,3.39,0.0,19,6441,买盘
302,09:53:22,3.39,0.0,102,34493,买盘
303,09:53:25,3.39,0.0,16,5424,买盘
304,09:53:28,3.38,-0.01,3,1014,卖盘
305,09:53:31,3.39,0.01,10,3390,买盘
306,09:53:34,3.39,0.0,19,6439,买盘
307,09:53:40,3.39,0.0,7,2373,买盘
308,09:53:43,3.39,0.0,8,2712,买盘
309,09:53:46,3.39,0.0,27,9151,买盘
310,09:53:54,3.39,0.0,20,6778,买盘
311,09:53:58,3.39,0.0,3,1017,买盘
312,09:54:01,3.38,-0.01,5,1690,卖盘
313,09:54:04,3.38,0.0,35,11838,卖盘
314,09:54:06,3.38,0.0,18,6084,卖盘
315,09:54:16,3.38,0.0,2,676,卖盘
316,09:54:19,3.38,0.0,44,14872,卖盘
317,09:54:22,3.38,0.0,34,11492,卖盘
318,09:54:25,3.38,0.0,50,16900,卖盘
319,09:54:27,3.39,0.01,62,21016,买盘
320,09:54:34,3.39,0.0,32,10848,买盘
321,09:54:37,3.39,0.0,15,5083,买盘
322,09:54:39,3.38,-0.01,55,18590,卖盘
323,09:54:43,3.38,0.0,4,1352,买盘
324,09:54:45,3.38,0.0,3,1014,买盘
325,09:54:49,3.38,0.0,41,13858,买盘
326,09:54:57,3.39,0.01,19,6441,买盘
327,09:55:12,3.39,0.0,27,9153,买盘
328,09:55:16,3.39,0.0,66,22374,买盘
329,09:55:18,3.39,0.0,264,89496,买盘
330,09:55:21,3.39,0.0,5,1695,买盘
331,09:55:24,3.39,0.0,205,69495,买盘
332,09:55:36,3.38,-0.01,149,50362,卖盘
333,09:55:39,3.38,0.0,7,2366,买盘
334,09:55:43,3.38,0.0,16,5408,买盘
335,09:55:46,3.38,0.0,7,2366,买盘
336,09:55:48,3.38,0.0,57,19266,买盘
337,09:55:51,3.38,0.0,16,5408,买盘
338,09:55:54,3.37,-0.01,84,28336,卖盘
339,09:55:58,3.38,0.01,13,4394,买盘
340,09:56:00,3.38,0.0,20,6760,买盘
341,09:56:04,3.38,0.0,6,2028,买盘
342,09:56:06,3.38,0.0,3,1014,买盘
343,09:56:09,3.38,0.0,3,1014,买盘
344,09:56:12,3.38,0.0,3,1014,买盘
345,09:56:15,3.38,0.0,4,1352,买盘
346,09:56:19,3.38,0.0,4,1352,买盘
347,09:56:24,3.38,0.0,12,4056,买盘
348,09:56:34,3.38,0.0,120,40560,买盘
349,09:56:36,3.38,0.0,5,1690,卖盘
350,09:56:39,3.39,0.01,19,6441,买盘
351,09:56:45,3.38,-0.01,12,4056,卖盘
352,09:56:48,3.39,0.01,28,9482,买盘
353,09:56:55,3.39,0.0,8,2712,买盘
354,09:56:57,3.38,-0.01,32,10816,卖盘
355,09:57:04,3.39,0.01,10,3390,买盘
356,09:57:22,3.39,0.0,8,2712,买盘
357,09:57:24,3.39,0.0,4,1356,买盘
358,09:57:27,3.39,0.0,8,2712,买盘
359,09:57:34,3.39,0.0,57,19323,买盘
360,09:57:37,3.38,-0.01,49,16562,卖盘
361,09:57:48,3.38,0.0,19,6422,卖盘
362,09:58:06,3.39,0.01,100,33900,买盘
363,09:58:16,3.39,0.0,2,678,买盘
364,09:58:18,3.39,0.0,19,6441,买盘
365,09:58:22,3.39,0.0,7,2373,买盘
366,09:58:25,3.39,0.0,5,1695,买盘
367,09:58:27,3.38,-0.01,8,2710,卖盘
368,09:58:30,3.39,0.01,5,1695,买盘
369,09:58:40,3.39,0.0,8,2712,买盘
370,09:58:51,3.38,-0.01,31,10478,卖盘
371,09:59:00,3.39,0.01,30,10170,买盘
372,09:59:04,3.39,0.0,7,2373,买盘
373,09:59:07,3.39,0.0,4,1356,买盘
374,09:59:12,3.38,-0.01,73,24674,卖盘
375,09:59:15,3.38,0.0,69,23322,卖盘
376,09:59:25,3.38,0.0,161,54418,卖盘
377,09:59:27,3.39,0.01,9,3051,买盘
378,09:59:31,3.39,0.0,5,1695,买盘
379,09:59:33,3.39,0.0,43,14577,买盘
380,09:59:37,3.38,-0.01,19,6438,卖盘
381,09:59:39,3.39,0.01,36,12204,买盘
382,09:59:49,3.39,0.0,5,1695,买盘
383,09:59:57,3.39,0.0,19,6441,买盘
384,10:00:00,3.39,0.0,86,29154,买盘
385,10:00:03,3.39,0.0,10,3390,买盘
386,10:00:10,3.39,0.0,108,36612,买盘
387,10:00:13,3.39,0.0,1,339,买盘
388,10:00:21,3.39,0.0,123,41697,买盘
389,10:00:37,3.38,-0.01,1,338,卖盘
390,10:00:40,3.39,0.01,8,2712,买盘
391,10:00:42,3.38,-0.01,164,55432,卖盘
392,10:00:45,3.38,0.0,30,10140,卖盘
393,10:00:48,3.38,0.0,21,7098,卖盘
394,10:00:51,3.39,0.01,29,9831,买盘
395,10:01:09,3.39,0.0,1,339,买盘
396,10:01:13,3.39,0.0,8,2712,买盘
397,10:01:24,3.39,0.0,4,1356,买盘
398,10:01:31,3.38,-0.01,16,5408,卖盘
399,10:01:34,3.38,0.0,21,7099,卖盘
400,10:01:37,3.39,0.01,73,24675,买盘
401,10:01:40,3.39,0.0,19,6441,买盘
402,10:01:51,3.38,-0.01,1,338,卖盘
403,10:01:57,3.39,0.01,20,6761,买盘
404,10:02:09,3.39,0.0,5,1695,买盘
405,10:02:13,3.38,-0.01,261,88218,卖盘
406,10:02:16,3.38,0.0,38,12844,卖盘
407,10:02:19,3.38,0.0,28,9464,卖盘
408,10:02:21,3.38,0.0,19,6422,买盘
409,10:02:24,3.38,0.0,1,338,买盘
410,10:02:30,3.38,0.0,2,676,买盘
411,10:02:46,3.38,0.0,30,10140,买盘
412,10:02:48,3.38,0.0,1,338,买盘
413,10:03:07,3.38,0.0,15,5069,买盘
414,10:03:16,3.38,0.0,10,3380,买盘
415,10:03:19,3.38,0.0,19,6422,买盘
416,10:03:45,3.37,-0.01,1,337,卖盘
417,10:03:55,3.38,0.01,38,12843,买盘
418,10:03:58,3.38,0.0,500,169000,买盘
419,10:04:16,3.38,0.0,1,338,买盘
420,10:04:27,3.37,-0.01,11,3708,卖盘
421,10:04:52,3.37,0.0,10,3370,卖盘
422,10:04:58,3.38,0.01,19,6422,买盘
423,10:05:27,3.37,-0.01,503,169511,卖盘
424,10:05:33,3.37,0.0,30,10110,卖盘
425,10:05:39,3.37,0.0,80,26960,卖盘
426,10:05:42,3.37,0.0,6,2027,卖盘
427,10:05:45,3.37,0.0,101,34038,卖盘
428,10:05:57,3.37,0.0,122,41114,卖盘
429,10:06:00,3.37,0.0,100,33700,卖盘
430,10:06:04,3.37,0.0,158,53246,卖盘
431,10:06:06,3.37,0.0,49,16513,卖盘
432,10:06:13,3.37,0.0,94,31678,卖盘
433,10:06:16,3.37,0.0,181,60997,卖盘
434,10:06:18,3.37,0.0,97,32689,卖盘
435,10:06:21,3.37,0.0,5,1685,卖盘
436,10:06:24,3.38,0.01,9,3039,买盘
437,10:06:27,3.37,-0.01,36,12132,卖盘
438,10:06:30,3.37,0.0,27,9099,买盘
439,10:06:36,3.37,0.0,19,6403,买盘
440,10:06:39,3.37,0.0,144,48528,买盘
441,10:06:48,3.38,0.01,160,54080,买盘
442,10:06:55,3.37,-0.01,23,7751,卖盘
443,10:07:00,3.37,0.0,50,16850,卖盘
444,10:07:04,3.37,0.0,5,1685,卖盘
445,10:07:06,3.37,0.0,104,35048,卖盘
446,10:07:09,3.37,0.0,20,6740,卖盘
447,10:07:13,3.37,0.0,14,4718,卖盘
448,10:07:27,3.38,0.01,13,4394,买盘
449,10:07:30,3.38,0.0,301,101738,买盘
450,10:07:37,3.37,-0.01,124,41788,卖盘
451,10:07:39,3.37,0.0,17,5729,买盘
452,10:07:42,3.37,0.0,3,1011,买盘
453,10:07:46,3.37,0.0,3,1011,买盘
454,10:07:48,3.36,-0.01,1,336,卖盘
455,10:07:54,3.37,0.01,228,76835,买盘
456,10:08:09,3.37,0.0,331,111547,买盘
457,10:08:15,3.37,0.0,19,6403,买盘
458,10:08:34,3.37,0.0,89,29993,买盘
459,10:08:36,3.37,0.0,57,19209,卖盘
460,10:08:55,3.36,-0.01,205,68880,卖盘
461,10:09:06,3.36,0.0,36,12096,卖盘
462,10:09:10,3.37,0.01,1,337,买盘
463,10:09:12,3.37,0.0,125,42125,买盘
464,10:09:18,3.38,0.01,1,338,买盘
465,10:09:21,3.37,-0.01,6,2022,卖盘
466,10:09:25,3.37,0.0,43,14491,买盘
467,10:09:39,3.37,0.0,551,185687,买盘
468,10:09:46,3.37,0.0,1,337,买盘
469,10:09:51,3.37,0.0,20,6740,卖盘
470,10:09:54,3.38,0.01,19,6422,买盘
471,10:09:57,3.37,-0.01,1,337,卖盘
472,10:10:13,3.38,0.01,10,3380,买盘
473,10:10:27,3.37,-0.01,50,16850,卖盘
474,10:10:39,3.38,0.01,100,33800,买盘
475,10:10:49,3.38,0.0,10,3380,买盘
476,10:11:06,3.37,-0.01,12,4044,卖盘
477,10:11:13,3.38,0.01,114,38532,买盘
478,10:11:36,3.38,0.0,19,6422,买盘
479,10:12:15,3.38,0.0,55,18590,买盘
480,10:12:18,3.38,0.0,1,338,买盘
481,10:12:27,3.37,-0.01,1,337,卖盘
482,10:12:33,3.38,0.01,1,338,买盘
483,10:13:15,3.38,0.0,19,6422,买盘
484,10:13:49,3.38,0.0,3,1014,买盘
485,10:13:54,3.38,0.0,10,3380,买盘
486,10:14:04,3.37,-0.01,1,337,卖盘
487,10:14:33,3.37,0.0,33,11121,卖盘
488,10:14:42,3.38,0.01,120,40560,买盘
489,10:14:46,3.37,-0.01,50,16850,卖盘
490,10:14:48,3.37,0.0,542,182654,卖盘
491,10:14:52,3.37,0.0,49,16513,卖盘
492,10:14:54,3.37,0.0,32,10784,卖盘
493,10:14:57,3.37,0.0,13,4381,买盘
494,10:15:07,3.36,-0.01,38,12768,卖盘
495,10:15:12,3.37,0.01,18,6066,买盘
496,10:15:15,3.37,0.0,10,3370,卖盘
497,10:15:24,3.37,0.0,28,9436,卖盘
498,10:15:45,3.37,0.0,1,337,卖盘
499,10:15:57,3.37,0.0,30,10110,卖盘
500,10:16:04,3.37,0.0,14,4718,卖盘
501,10:16:09,3.37,0.0,5,1685,卖盘
502,10:16:34,3.37,0.0,100,33700,卖盘
503,10:16:36,3.38,0.01,139,46982,买盘
504,10:17:00,3.37,-0.01,50,16850,卖盘
505,10:17:04,3.37,0.0,22,7414,卖盘
506,10:17:06,3.38,0.01,1,338,买盘
507,10:17:13,3.38,0.0,72,24336,买盘
508,10:17:33,3.37,-0.01,20,6741,卖盘
509,10:17:37,3.38,0.01,99,33462,买盘
510,10:17:39,3.37,-0.01,11,3707,卖盘
511,10:17:45,3.37,0.0,8,2696,卖盘
512,10:17:49,3.37,0.0,64,21568,卖盘
513,10:17:51,3.38,0.01,105,35435,买盘
514,10:18:04,3.37,-0.01,13,4381,卖盘
515,10:18:06,3.38,0.01,50,16900,买盘
516,10:18:16,3.38,0.0,19,6422,买盘
517,10:18:39,3.37,-0.01,229,77173,卖盘
518,10:18:49,3.37,0.0,30,10110,买盘
519,10:18:57,3.36,-0.01,11,3696,卖盘
520,10:19:00,3.37,0.01,5,1685,买盘
521,10:19:03,3.36,-0.01,12,4032,卖盘
522,10:19:06,3.37,0.01,1241,418217,买盘
523,10:19:12,3.37,0.0,81,27297,买盘
524,10:19:24,3.37,0.0,1,337,买盘
525,10:19:28,3.37,0.0,1,337,买盘
526,10:19:30,3.37,0.0,9,3033,买盘
527,10:19:33,3.37,0.0,6,2022,卖盘
528,10:19:40,3.37,0.0,10,3370,卖盘
529,10:19:43,3.37,0.0,10,3370,买盘
530,10:19:51,3.38,0.01,185,62370,买盘
531,10:19:54,3.37,-0.01,3,1011,中性盘
532,10:19:57,3.38,0.01,19,6415,买盘
533,10:20:04,3.36,-0.02,36,12096,卖盘
534,10:20:06,3.36,0.0,3,1010,卖盘
535,10:20:09,3.37,0.01,12,4044,中性盘
536,10:20:27,3.37,0.0,22,7414,卖盘
537,10:20:30,3.37,0.0,10,3370,卖盘
538,10:20:33,3.37,0.0,3,1011,卖盘
539,10:20:45,3.37,0.0,24,8088,买盘
540,10:21:00,3.37,0.0,3,1011,卖盘
541,10:21:15,3.37,0.0,76,25612,买盘
542,10:21:36,3.37,0.0,19,6403,买盘
543,10:21:45,3.36,-0.01,193,65024,卖盘
544,10:21:49,3.37,0.01,1,337,买盘
545,10:21:54,3.36,-0.01,18,6048,卖盘
546,10:22:04,3.36,0.0,13,4368,卖盘
547,10:22:06,3.37,0.01,111,37458,买盘
548,10:22:09,3.37,0.0,61,20557,卖盘
549,10:22:12,3.37,0.0,20,6740,卖盘
550,10:22:16,3.37,0.0,39,13143,卖盘
551,10:22:18,3.37,0.0,49,16462,卖盘
552,10:22:21,3.37,0.0,8,2747,买盘
553,10:22:24,3.37,0.0,48,16176,卖盘
554,10:22:27,3.37,0.0,18,6066,卖盘
555,10:22:31,3.37,0.0,2,623,卖盘
556,10:22:36,3.36,-0.01,13,4368,卖盘
557,10:22:42,3.36,0.0,73,24528,卖盘
558,10:22:48,3.37,0.01,75,25275,买盘
559,10:23:00,3.36,-0.01,11,3696,卖盘
560,10:23:04,3.36,0.0,12,4032,卖盘
561,10:23:15,3.37,0.01,19,6403,买盘
562,10:23:19,3.37,0.0,1016,342392,买盘
563,10:23:22,3.37,0.0,13,4381,买盘
564,10:23:36,3.36,-0.01,27,9072,卖盘
565,10:23:42,3.37,0.01,200,67400,买盘
566,10:23:49,3.37,0.0,109,36733,买盘
567,10:23:54,3.36,-0.01,74,24864,卖盘
568,10:23:57,3.37,0.01,4,1348,买盘
569,10:24:04,3.36,-0.01,212,71432,卖盘
570,10:24:09,3.36,0.0,1500,504000,卖盘
571,10:24:15,3.37,0.01,10,3370,买盘
572,10:24:19,3.36,-0.01,317,106879,卖盘
573,10:24:28,3.36,0.0,12,4032,卖盘
574,10:24:36,3.36,0.0,13,4368,卖盘
575,10:24:45,3.36,0.0,1,336,卖盘
576,10:24:48,3.36,0.0,168,56586,卖盘
577,10:24:52,3.37,0.01,19,6403,买盘
578,10:24:55,3.36,-0.01,57,19102,卖盘
579,10:24:57,3.36,0.0,17,5762,买盘
580,10:25:03,3.36,0.0,12,4032,卖盘
581,10:25:15,3.37,0.01,48,16176,买盘
582,10:25:33,3.36,-0.01,12,4032,卖盘
583,10:25:36,3.36,0.0,32,10752,买盘
584,10:25:48,3.37,0.01,359,120983,买盘
585,10:25:55,3.35,-0.02,74,24790,卖盘
586,10:26:06,3.36,0.01,23,7728,买盘
587,10:26:09,3.36,0.0,113,37968,卖盘
588,10:26:18,3.37,0.01,211,71107,买盘
589,10:26:36,3.36,-0.01,32,10771,卖盘
590,10:26:42,3.36,0.0,23,7728,卖盘
591,10:26:49,3.37,0.01,34,11458,买盘
592,10:26:54,3.36,-0.01,74,24864,卖盘
593,10:27:00,3.36,0.0,12,4033,卖盘
594,10:27:03,3.36,0.0,12,4032,卖盘
595,10:27:07,3.36,0.0,63,21168,卖盘
596,10:27:18,3.36,0.0,372,125322,卖盘
597,10:27:27,3.37,0.01,43,14491,买盘
598,10:27:37,3.36,-0.01,13,4368,卖盘
599,10:27:42,3.36,0.0,4,1344,卖盘
600,10:27:54,3.36,0.0,20,6720,卖盘
601,10:27:58,3.36,0.0,74,24864,卖盘
602,10:28:04,3.36,0.0,12,4032,卖盘
603,10:28:15,3.36,0.0,30,10099,卖盘
604,10:28:21,3.36,0.0,3,1008,卖盘
605,10:28:24,3.37,0.01,26,8762,买盘
606,10:28:36,3.36,-0.01,13,4368,卖盘
607,10:28:48,3.36,0.0,201,67536,卖盘
608,10:28:51,3.36,0.0,8,2688,买盘
609,10:28:54,3.36,0.0,40,13440,卖盘
610,10:28:57,3.36,0.0,34,11424,买盘
611,10:29:00,3.36,0.0,14,4704,买盘
612,10:29:04,3.36,0.0,38,12756,买盘
613,10:29:06,3.36,0.0,6,2016,买盘
614,10:29:09,3.36,0.0,2,672,卖盘
615,10:29:13,3.36,0.0,47,15792,买盘
616,10:29:16,3.36,0.0,2,672,买盘
617,10:29:18,3.36,0.0,4,1344,买盘
618,10:29:21,3.36,0.0,4,1344,买盘
619,10:29:24,3.36,0.0,1,336,买盘
620,10:29:27,3.36,0.0,44,14784,买盘
621,10:29:30,3.36,0.0,14,4704,卖盘
622,10:29:36,3.36,0.0,13,4368,卖盘
623,10:29:48,3.36,0.0,21,7056,卖盘
624,10:29:57,3.37,0.01,93,31267,买盘
625,10:30:00,3.36,-0.01,10,3360,卖盘
626,10:30:19,3.36,0.0,5,1680,卖盘
627,10:30:30,3.37,0.01,39,13143,买盘
628,10:30:39,3.36,-0.01,32,10752,卖盘
629,10:30:42,3.36,0.0,24,8064,卖盘
630,10:30:58,3.36,0.0,78,26208,卖盘
631,10:31:00,3.36,0.0,3,1008,卖盘
632,10:31:04,3.36,0.0,6,2016,卖盘
633,10:31:18,3.36,0.0,19,6384,卖盘
634,10:31:22,3.36,0.0,13,4368,卖盘
635,10:31:27,3.36,0.0,4,1344,卖盘
636,10:31:30,3.36,0.0,3,1008,卖盘
637,10:31:33,3.37,0.01,21,7075,买盘
638,10:31:40,3.36,-0.01,13,4368,卖盘
639,10:31:42,3.36,0.0,90,30241,卖盘
640,10:31:54,3.36,0.0,60,20160,卖盘
641,10:31:57,3.36,0.0,74,24864,卖盘
642,10:32:00,3.36,0.0,7,2352,卖盘
643,10:32:04,3.36,0.0,37,12432,卖盘
644,10:32:06,3.36,0.0,73,24528,卖盘
645,10:32:09,3.36,0.0,12,4032,卖盘
646,10:32:12,3.36,0.0,30,10080,卖盘
647,10:32:15,3.36,0.0,5,1680,卖盘
648,10:32:31,3.36,0.0,1,336,买盘
649,10:32:33,3.36,0.0,28,9408,买盘
650,10:32:37,3.36,0.0,2,672,卖盘
651,10:32:39,3.36,0.0,13,4368,卖盘
652,10:32:42,3.37,0.01,2,674,买盘
653,10:32:57,3.35,-0.02,74,24790,卖盘
654,10:33:00,3.35,0.0,1,335,卖盘
655,10:33:04,3.37,0.02,24,8088,买盘
656,10:33:15,3.37,0.0,19,6403,买盘
657,10:33:33,3.36,-0.01,2,672,买盘
658,10:33:36,3.36,0.0,16,5376,买盘
659,10:33:39,3.35,-0.01,13,4356,卖盘
660,10:33:51,3.36,0.01,68,22897,卖盘
661,10:33:57,3.36,0.0,74,24864,卖盘
662,10:34:00,3.37,0.01,49,16513,买盘
663,10:34:04,3.36,-0.01,82,27625,卖盘
664,10:34:06,3.36,0.0,2,672,卖盘
665,10:34:13,3.36,0.0,2,672,卖盘
666,10:34:18,3.37,0.01,88,29652,买盘
667,10:34:33,3.36,-0.01,10,3360,卖盘
668,10:34:39,3.36,0.0,13,4368,卖盘
669,10:34:51,3.36,0.0,10,3360,卖盘
670,10:34:54,3.37,0.01,19,6403,买盘
671,10:34:57,3.36,-0.01,2,672,卖盘
672,10:35:00,3.36,0.0,6,2016,卖盘
673,10:35:06,3.36,0.0,15,5040,卖盘
674,10:35:09,3.36,0.0,7,2352,卖盘
675,10:35:12,3.36,0.0,9,3024,卖盘
676,10:35:40,3.36,0.0,13,4368,卖盘
677,10:35:42,3.36,0.0,9,3024,卖盘
678,10:36:06,3.36,0.0,7,2352,卖盘
679,10:36:12,3.36,0.0,9,3024,卖盘
680,10:36:33,3.37,0.01,19,6403,买盘
681,10:36:40,3.36,-0.01,13,4368,卖盘
682,10:36:42,3.36,0.0,1,336,卖盘
683,10:36:45,3.36,0.0,8,2688,卖盘
684,10:36:57,3.36,0.0,4,1344,卖盘
685,10:37:00,3.36,0.0,1,336,卖盘
686,10:37:06,3.36,0.0,9,3024,卖盘
687,10:37:09,3.36,0.0,21,7056,卖盘
688,10:37:13,3.36,0.0,1,336,卖盘
689,10:37:15,3.36,0.0,8,2688,卖盘
690,10:37:21,3.36,0.0,40,13440,卖盘
691,10:37:33,3.36,0.0,14,4704,卖盘
692,10:37:36,3.37,0.01,50,16850,买盘
693,10:37:39,3.36,-0.01,13,4368,卖盘
694,10:37:45,3.36,0.0,159,53424,卖盘
695,10:38:06,3.36,0.0,59,19958,卖盘
696,10:38:13,3.37,0.01,26,8755,买盘
697,10:38:15,3.36,-0.01,7,2352,卖盘
698,10:38:18,3.36,0.0,16,5376,卖盘
699,10:38:21,3.36,0.0,17,5712,卖盘
700,10:38:25,3.36,0.0,31,10416,卖盘
701,10:38:30,3.36,0.0,5,1680,卖盘
702,10:38:34,3.36,0.0,154,51744,卖盘
703,10:38:37,3.35,-0.01,173,57883,卖盘
704,10:38:45,3.35,0.0,1,335,卖盘
705,10:38:55,3.35,0.0,1,335,卖盘
706,10:38:58,3.35,0.0,7,2345,卖盘
707,10:39:00,3.35,0.0,61,20435,卖盘
708,10:39:39,3.35,0.0,13,4355,卖盘
709,10:39:48,3.35,0.0,13,4355,卖盘
710,10:39:54,3.36,0.01,80,26819,买盘
711,10:40:00,3.35,-0.01,61,20435,卖盘
712,10:40:06,3.35,0.0,15,5025,卖盘
713,10:40:13,3.35,0.0,14,4690,卖盘
714,10:40:27,3.35,0.0,13,4355,卖盘
715,10:40:36,3.35,0.0,13,4355,卖盘
716,10:40:39,3.35,0.0,13,4355,卖盘
717,10:40:54,3.35,0.0,2,670,卖盘
718,10:40:57,3.35,0.0,2,670,卖盘
719,10:41:00,3.35,0.0,136,45560,卖盘
720,10:41:04,3.36,0.01,57,19152,买盘
721,10:41:07,3.35,-0.01,63,21105,卖盘
722,10:41:24,3.35,0.0,14,4690,卖盘
723,10:41:36,3.36,0.01,19,6384,买盘
724,10:41:39,3.35,-0.01,13,4355,卖盘
725,10:41:57,3.36,0.01,7,2352,买盘
726,10:42:00,3.35,-0.01,59,19765,卖盘
727,10:42:15,3.35,0.0,14,4690,卖盘
728,10:42:18,3.35,0.0,16,5360,卖盘
729,10:42:33,3.35,0.0,7,2345,卖盘
730,10:42:39,3.35,0.0,28,9380,卖盘
731,10:42:48,3.35,0.0,20,6700,卖盘
732,10:42:54,3.35,0.0,4,1340,卖盘
733,10:42:57,3.35,0.0,1,335,卖盘
734,10:43:04,3.35,0.0,80,26800,卖盘
735,10:43:06,3.35,0.0,9,3015,卖盘
736,10:43:12,3.36,0.01,19,6384,买盘
737,10:43:36,3.35,-0.01,3,1005,卖盘
738,10:43:39,3.35,0.0,13,4355,卖盘
739,10:43:42,3.35,0.0,2,670,卖盘
740,10:43:51,3.35,0.0,14,4690,卖盘
741,10:44:06,3.35,0.0,1,335,卖盘
742,10:44:39,3.35,0.0,13,4355,卖盘
743,10:44:48,3.35,0.0,7,2345,卖盘
744,10:44:51,3.35,0.0,8,2680,卖盘
745,10:44:54,3.35,0.0,21,7054,卖盘
746,10:45:03,3.35,0.0,15,5025,卖盘
747,10:45:15,3.35,0.0,4,1340,卖盘
748,10:45:24,3.35,0.0,1,335,卖盘
749,10:45:39,3.35,0.0,13,4355,卖盘
750,10:45:43,3.35,0.0,64,21440,卖盘
751,10:46:00,3.35,0.0,3,1005,卖盘
752,10:46:04,3.35,0.0,3,1005,卖盘
753,10:46:06,3.35,0.0,47,15745,卖盘
754,10:46:15,3.35,0.0,104,34840,卖盘
755,10:46:33,3.35,0.0,25,8394,卖盘
756,10:46:39,3.35,0.0,13,4355,卖盘
757,10:46:45,3.35,0.0,1,335,卖盘
758,10:46:51,3.35,0.0,1,335,卖盘
759,10:46:57,3.35,0.0,84,28140,卖盘
760,10:47:00,3.35,0.0,178,59630,买盘
761,10:47:12,3.34,-0.01,47,15703,卖盘
762,10:47:34,3.34,0.0,15,5010,卖盘
763,10:47:36,3.35,0.01,39,13065,买盘
764,10:47:42,3.34,-0.01,25,8350,卖盘
765,10:47:45,3.34,0.0,61,20424,卖盘
766,10:47:51,3.35,0.01,10,3350,买盘
767,10:48:00,3.34,-0.01,3,1002,卖盘
768,10:48:15,3.35,0.01,19,6365,买盘
769,10:48:27,3.34,-0.01,5,1670,卖盘
770,10:48:40,3.34,0.0,10,3340,卖盘
771,10:48:45,3.34,0.0,1,334,卖盘
772,10:48:48,3.34,0.0,1,334,卖盘
773,10:49:00,3.34,0.0,6,2004,卖盘
774,10:49:18,3.34,0.0,15,5010,卖盘
775,10:49:39,3.34,0.0,5,1670,卖盘
776,10:49:55,3.35,0.01,19,6365,买盘
777,10:50:00,3.34,-0.01,17,5678,卖盘
778,10:50:21,3.34,0.0,83,27722,卖盘
779,10:50:24,3.34,0.0,64,21376,卖盘
780,10:50:30,3.34,0.0,284,94856,卖盘
781,10:50:45,3.34,0.0,6,2004,卖盘
782,10:51:09,3.34,0.0,5,1670,卖盘
783,10:51:15,3.34,0.0,500,167000,卖盘
784,10:51:18,3.34,0.0,6,2004,卖盘
785,10:51:21,3.34,0.0,2,668,卖盘
786,10:51:27,3.34,0.0,19,6346,卖盘
787,10:51:36,3.34,0.0,31,10373,卖盘
788,10:51:54,3.34,0.0,5,1670,卖盘
789,10:51:57,3.34,0.0,45,15030,卖盘
790,10:52:00,3.33,-0.01,107,35653,卖盘
791,10:52:04,3.33,0.0,10,3330,卖盘
792,10:52:16,3.33,0.0,6,1998,卖盘
793,10:52:18,3.33,0.0,9,2997,卖盘
794,10:52:21,3.33,0.0,3,999,卖盘
795,10:52:31,3.33,0.0,4,1332,卖盘
796,10:52:34,3.33,0.0,700,233100,卖盘
797,10:52:37,3.33,0.0,107,35631,卖盘
798,10:52:42,3.33,0.0,5,1665,卖盘
799,10:52:45,3.33,0.0,5,1665,卖盘
800,10:52:48,3.33,0.0,160,53280,卖盘
801,10:52:51,3.33,0.0,12,3996,卖盘
802,10:53:10,3.33,0.0,311,103563,卖盘
803,10:53:15,3.32,-0.01,21,6991,卖盘
804,10:53:24,3.33,0.01,344,114552,买盘
805,10:53:27,3.33,0.0,1,333,买盘
806,10:53:30,3.33,0.0,2,666,卖盘
807,10:53:33,3.33,0.0,47,15651,卖盘
808,10:53:42,3.33,0.0,32,10656,卖盘
809,10:53:45,3.33,0.0,1,333,卖盘
810,10:53:57,3.33,0.0,15,4995,卖盘
811,10:54:36,3.33,0.0,100,33300,卖盘
812,10:54:42,3.33,0.0,42,13986,卖盘
813,10:54:45,3.33,0.0,3,999,卖盘
814,10:54:54,3.34,0.01,19,6346,买盘
815,10:54:57,3.34,0.0,1,334,买盘
816,10:55:06,3.33,-0.01,63,20979,卖盘
817,10:55:09,3.34,0.01,6,2004,买盘
818,10:55:12,3.33,-0.01,3,999,卖盘
819,10:55:16,3.33,0.0,2,666,卖盘
820,10:55:18,3.33,0.0,1,333,买盘
821,10:55:33,3.34,0.01,145,48322,买盘
822,10:55:46,3.34,0.0,3,1002,买盘
823,10:55:48,3.32,-0.02,157,52238,卖盘
824,10:56:04,3.33,0.01,42,13981,买盘
825,10:56:18,3.33,0.0,47,15651,买盘
826,10:56:21,3.33,0.0,2,666,卖盘
827,10:56:33,3.34,0.01,37,12358,买盘
828,10:56:36,3.34,0.0,19,6346,买盘
829,10:56:46,3.34,0.0,2,668,买盘
830,10:56:51,3.34,0.0,36,12024,买盘
831,10:57:06,3.34,0.0,37,12358,买盘
832,10:57:09,3.34,0.0,8,2672,买盘
833,10:57:12,3.34,0.0,5,1670,卖盘
834,10:57:19,3.35,0.01,36,12060,买盘
835,10:57:34,3.35,0.0,36,12060,买盘
836,10:57:51,3.35,0.0,37,12395,买盘
837,10:57:54,3.34,-0.01,6,2004,卖盘
838,10:57:57,3.34,0.0,10,3340,卖盘
839,10:58:04,3.35,0.01,36,12060,买盘
840,10:58:19,3.35,0.0,19,6365,买盘
841,10:58:22,3.35,0.0,37,12395,买盘
842,10:58:24,3.34,-0.01,1,334,卖盘
843,10:58:33,3.35,0.01,36,12060,买盘
844,10:58:37,3.33,-0.02,200,66603,卖盘
845,10:58:51,3.35,0.02,37,12395,买盘
846,10:58:57,3.33,-0.02,1,333,卖盘
847,10:59:00,3.34,0.01,14,4676,买盘
848,10:59:07,3.35,0.01,57,19053,买盘
849,10:59:15,3.33,-0.02,5,1665,卖盘
850,10:59:21,3.35,0.02,22,7370,买盘
851,10:59:24,3.33,-0.02,198,65962,卖盘
852,10:59:36,3.35,0.02,37,12395,买盘
853,10:59:39,3.33,-0.02,32,10656,卖盘
854,10:59:48,3.35,0.02,36,12060,买盘
855,10:59:54,3.33,-0.02,20,6698,卖盘
856,10:59:58,3.33,0.0,24,7992,卖盘
857,11:00:01,3.33,0.0,5,1665,卖盘
858,11:00:04,3.33,0.0,5,1665,卖盘
859,11:00:07,3.33,0.0,40,13394,卖盘
860,11:00:10,3.33,0.0,107,35631,卖盘
861,11:00:13,3.33,0.0,5,1665,卖盘
862,11:00:15,3.33,0.0,1,333,卖盘
863,11:00:18,3.34,0.01,39,13023,买盘
864,11:00:34,3.34,0.0,37,12358,买盘
865,11:00:40,3.33,-0.01,27,8991,卖盘
866,11:00:43,3.33,0.0,118,39294,卖盘
867,11:00:51,3.34,0.01,36,12024,买盘
868,11:01:00,3.32,-0.02,3,998,卖盘
869,11:01:07,3.34,0.02,37,12358,买盘
870,11:01:21,3.34,0.0,36,12024,买盘
871,11:01:33,3.33,-0.01,252,83916,卖盘
872,11:01:37,3.34,0.01,55,18370,买盘
873,11:01:40,3.32,-0.02,27,8964,卖盘
874,11:01:43,3.34,0.02,1,334,买盘
875,11:01:48,3.34,0.0,37,12352,买盘
876,11:02:04,3.34,0.0,36,12024,买盘
877,11:02:12,3.34,0.0,1,334,买盘
878,11:02:21,3.34,0.0,39,13026,买盘
879,11:02:36,3.34,0.0,36,12024,买盘
880,11:02:39,3.32,-0.02,27,8964,卖盘
881,11:02:51,3.34,0.02,37,12358,买盘
882,11:03:06,3.34,0.0,36,12024,买盘
883,11:03:13,3.33,-0.01,53,17649,买盘
884,11:03:16,3.34,0.01,39,12995,买盘
885,11:03:21,3.34,0.0,37,12358,买盘
886,11:03:25,3.33,-0.01,86,28638,卖盘
887,11:03:36,3.34,0.01,36,12024,买盘
888,11:03:39,3.33,-0.01,2,666,卖盘
889,11:03:51,3.33,0.0,36,11988,买盘
890,11:03:54,3.33,0.0,8,2664,买盘
891,11:04:00,3.33,0.0,14,4662,卖盘
892,11:04:06,3.34,0.01,25,8350,买盘
893,11:04:10,3.32,-0.02,31,10323,卖盘
894,11:04:12,3.32,0.0,380,126160,卖盘
895,11:04:21,3.33,0.01,36,11988,买盘
896,11:04:37,3.33,0.0,37,12321,买盘
897,11:04:39,3.32,-0.01,3,996,卖盘
898,11:04:42,3.32,0.0,28,9296,买盘
899,11:04:45,3.32,0.0,2,664,卖盘
900,11:04:51,3.33,0.01,25,8325,买盘
901,11:04:55,3.34,0.01,131,43464,买盘
902,11:04:58,3.31,-0.03,5,1655,卖盘
903,11:05:07,3.34,0.03,37,12358,买盘
904,11:05:12,3.32,-0.02,6,1992,卖盘
905,11:05:15,3.31,-0.01,5,1656,卖盘
906,11:05:22,3.31,0.0,41,13660,卖盘
907,11:05:24,3.31,0.0,5,1656,卖盘
908,11:05:27,3.31,0.0,108,35748,卖盘
909,11:05:31,3.31,0.0,10,3310,卖盘
910,11:05:33,3.31,0.0,5,1655,卖盘
911,11:05:37,3.34,0.03,36,12024,买盘
912,11:05:40,3.31,-0.03,27,8937,卖盘
913,11:05:49,3.31,0.0,5,1655,卖盘
914,11:05:52,3.31,0.0,42,14013,卖盘
915,11:05:58,3.31,0.0,5,1655,卖盘
916,11:06:06,3.34,0.03,41,13694,买盘
917,11:06:13,3.34,0.0,100,33400,买盘
918,11:06:22,3.33,-0.01,37,12321,买盘
919,11:06:37,3.33,0.0,55,18315,买盘
920,11:06:40,3.32,-0.01,27,8964,卖盘
921,11:06:43,3.32,0.0,110,36520,卖盘
922,11:06:46,3.31,-0.01,123,40726,卖盘
923,11:06:48,3.32,0.01,4,1328,买盘
924,11:06:52,3.32,0.0,26,8618,买盘
925,11:06:58,3.32,0.0,25,8300,卖盘
926,11:07:04,3.32,0.0,5,1660,买盘
927,11:07:06,3.32,0.0,36,11952,买盘
928,11:07:10,3.32,0.0,8,2656,买盘
929,11:07:13,3.32,0.0,7,2324,买盘
930,11:07:16,3.32,0.0,10,3320,卖盘
931,11:07:19,3.31,-0.01,9,2979,卖盘
932,11:07:22,3.32,0.01,37,12284,买盘
933,11:07:31,3.32,0.0,104,34528,买盘
934,11:07:34,3.32,0.0,11,3652,买盘
935,11:07:36,3.32,0.0,41,13612,买盘
936,11:07:40,3.32,0.0,39,12921,买盘
937,11:07:43,3.32,0.0,29,9628,买盘
938,11:07:51,3.33,0.01,19,6327,买盘
939,11:07:55,3.33,0.0,18,5994,卖盘
940,11:08:06,3.34,0.01,37,12358,买盘
941,11:08:09,3.32,-0.02,1,332,卖盘
942,11:08:18,3.34,0.02,19,6346,买盘
943,11:08:21,3.34,0.0,36,12024,买盘
944,11:08:36,3.34,0.0,37,12358,买盘
945,11:08:40,3.32,-0.02,19,6308,卖盘
946,11:08:43,3.32,0.0,14,4648,买盘
947,11:08:52,3.33,0.01,6,1998,买盘
948,11:08:54,3.31,-0.02,60,19936,卖盘
949,11:08:57,3.32,0.01,43,14276,买盘
950,11:09:07,3.32,0.0,70,23207,买盘
951,11:09:09,3.32,0.0,5,1660,中性盘
952,11:09:12,3.32,0.0,1,332,卖盘
953,11:09:22,3.34,0.02,36,12024,买盘
954,11:09:24,3.32,-0.02,5,1660,卖盘
955,11:09:28,3.32,0.0,10,3320,卖盘
956,11:09:30,3.32,0.0,37,12284,卖盘
957,11:09:33,3.31,-0.01,159,52734,卖盘
958,11:09:36,3.34,0.03,37,12358,买盘
959,11:09:39,3.31,-0.03,47,15557,卖盘
960,11:09:43,3.31,0.0,5,1659,卖盘
961,11:09:46,3.31,0.0,5,1655,卖盘
962,11:09:51,3.34,0.03,36,12003,买盘
963,11:09:55,3.34,0.0,19,6346,买盘
964,11:10:01,3.31,-0.03,36,11916,卖盘
965,11:10:06,3.34,0.03,36,12024,买盘
966,11:10:21,3.34,0.0,37,12358,买盘
967,11:10:24,3.34,0.0,11,3674,买盘
968,11:10:33,3.32,-0.02,34,11288,卖盘
969,11:10:37,3.34,0.02,36,12024,买盘
970,11:10:39,3.32,-0.02,28,9296,卖盘
971,11:10:42,3.32,0.0,2,664,卖盘
972,11:10:51,3.34,0.02,57,18998,买盘
973,11:11:04,3.32,-0.02,36,11952,卖盘
974,11:11:06,3.34,0.02,36,11994,买盘
975,11:11:21,3.34,0.0,37,12358,买盘
976,11:11:31,3.32,-0.02,35,11620,卖盘
977,11:11:36,3.34,0.02,55,18355,买盘
978,11:11:39,3.32,-0.02,27,8964,卖盘
979,11:11:51,3.34,0.02,36,12024,买盘
980,11:12:04,3.32,-0.02,35,11620,卖盘
981,11:12:07,3.33,0.01,37,12321,买盘
982,11:12:18,3.32,-0.01,90,29880,卖盘
983,11:12:21,3.33,0.01,15,4995,买盘
984,11:12:24,3.33,0.0,21,6993,卖盘
985,11:12:30,3.32,-0.01,33,10961,卖盘
986,11:12:37,3.34,0.02,37,12358,买盘
987,11:12:39,3.32,-0.02,41,13612,卖盘
988,11:12:42,3.32,0.0,155,51460,卖盘
989,11:12:45,3.32,0.0,5,1660,卖盘
990,11:12:48,3.32,0.0,10,3320,卖盘
991,11:12:51,3.34,0.02,36,12024,买盘
992,11:12:55,3.32,-0.02,13,4316,卖盘
993,11:12:58,3.32,0.0,5,1660,卖盘
994,11:13:04,3.31,-0.01,32,10619,卖盘
995,11:13:07,3.34,0.03,37,12358,买盘
996,11:13:09,3.32,-0.02,24,7968,买盘
997,11:13:15,3.33,0.01,19,6327,买盘
998,11:13:21,3.33,0.0,36,11988,买盘
999,11:13:30,3.32,-0.01,2,664,卖盘
1000,11:13:34,3.32,0.0,33,10956,卖盘
1001,11:13:36,3.32,0.0,101,33569,卖盘
1002,11:13:39,3.32,0.0,27,8964,卖盘
1003,11:13:51,3.32,0.0,46,15308,卖盘
1004,11:14:00,3.31,-0.01,43,14255,卖盘
1005,11:14:06,3.31,0.0,45,14967,卖盘
1006,11:14:22,3.33,0.02,37,12321,买盘
1007,11:14:30,3.31,-0.02,33,10923,卖盘
1008,11:14:34,3.31,0.0,9,2979,卖盘
1009,11:14:37,3.32,0.01,38,12652,卖盘
1010,11:14:39,3.32,0.0,8,2656,卖盘
1011,11:14:51,3.32,0.0,29,9628,买盘
1012,11:14:54,3.31,-0.01,300,99308,卖盘
1013,11:14:57,3.33,0.02,19,6327,买盘
1014,11:15:00,3.31,-0.02,38,12578,卖盘
1015,11:15:07,3.33,0.02,59,19582,买盘
1016,11:15:15,3.31,-0.02,5,1655,卖盘
1017,11:15:18,3.31,0.0,13,4303,卖盘
1018,11:15:21,3.33,0.02,37,12321,买盘
1019,11:15:25,3.31,-0.02,205,68055,卖盘
1020,11:15:27,3.31,0.0,14,4634,卖盘
1021,11:15:34,3.31,0.0,45,14895,卖盘
1022,11:15:36,3.33,0.02,36,11988,买盘
1023,11:15:39,3.31,-0.02,32,10592,卖盘
1024,11:15:43,3.31,0.0,10,3310,卖盘
1025,11:15:45,3.31,0.0,5,1655,卖盘
1026,11:15:51,3.33,0.02,37,12321,买盘
1027,11:15:57,3.31,-0.02,5,1655,卖盘
1028,11:16:00,3.31,0.0,90,29790,卖盘
1029,11:16:04,3.31,0.0,35,11585,卖盘
1030,11:16:07,3.33,0.02,12,3978,买盘
1031,11:16:09,3.33,0.0,36,11988,卖盘
1032,11:16:12,3.33,0.0,49,16317,卖盘
1033,11:16:15,3.33,0.0,37,12350,买盘
1034,11:16:18,3.33,0.0,19,6327,卖盘
1035,11:16:21,3.33,0.0,27,8949,买盘
1036,11:16:24,3.33,0.0,5,1665,卖盘
1037,11:16:28,3.34,0.01,42,14023,买盘
1038,11:16:30,3.31,-0.03,40,13280,卖盘
1039,11:16:34,3.31,0.0,36,11916,卖盘
1040,11:16:37,3.34,0.03,19,6341,买盘
1041,11:16:40,3.31,-0.03,64,21258,卖盘
1042,11:16:42,3.33,0.02,1,333,买盘
1043,11:16:45,3.33,0.0,5,1665,卖盘
1044,11:16:48,3.31,-0.02,35,11645,卖盘
1045,11:16:51,3.33,0.02,2,666,买盘
1046,11:16:54,3.33,0.0,5,1665,卖盘
1047,11:16:57,3.31,-0.02,71,23670,卖盘
1048,11:17:00,3.31,0.0,33,10923,卖盘
1049,11:17:06,3.34,0.03,37,12358,买盘
1050,11:17:12,3.34,0.0,39,13017,买盘
1051,11:17:21,3.33,-0.01,31,10323,买盘
1052,11:17:24,3.31,-0.02,10,3320,卖盘
1053,11:17:27,3.31,0.0,71,23608,卖盘
1054,11:17:37,3.34,0.03,37,12358,买盘
1055,11:17:40,3.31,-0.03,32,10592,卖盘
1056,11:17:45,3.34,0.03,36,12024,买盘
1057,11:17:52,3.32,-0.02,42,14016,中性盘
1058,11:17:57,3.34,0.02,51,16982,买盘
1059,11:18:03,3.31,-0.03,32,10592,卖盘
1060,11:18:06,3.33,0.02,46,15298,买盘
1061,11:18:09,3.31,-0.02,5,1655,卖盘
1062,11:18:16,3.33,0.02,49,16307,买盘
1063,11:18:18,3.31,-0.02,5,1655,卖盘
1064,11:18:21,3.33,0.02,37,12321,买盘
1065,11:18:27,3.33,0.0,37,12321,买盘
1066,11:18:31,3.31,-0.02,42,13902,卖盘
1067,11:18:36,3.33,0.02,36,11988,买盘
1068,11:18:39,3.32,-0.01,10,3320,卖盘
1069,11:18:42,3.33,0.01,56,18631,买盘
1070,11:18:51,3.33,0.0,37,12321,买盘
1071,11:18:57,3.33,0.0,36,11988,买盘
1072,11:19:00,3.31,-0.02,36,11916,卖盘
1073,11:19:06,3.33,0.02,36,11969,买盘
1074,11:19:12,3.33,0.0,37,12321,买盘
1075,11:19:21,3.33,0.0,37,12321,买盘
1076,11:19:27,3.33,0.0,36,11988,买盘
1077,11:19:30,3.32,-0.01,55,18312,中性盘
1078,11:19:33,3.32,0.0,1,332,卖盘
1079,11:19:37,3.34,0.02,36,12024,买盘
1080,11:19:39,3.31,-0.03,11,3646,卖盘
1081,11:19:42,3.34,0.03,42,14013,买盘
1082,11:19:48,3.31,-0.03,6,1986,卖盘
1083,11:19:51,3.32,0.01,28,9296,买盘
1084,11:19:58,3.34,0.02,36,12024,买盘
1085,11:20:00,3.31,-0.03,35,11594,卖盘
1086,11:20:06,3.34,0.03,36,12024,买盘
1087,11:20:10,3.31,-0.03,5,1655,卖盘
1088,11:20:13,3.34,0.03,37,12358,买盘
1089,11:20:19,3.31,-0.03,5,1655,卖盘
1090,11:20:22,3.34,0.03,36,12024,买盘
1091,11:20:24,3.31,-0.03,5,1655,卖盘
1092,11:20:31,3.34,0.03,36,12024,买盘
1093,11:20:34,3.31,-0.03,35,11585,卖盘
1094,11:20:37,3.31,0.0,27,9003,卖盘
1095,11:20:40,3.31,0.0,7,2317,卖盘
1096,11:20:43,3.33,0.02,37,12321,中性盘
1097,11:20:55,3.31,-0.02,25,8275,卖盘
1098,11:20:58,3.33,0.02,43,14305,买盘
1099,11:21:01,3.31,-0.02,32,10592,卖盘
1100,11:21:13,3.33,0.02,36,11988,买盘
1101,11:21:16,3.32,-0.01,50,16600,卖盘
1102,11:21:28,3.33,0.01,17,5661,买盘
1103,11:21:31,3.32,-0.01,34,11308,卖盘
1104,11:21:34,3.32,0.0,42,13944,卖盘
1105,11:21:37,3.32,0.0,96,31873,卖盘
1106,11:21:42,3.33,0.01,36,11988,买盘
1107,11:21:48,3.31,-0.02,1,331,卖盘
1108,11:21:55,3.32,0.01,7,2324,卖盘
1109,11:21:58,3.33,0.01,37,12321,买盘
1110,11:22:04,3.32,-0.01,36,11952,卖盘
1111,11:22:06,3.32,0.0,13,4316,卖盘
1112,11:22:10,3.32,0.0,7,2324,卖盘
1113,11:22:13,3.33,0.01,99,32957,买盘
1114,11:22:28,3.33,0.0,45,14977,买盘
1115,11:22:30,3.32,-0.01,33,10956,卖盘
1116,11:22:34,3.33,0.01,5,1665,买盘
1117,11:22:40,3.32,-0.01,7,2324,卖盘
1118,11:22:45,3.33,0.01,36,11988,买盘
1119,11:22:48,3.33,0.0,53,17649,买盘
1120,11:22:55,3.32,-0.01,63,20916,卖盘
1121,11:22:57,3.33,0.01,37,12321,买盘
1122,11:23:01,3.32,-0.01,42,13944,卖盘
1123,11:23:07,3.32,0.0,40,13280,卖盘
1124,11:23:16,3.32,0.0,44,14644,卖盘
1125,11:23:19,3.32,0.0,197,65404,卖盘
1126,11:23:27,3.33,0.01,37,12321,买盘
1127,11:23:31,3.32,-0.01,322,106904,卖盘
1128,11:23:33,3.31,-0.01,37,12247,卖盘
1129,11:23:39,3.31,0.0,377,124787,卖盘
1130,11:23:45,3.31,0.0,55,18259,卖盘
1131,11:23:54,3.31,0.0,377,124787,卖盘
1132,11:24:00,3.31,0.0,61,20227,卖盘
1133,11:24:04,3.32,0.01,19,6308,买盘
1134,11:24:15,3.31,-0.01,415,137451,卖盘
1135,11:24:27,3.33,0.02,36,11988,买盘
1136,11:24:33,3.31,-0.02,1,331,卖盘
1137,11:24:42,3.31,0.0,47,15557,卖盘
1138,11:24:46,3.33,0.02,42,13958,买盘
1139,11:24:57,3.33,0.0,36,11988,买盘
1140,11:25:04,3.31,-0.02,13,4303,卖盘
1141,11:25:12,3.33,0.02,37,12321,买盘
1142,11:25:27,3.33,0.0,36,11988,买盘
1143,11:25:42,3.33,0.0,37,12321,买盘
1144,11:26:00,3.33,0.0,36,11988,买盘
1145,11:26:03,3.33,0.0,5,1665,买盘
1146,11:26:09,3.33,0.0,52,17316,买盘
1147,11:26:15,3.33,0.0,36,11988,买盘
1148,11:26:28,3.33,0.0,37,12321,买盘
1149,11:26:42,3.32,-0.01,36,11952,买盘
1150,11:26:57,3.32,0.0,37,12284,买盘
1151,11:27:01,3.32,0.0,28,9296,买盘
1152,11:27:13,3.33,0.01,36,11988,买盘
1153,11:27:27,3.33,0.0,4,1332,买盘
1154,11:27:30,3.33,0.0,1,333,卖盘
1155,11:27:33,3.32,-0.01,66,21944,卖盘
1156,11:27:39,3.33,0.01,77,25636,买盘
1157,11:27:42,3.34,0.01,41,13689,买盘
1158,11:27:45,3.32,-0.02,22,7320,卖盘
1159,11:27:54,3.32,0.0,6,1992,卖盘
1160,11:27:57,3.34,0.02,37,12358,买盘
1161,11:28:03,3.32,-0.02,135,44885,卖盘
1162,11:28:12,3.32,0.0,15,4980,卖盘
1163,11:28:16,3.34,0.02,36,12024,买盘
1164,11:28:30,3.32,-0.02,42,13981,卖盘
1165,11:28:33,3.33,0.01,44,14652,买盘
1166,11:28:42,3.33,0.0,21,6993,买盘
1167,11:28:48,3.33,0.0,1,333,卖盘
1168,11:28:51,3.33,0.0,324,107892,卖盘
1169,11:28:57,3.33,0.0,1,333,卖盘
1170,11:29:00,3.32,-0.01,37,12353,卖盘
1171,11:29:15,3.33,0.01,37,12321,买盘
1172,11:29:18,3.32,-0.01,2,664,卖盘
1173,11:29:27,3.33,0.01,36,11988,买盘
1174,11:29:31,3.33,0.0,27,8991,买盘
1175,11:29:34,3.32,-0.01,30,9985,卖盘
1176,11:29:39,3.33,0.01,1,333,买盘
1177,11:29:42,3.33,0.0,24,7992,买盘
1178,11:29:45,3.33,0.0,13,4329,卖盘
1179,11:29:51,3.32,-0.01,16,5312,卖盘
1180,11:29:54,3.32,0.0,5,1660,卖盘
1181,11:29:57,3.34,0.02,36,12024,买盘
1182,13:00:04,3.33,-0.01,338,112696,中性盘
1183,13:00:06,3.32,-0.01,22,7304,卖盘
1184,13:00:15,3.33,0.01,37,12321,买盘
1185,13:00:21,3.32,-0.01,7,2324,卖盘
1186,13:00:30,3.33,0.01,36,11988,买盘
1187,13:00:42,3.32,-0.01,8,2656,卖盘
1188,13:00:45,3.33,0.01,35,11655,买盘
1189,13:00:48,3.33,0.0,2,666,卖盘
1190,13:00:54,3.32,-0.01,8,2656,卖盘
1191,13:00:57,3.33,0.01,3,999,买盘
1192,13:01:00,3.33,0.0,2,666,卖盘
1193,13:01:04,3.32,-0.01,32,10655,卖盘
1194,13:01:06,3.32,0.0,60,19920,卖盘
1195,13:01:09,3.32,0.0,37,12284,卖盘
1196,13:01:12,3.33,0.01,8,2664,买盘
1197,13:01:15,3.32,-0.01,55,18288,卖盘
1198,13:01:24,3.33,0.01,1,333,买盘
1199,13:01:30,3.33,0.0,2,666,买盘
1200,13:01:34,3.33,0.0,1,333,卖盘
1201,13:01:37,3.32,-0.01,35,11654,卖盘
1202,13:01:43,3.34,0.02,36,12024,买盘
1203,13:01:45,3.32,-0.02,2,664,卖盘
1204,13:01:48,3.32,0.0,7,2324,卖盘
1205,13:01:51,3.32,0.0,1,332,卖盘
1206,13:02:00,3.34,0.02,37,12358,买盘
1207,13:02:15,3.34,0.0,36,12024,买盘
1208,13:02:21,3.32,-0.02,1,332,卖盘
1209,13:02:30,3.34,0.02,37,12358,买盘
1210,13:02:39,3.34,0.0,15,5010,买盘
1211,13:02:42,3.34,0.0,36,12024,买盘
1212,13:02:48,3.32,-0.02,7,2324,卖盘
1213,13:02:57,3.34,0.02,37,12358,买盘
1214,13:03:00,3.32,-0.02,19,6308,卖盘
1215,13:03:12,3.34,0.02,36,12024,买盘
1216,13:03:21,3.34,0.0,52,17368,买盘
1217,13:03:28,3.32,-0.02,5,1660,卖盘
1218,13:03:30,3.34,0.02,37,12358,买盘
1219,13:03:39,3.31,-0.03,140,46465,卖盘
1220,13:03:45,3.34,0.03,36,12024,买盘
1221,13:03:51,3.34,0.0,211,70462,买盘
1222,13:03:54,3.34,0.0,743,248162,卖盘
1223,13:04:00,3.35,0.01,36,12060,买盘
1224,13:04:09,3.32,-0.03,4,1328,卖盘
1225,13:04:15,3.35,0.03,37,12395,买盘
1226,13:04:30,3.34,-0.01,36,12024,买盘
1227,13:04:45,3.34,0.0,37,12358,买盘
1228,13:04:57,3.34,0.0,39,13020,买盘
1229,13:05:12,3.32,-0.02,5,1660,卖盘
1230,13:05:15,3.33,0.01,9,2997,买盘
1231,13:05:21,3.33,0.0,5,1665,卖盘
1232,13:05:30,3.34,0.01,36,12024,买盘
1233,13:05:39,3.33,-0.01,5,1665,卖盘
1234,13:05:45,3.34,0.01,37,12358,买盘
1235,13:05:57,3.34,0.0,36,12024,买盘
1236,13:06:04,3.33,-0.01,5,1665,卖盘
1237,13:06:06,3.33,0.0,28,9324,卖盘
1238,13:06:15,3.32,-0.01,51,16968,卖盘
1239,13:06:19,3.33,0.01,1,333,买盘
1240,13:06:22,3.32,-0.01,2,664,卖盘
1241,13:06:28,3.32,0.0,136,45152,卖盘
1242,13:06:30,3.33,0.01,35,11655,买盘
1243,13:06:33,3.31,-0.02,307,101677,卖盘
1244,13:06:36,3.31,0.0,481,159211,卖盘
1245,13:06:42,3.32,0.01,6,1992,买盘
1246,13:06:45,3.32,0.0,37,12320,卖盘
1247,13:06:49,3.32,0.0,60,19920,卖盘
1248,13:06:52,3.32,0.0,38,12616,卖盘
1249,13:06:54,3.32,0.0,6,1992,卖盘
1250,13:07:00,3.33,0.01,17,5661,买盘
1251,13:07:04,3.33,0.0,20,6660,卖盘
1252,13:07:12,3.32,-0.01,16,5312,卖盘
1253,13:07:15,3.32,0.0,36,11952,买盘
1254,13:07:18,3.31,-0.01,2,662,卖盘
1255,13:07:30,3.32,0.01,37,12284,买盘
1256,13:07:39,3.32,0.0,1,332,买盘
1257,13:07:45,3.32,0.0,54,17926,买盘
1258,13:07:51,3.32,0.0,5,1660,买盘
1259,13:08:00,3.32,0.0,37,12284,买盘
1260,13:08:04,3.32,0.0,6,1992,买盘
1261,13:08:07,3.32,0.0,4,1328,卖盘
1262,13:08:15,3.33,0.01,9,2997,买盘
1263,13:08:18,3.33,0.0,4,1332,卖盘
1264,13:08:21,3.32,-0.01,24,7991,卖盘
1265,13:08:30,3.34,0.02,37,12358,买盘
1266,13:08:45,3.33,-0.01,18,5994,买盘
1267,13:08:48,3.33,0.0,4,1332,卖盘
1268,13:08:51,3.33,0.0,4,1332,卖盘
1269,13:08:54,3.32,-0.01,16,5322,卖盘
1270,13:09:00,3.33,0.01,18,5994,买盘
1271,13:09:03,3.33,0.0,18,5994,卖盘
1272,13:09:15,3.34,0.01,37,12358,买盘
1273,13:09:18,3.32,-0.02,4,1328,卖盘
1274,13:09:30,3.34,0.02,38,12692,买盘
1275,13:09:46,3.33,-0.01,29,9657,买盘
1276,13:09:48,3.32,-0.01,17,5652,卖盘
1277,13:10:00,3.34,0.02,36,12024,买盘
1278,13:10:04,3.32,-0.02,30,9960,卖盘
1279,13:10:15,3.32,0.0,45,15014,卖盘
1280,13:10:30,3.32,0.0,5,1660,卖盘
1281,13:10:33,3.34,0.02,36,12024,买盘
1282,13:10:39,3.34,0.0,43,14362,买盘
1283,13:10:45,3.32,-0.02,5,1660,卖盘
1284,13:10:48,3.34,0.02,37,12358,买盘
1285,13:10:51,3.32,-0.02,7,2324,卖盘
1286,13:10:54,3.32,0.0,5,1660,卖盘
1287,13:11:00,3.34,0.02,36,12024,买盘
1288,13:11:10,3.32,-0.02,10,3320,卖盘
1289,13:11:15,3.32,0.0,7,2324,卖盘
1290,13:11:18,3.34,0.02,23,7663,买盘
1291,13:11:21,3.33,-0.01,1,333,买盘
1292,13:11:37,3.32,-0.01,24,7968,卖盘
1293,13:11:39,3.33,0.01,4,1332,买盘
1294,13:12:04,3.32,-0.01,1,332,卖盘
1295,13:12:06,3.33,0.01,14,4657,买盘
1296,13:12:15,3.32,-0.01,81,26892,卖盘
1297,13:12:24,3.32,0.0,33,10956,卖盘
1298,13:12:27,3.34,0.02,46,15330,买盘
1299,13:12:30,3.33,-0.01,1,333,卖盘
1300,13:12:33,3.32,-0.01,45,14956,卖盘
1301,13:12:36,3.32,0.0,24,7968,卖盘
1302,13:13:04,3.32,0.0,1,332,卖盘
1303,13:13:12,3.32,0.0,11,3652,卖盘
1304,13:13:36,3.32,0.0,24,7968,卖盘
1305,13:13:42,3.32,0.0,5,1660,卖盘
1306,13:13:57,3.32,0.0,3,996,卖盘
1307,13:14:16,3.32,0.0,4,1328,卖盘
1308,13:14:33,3.32,0.0,138,45816,卖盘
1309,13:14:39,3.32,0.0,24,7968,卖盘
1310,13:14:52,3.33,0.01,12,3996,买盘
1311,13:14:55,3.33,0.0,24,7992,卖盘
1312,13:14:58,3.32,-0.01,37,12284,卖盘
1313,13:15:04,3.32,0.0,1,332,卖盘
1314,13:15:07,3.31,-0.01,5,1657,卖盘
1315,13:15:09,3.31,0.0,74,24597,卖盘
1316,13:15:15,3.32,0.01,3,996,买盘
1317,13:15:22,3.32,0.0,47,15640,卖盘
1318,13:15:33,3.33,0.01,37,12321,买盘
1319,13:15:36,3.32,-0.01,24,7968,卖盘
1320,13:15:39,3.32,0.0,1,332,卖盘
1321,13:15:51,3.33,0.01,36,11988,买盘
1322,13:15:54,3.33,0.0,3,999,买盘
1323,13:16:06,3.34,0.01,37,12358,买盘
1324,13:16:13,3.32,-0.02,1,332,卖盘
1325,13:16:21,3.34,0.02,36,12024,买盘
1326,13:16:36,3.33,-0.01,37,12321,买盘
1327,13:16:39,3.32,-0.01,24,7968,卖盘
1328,13:16:42,3.32,0.0,2,664,卖盘
1329,13:16:46,3.33,0.01,156,51948,买盘
1330,13:16:54,3.33,0.0,36,11988,买盘
1331,13:17:06,3.33,0.0,36,11988,买盘
1332,13:17:09,3.32,-0.01,1,332,卖盘
1333,13:17:12,3.33,0.01,31,10322,买盘
1334,13:17:21,3.33,0.0,37,12321,买盘
1335,13:17:40,3.33,0.0,60,19956,买盘
1336,13:17:42,3.32,-0.01,4,1328,卖盘
1337,13:17:51,3.33,0.01,37,12321,买盘
1338,13:18:00,3.32,-0.01,5,1660,卖盘
1339,13:18:06,3.32,0.0,10,3320,卖盘
1340,13:18:10,3.33,0.01,36,11988,买盘
1341,13:18:12,3.32,-0.01,123,40836,卖盘
1342,13:18:15,3.32,0.0,22,7304,买盘
1343,13:18:22,3.32,0.0,55,18260,买盘
1344,13:18:36,3.32,0.0,60,19956,卖盘
1345,13:18:42,3.32,0.0,1,332,卖盘
1346,13:18:51,3.32,0.0,76,25268,卖盘
1347,13:19:03,3.32,0.0,175,58100,卖盘
1348,13:19:06,3.32,0.0,37,12284,买盘
1349,13:19:09,3.31,-0.01,38,12615,卖盘
1350,13:19:12,3.31,0.0,2,662,卖盘
1351,13:19:21,3.32,0.01,36,11952,买盘
1352,13:19:24,3.31,-0.01,248,82088,卖盘
1353,13:19:37,3.32,0.01,37,12284,买盘
1354,13:19:39,3.31,-0.01,34,11254,卖盘
1355,13:19:45,3.32,0.01,10,3320,买盘
1356,13:19:52,3.32,0.0,36,11952,买盘
1357,13:20:04,3.32,0.0,52,17264,买盘
1358,13:20:06,3.32,0.0,37,12284,买盘
1359,13:20:09,3.32,0.0,8,2656,买盘
1360,13:20:18,3.32,0.0,1,332,卖盘
1361,13:20:22,3.33,0.01,36,11988,买盘
1362,13:20:39,3.33,0.0,61,20265,买盘
1363,13:20:42,3.31,-0.02,1,331,卖盘
1364,13:20:51,3.33,0.02,36,11988,买盘
1365,13:21:04,3.33,0.0,100,33300,买盘
1366,13:21:06,3.33,0.0,36,11988,买盘
1367,13:21:12,3.31,-0.02,1,331,卖盘
1368,13:21:18,3.31,0.0,1,331,卖盘
1369,13:21:22,3.33,0.02,37,12321,买盘
1370,13:21:36,3.33,0.0,36,11988,买盘
1371,13:21:39,3.33,0.0,30,9942,买盘
1372,13:21:45,3.33,0.0,2,665,买盘
1373,13:21:51,3.33,0.0,37,12321,买盘
1374,13:21:54,3.32,-0.01,12,3984,卖盘
1375,13:21:57,3.32,0.0,18,5976,买盘
1376,13:22:04,3.31,-0.01,4,1324,卖盘
1377,13:22:06,3.32,0.01,40,13280,买盘
1378,13:22:09,3.32,0.0,4,1328,买盘
1379,13:22:21,3.32,0.0,30,9960,买盘
1380,13:22:40,3.32,0.0,60,19956,卖盘
1381,13:22:42,3.32,0.0,19,6308,卖盘
1382,13:22:45,3.32,0.0,15,4980,卖盘
1383,13:22:48,3.32,0.0,2,664,买盘
1384,13:23:06,3.33,0.01,36,11988,买盘
1385,13:23:18,3.32,-0.01,1,332,卖盘
1386,13:23:21,3.33,0.01,36,11988,买盘
1387,13:23:33,3.32,-0.01,5,1660,卖盘
1388,13:23:39,3.33,0.01,51,16959,买盘
1389,13:23:42,3.32,-0.01,2,664,中性盘
1390,13:23:55,3.33,0.01,36,11988,买盘
1391,13:24:06,3.33,0.0,37,12321,买盘
1392,13:24:22,3.33,0.0,36,11988,买盘
1393,13:24:36,3.33,0.0,37,12321,买盘
1394,13:24:40,3.32,-0.01,24,7968,卖盘
1395,13:24:49,3.32,0.0,5,1660,卖盘
1396,13:24:54,3.33,0.01,43,14319,买盘
1397,13:25:09,3.33,0.0,36,11988,买盘
1398,13:25:18,3.32,-0.01,1,332,卖盘
1399,13:25:21,3.33,0.01,46,15309,买盘
1400,13:25:37,3.33,0.0,36,11988,买盘
1401,13:25:39,3.32,-0.01,24,7968,卖盘
1402,13:25:42,3.33,0.01,32,10656,买盘
1403,13:25:51,3.33,0.0,37,12321,买盘
1404,13:25:57,3.32,-0.01,5,1660,卖盘
1405,13:26:06,3.33,0.01,36,11988,买盘
1406,13:26:15,3.32,-0.01,3,996,卖盘
1407,13:26:19,3.32,0.0,59,19588,卖盘
1408,13:26:24,3.32,0.0,41,13649,卖盘
1409,13:26:33,3.33,0.01,227,75591,买盘
1410,13:26:36,3.33,0.0,36,11988,买盘
1411,13:26:39,3.32,-0.01,24,7968,卖盘
1412,13:26:51,3.33,0.01,37,12321,买盘
1413,13:27:06,3.33,0.0,36,11988,买盘
1414,13:27:18,3.32,-0.01,1,332,卖盘
1415,13:27:22,3.33,0.01,36,11988,买盘
1416,13:27:30,3.33,0.0,94,31302,买盘
1417,13:27:36,3.33,0.0,37,12321,买盘
1418,13:27:39,3.32,-0.01,24,7968,卖盘
1419,13:27:46,3.32,0.0,5,1660,卖盘
1420,13:27:54,3.33,0.01,36,11988,买盘
1421,13:28:04,3.32,-0.01,5,1660,卖盘
1422,13:28:09,3.32,0.0,38,12653,卖盘
1423,13:28:15,3.32,0.0,5,1660,卖盘
1424,13:28:18,3.32,0.0,2,664,卖盘
1425,13:28:25,3.33,0.01,36,11988,买盘
1426,13:28:36,3.33,0.0,37,12321,买盘
1427,13:28:39,3.32,-0.01,24,7968,卖盘
1428,13:28:51,3.33,0.01,36,11988,买盘
1429,13:29:06,3.33,0.0,67,22281,买盘
1430,13:29:13,3.32,-0.01,5,1660,卖盘
1431,13:29:16,3.32,0.0,3,996,卖盘
1432,13:29:18,3.33,0.01,235,78255,买盘
1433,13:29:22,3.33,0.0,55,18296,买盘
1434,13:29:24,3.32,-0.01,1,332,卖盘
1435,13:29:36,3.33,0.01,36,11988,买盘
1436,13:29:40,3.32,-0.01,24,7968,卖盘
1437,13:29:43,3.32,0.0,2,664,卖盘
1438,13:29:51,3.33,0.01,37,12321,买盘
1439,13:30:03,3.32,-0.01,100,33200,卖盘
1440,13:30:06,3.33,0.01,36,11988,买盘
1441,13:30:09,3.32,-0.01,5,1660,卖盘
1442,13:30:12,3.33,0.01,13,4329,买盘
1443,13:30:15,3.33,0.0,1,333,买盘
1444,13:30:24,3.32,-0.01,42,13981,卖盘
1445,13:30:27,3.32,0.0,5,1660,卖盘
1446,13:30:39,3.33,0.01,69,22944,买盘
1447,13:30:42,3.33,0.0,26,8658,买盘
1448,13:30:45,3.32,-0.01,78,25896,卖盘
1449,13:30:54,3.33,0.01,37,12321,买盘
1450,13:31:06,3.32,-0.01,24,7968,卖盘
1451,13:31:10,3.33,0.01,86,28638,买盘
1452,13:31:24,3.33,0.0,36,11988,买盘
1453,13:31:34,3.32,-0.01,15,4990,卖盘
1454,13:31:37,3.32,0.0,2,913,卖盘
1455,13:31:39,3.33,0.01,61,20289,买盘
1456,13:31:42,3.32,-0.01,3,996,卖盘
1457,13:31:51,3.33,0.01,36,11988,买盘
1458,13:32:01,3.32,-0.01,10,3320,卖盘
1459,13:32:07,3.33,0.01,37,12321,买盘
1460,13:32:21,3.33,0.0,7,2331,买盘
1461,13:32:24,3.33,0.0,9,2997,卖盘
1462,13:32:33,3.33,0.0,6,1998,卖盘
1463,13:32:37,3.34,0.01,37,12358,买盘
1464,13:32:39,3.33,-0.01,14,4662,卖盘
1465,13:32:52,3.33,0.0,10,3330,买盘
1466,13:32:55,3.33,0.0,9,2997,卖盘
1467,13:33:04,3.33,0.0,2,666,卖盘
1468,13:33:06,3.34,0.01,43,14356,买盘
1469,13:33:09,3.34,0.0,1,334,买盘
1470,13:33:24,3.33,-0.01,45,15021,卖盘
1471,13:33:36,3.33,0.0,6,1998,卖盘
1472,13:33:39,3.34,0.01,65,21681,买盘
1473,13:33:54,3.34,0.0,37,12358,买盘
1474,13:33:57,3.33,-0.01,46,15318,卖盘
1475,13:34:06,3.33,0.0,34,11322,买盘
1476,13:34:09,3.33,0.0,35,11655,买盘
1477,13:34:12,3.32,-0.01,25,8314,卖盘
1478,13:34:21,3.34,0.02,37,12358,买盘
1479,13:34:39,3.34,0.0,60,19992,买盘
1480,13:34:51,3.34,0.0,37,12358,买盘
1481,13:35:09,3.33,-0.01,12,3996,买盘
1482,13:35:13,3.33,0.0,9,2997,卖盘
1483,13:35:24,3.34,0.01,37,12358,买盘
1484,13:35:36,3.34,0.0,58,19350,买盘
1485,13:35:39,3.33,-0.01,24,7992,卖盘
1486,13:35:42,3.33,0.0,5,1665,卖盘
1487,13:35:54,3.34,0.01,36,12024,买盘
1488,13:36:06,3.33,-0.01,6,1998,卖盘
1489,13:36:09,3.34,0.01,42,14023,买盘
1490,13:36:13,3.33,-0.01,9,2997,卖盘
1491,13:36:24,3.34,0.01,36,12024,买盘
1492,13:36:39,3.32,-0.02,61,20326,卖盘
1493,13:36:48,3.32,0.0,15,5000,卖盘
1494,13:36:54,3.34,0.02,36,12024,买盘
1495,13:36:57,3.32,-0.02,7,2324,卖盘
1496,13:37:04,3.32,0.0,14,4648,卖盘
1497,13:37:09,3.32,0.0,57,18998,卖盘
1498,13:37:15,3.32,0.0,26,8655,卖盘
1499,13:37:24,3.34,0.02,36,12023,买盘
1500,13:37:33,3.33,-0.01,4,1332,买盘
1501,13:37:36,3.34,0.01,36,12024,买盘
1502,13:37:39,3.32,-0.02,24,7968,卖盘
1503,13:37:45,3.33,0.01,6,1998,卖盘
1504,13:37:48,3.33,0.0,4,1332,卖盘
1505,13:37:55,3.34,0.01,37,12358,买盘
1506,13:38:09,3.33,-0.01,4,1332,买盘
1507,13:38:15,3.33,0.0,6,1998,卖盘
1508,13:38:18,3.33,0.0,9,2997,卖盘
1509,13:38:24,3.34,0.01,37,12358,买盘
1510,13:38:39,3.34,0.0,42,14004,买盘
1511,13:38:54,3.34,0.0,37,12358,买盘
1512,13:39:09,3.34,0.0,36,12024,买盘
1513,13:39:24,3.34,0.0,37,12358,买盘
1514,13:39:36,3.34,0.0,36,12024,买盘
1515,13:39:39,3.32,-0.02,25,8300,卖盘
1516,13:39:42,3.32,0.0,100,33200,卖盘
1517,13:39:54,3.34,0.02,36,12024,买盘
1518,13:40:09,3.34,0.0,37,12358,买盘
1519,13:40:21,3.34,0.0,36,12024,买盘
1520,13:40:37,3.34,0.0,6,2004,买盘
1521,13:40:39,3.33,-0.01,24,7992,卖盘
1522,13:41:09,3.34,0.01,105,35070,买盘
1523,13:41:21,3.33,-0.01,5,1665,卖盘
1524,13:41:28,3.33,0.0,4,1332,卖盘
1525,13:41:39,3.33,0.0,24,7992,卖盘
1526,13:41:51,3.33,0.0,1,333,卖盘
1527,13:42:39,3.33,0.0,24,7992,卖盘
1528,13:42:45,3.33,0.0,17,5671,卖盘
1529,13:43:06,3.33,0.0,13,4329,卖盘
1530,13:43:39,3.33,0.0,35,11666,卖盘
1531,13:43:42,3.34,0.01,14,4676,买盘
1532,13:43:45,3.33,-0.01,57,18981,卖盘
1533,13:43:48,3.33,0.0,1,333,卖盘
1534,13:44:06,3.33,0.0,3,999,卖盘
1535,13:44:24,3.33,0.0,7,2331,卖盘
1536,13:44:39,3.33,0.0,26,8658,卖盘
1537,13:44:45,3.33,0.0,1,333,卖盘
1538,13:44:48,3.33,0.0,41,13653,卖盘
1539,13:44:51,3.33,0.0,8,2664,卖盘
1540,13:45:03,3.33,0.0,7,2331,卖盘
1541,13:45:06,3.33,0.0,76,25308,卖盘
1542,13:45:10,3.33,0.0,42,13986,卖盘
1543,13:45:18,3.33,0.0,1,333,卖盘
1544,13:45:27,3.33,0.0,6,1998,卖盘
1545,13:45:42,3.33,0.0,20,6660,卖盘
1546,13:45:51,3.33,0.0,1,333,卖盘
1547,13:45:57,3.34,0.01,5,1670,买盘
1548,13:46:00,3.33,-0.01,205,68265,卖盘
1549,13:46:06,3.33,0.0,2,666,买盘
1550,13:46:09,3.32,-0.01,6,1995,卖盘
1551,13:46:12,3.33,0.01,33,10989,买盘
1552,13:46:18,3.33,0.0,4,1332,买盘
1553,13:46:30,3.32,-0.01,11,3652,卖盘
1554,13:46:33,3.32,0.0,5,1660,卖盘
1555,13:46:36,3.32,0.0,9,2988,卖盘
1556,13:46:43,3.32,0.0,60,19920,卖盘
1557,13:46:51,3.32,0.0,2,664,卖盘
1558,13:47:07,3.32,0.0,9,2988,卖盘
1559,13:47:09,3.32,0.0,1,332,卖盘
1560,13:47:48,3.32,0.0,3,996,卖盘
1561,13:47:51,3.32,0.0,7,2324,卖盘
1562,13:48:03,3.32,0.0,34,11288,卖盘
1563,13:48:10,3.32,0.0,2,664,卖盘
1564,13:48:13,3.32,0.0,28,9296,卖盘
1565,13:48:18,3.32,0.0,100,33200,卖盘
1566,13:48:39,3.32,0.0,12,3984,卖盘
1567,13:48:51,3.32,0.0,20,6640,卖盘
1568,13:49:00,3.32,0.0,6,1992,卖盘
1569,13:49:09,3.32,0.0,13,4316,卖盘
1570,13:49:21,3.32,0.0,11,3652,卖盘
1571,13:49:33,3.32,0.0,34,11288,卖盘
1572,13:49:49,3.32,0.0,57,18924,买盘
1573,13:49:52,3.32,0.0,8,2656,买盘
1574,13:49:58,3.32,0.0,2,664,卖盘
1575,13:50:04,3.32,0.0,1,332,卖盘
1576,13:50:06,3.32,0.0,4,1328,买盘
1577,13:50:12,3.32,0.0,4,1328,卖盘
1578,13:50:15,3.31,-0.01,32,10600,卖盘
1579,13:50:45,3.31,0.0,1,331,卖盘
1580,13:50:57,3.31,0.0,108,35748,卖盘
1581,13:51:09,3.31,0.0,1,331,卖盘
1582,13:51:24,3.32,0.01,1,332,买盘
1583,13:51:31,3.32,0.0,3,996,买盘
1584,13:51:34,3.31,-0.01,7,2317,卖盘
1585,13:51:45,3.31,0.0,1,331,卖盘
1586,13:51:48,3.32,0.01,2,664,买盘
1587,13:52:04,3.31,-0.01,9,2979,卖盘
1588,13:52:10,3.31,0.0,1,331,卖盘
1589,13:52:18,3.31,0.0,6,1986,卖盘
1590,13:52:33,3.32,0.01,10,3320,买盘
1591,13:52:36,3.32,0.0,50,16600,买盘
1592,13:52:39,3.31,-0.01,1,331,卖盘
1593,13:53:04,3.32,0.01,74,24568,买盘
1594,13:53:12,3.32,0.0,1,332,卖盘
1595,13:53:15,3.32,0.0,20,6640,卖盘
1596,13:53:27,3.32,0.0,2,664,卖盘
1597,13:54:03,3.32,0.0,1,332,卖盘
1598,13:54:36,3.32,0.0,263,87316,卖盘
1599,13:54:48,3.32,0.0,178,59096,卖盘
1600,13:55:30,3.32,0.0,4,1328,卖盘
1601,13:55:40,3.32,0.0,17,5644,卖盘
1602,13:56:06,3.32,0.0,1,332,卖盘
1603,13:56:09,3.32,0.0,2,664,卖盘
1604,13:56:22,3.32,0.0,5,1660,卖盘
1605,13:56:28,3.32,0.0,5,1660,卖盘
1606,13:56:48,3.32,0.0,2,664,卖盘
1607,13:57:00,3.32,0.0,5,1660,卖盘
1608,13:57:06,3.32,0.0,11,3652,卖盘
1609,13:57:09,3.32,0.0,1,332,卖盘
1610,13:57:12,3.32,0.0,414,137448,卖盘
1611,13:57:25,3.32,0.0,82,27224,卖盘
1612,13:57:30,3.32,0.0,50,16600,卖盘
1613,13:57:33,3.32,0.0,11,3652,卖盘
1614,13:57:42,3.32,0.0,48,15936,卖盘
1615,13:58:10,3.31,-0.01,2,662,卖盘
1616,13:58:25,3.31,0.0,1,331,卖盘
1617,13:58:33,3.31,0.0,2,662,卖盘
1618,13:58:42,3.31,0.0,1,331,卖盘
1619,13:58:45,3.31,0.0,9,2979,卖盘
1620,13:59:03,3.31,0.0,10,3310,卖盘
1621,13:59:09,3.31,0.0,2,662,卖盘
1622,13:59:18,3.31,0.0,32,10592,卖盘
1623,13:59:39,3.31,0.0,3,993,卖盘
1624,13:59:42,3.31,0.0,1,331,卖盘
1625,13:59:48,3.31,0.0,1,331,卖盘
1626,13:59:51,3.31,0.0,9,2979,卖盘
1627,14:00:00,3.31,0.0,2,662,卖盘
1628,14:00:09,3.31,0.0,6,1986,卖盘
1629,14:00:12,3.32,0.01,10,3320,买盘
1630,14:00:15,3.32,0.0,8,2649,买盘
1631,14:00:21,3.31,-0.01,1,331,卖盘
1632,14:00:27,3.31,0.0,17,5627,卖盘
1633,14:00:30,3.31,0.0,8,2648,卖盘
1634,14:00:33,3.31,0.0,7,2317,卖盘
1635,14:00:39,3.32,0.01,7,2324,买盘
1636,14:00:54,3.31,-0.01,213,70508,卖盘
1637,14:01:09,3.31,0.0,1,331,卖盘
1638,14:01:15,3.31,0.0,500,165500,卖盘
1639,14:01:18,3.31,0.0,60,19860,卖盘
1640,14:01:24,3.31,0.0,108,35748,卖盘
1641,14:01:27,3.32,0.01,3,996,买盘
1642,14:01:31,3.32,0.0,25,8300,买盘
1643,14:01:33,3.31,-0.01,5,1655,卖盘
1644,14:01:42,3.31,0.0,48,15926,卖盘
1645,14:01:45,3.32,0.01,9,2988,买盘
1646,14:01:52,3.32,0.0,41,13612,买盘
1647,14:01:54,3.32,0.0,14,4648,买盘
1648,14:02:04,3.32,0.0,483,160356,买盘
1649,14:02:07,3.32,0.0,4,1328,卖盘
1650,14:02:37,3.32,0.0,8,2660,卖盘
1651,14:02:40,3.32,0.0,40,13280,卖盘
1652,14:02:45,3.32,0.0,100,33200,卖盘
1653,14:02:51,3.32,0.0,15,4980,卖盘
1654,14:02:54,3.33,0.01,7,2331,买盘
1655,14:03:00,3.33,0.0,7,2331,买盘
1656,14:03:06,3.32,-0.01,2,664,卖盘
1657,14:03:10,3.33,0.01,7,2329,买盘
1658,14:03:34,3.33,0.0,3,999,买盘
1659,14:04:00,3.33,0.0,20,6660,买盘
1660,14:04:04,3.33,0.0,10,3330,买盘
1661,14:04:07,3.32,-0.01,14,4648,卖盘
1662,14:04:18,3.32,0.0,9,2988,卖盘
1663,14:04:21,3.32,0.0,2,664,卖盘
1664,14:04:24,3.33,0.01,468,155844,买盘
1665,14:05:06,3.32,-0.01,5,1660,卖盘
1666,14:05:12,3.33,0.01,405,134865,买盘
1667,14:05:16,3.33,0.0,4,1332,卖盘
1668,14:05:21,3.33,0.0,20,6660,卖盘
1669,14:05:33,3.32,-0.01,25,8300,卖盘
1670,14:05:48,3.33,0.01,67,22311,买盘
1671,14:05:51,3.33,0.0,1,333,卖盘
1672,14:05:54,3.33,0.0,4,1332,卖盘
1673,14:05:57,3.33,0.0,2,666,卖盘
1674,14:06:00,3.33,0.0,41,13653,卖盘
1675,14:06:09,3.33,0.0,2,666,卖盘
1676,14:06:12,3.33,0.0,1,333,卖盘
1677,14:06:15,3.33,0.0,2,666,卖盘
1678,14:06:18,3.33,0.0,2,666,卖盘
1679,14:06:36,3.34,0.01,5,1670,买盘
1680,14:06:48,3.33,-0.01,4,1332,卖盘
1681,14:07:00,3.33,0.0,300,99900,卖盘
1682,14:07:03,3.33,0.0,6,1998,卖盘
1683,14:07:06,3.33,0.0,1,333,买盘
1684,14:07:18,3.33,0.0,16,5320,卖盘
1685,14:07:39,3.34,0.01,24,8016,买盘
1686,14:07:48,3.33,-0.01,4,1332,卖盘
1687,14:08:09,3.33,0.0,2,667,卖盘
1688,14:08:19,3.33,0.0,4,1332,卖盘
1689,14:08:24,3.33,0.0,18,5994,卖盘
1690,14:08:42,3.33,0.0,407,135531,卖盘
1691,14:08:51,3.32,-0.01,73,24236,卖盘
1692,14:08:57,3.33,0.01,11,3663,买盘
1693,14:09:18,3.32,-0.01,7,2324,卖盘
1694,14:10:09,3.32,0.0,4,1328,卖盘
1695,14:10:15,3.32,0.0,2,664,卖盘
1696,14:10:21,3.32,0.0,6,1992,卖盘
1697,14:11:09,3.32,0.0,2,664,卖盘
1698,14:11:18,3.32,0.0,6,1992,卖盘
1699,14:11:21,3.32,0.0,5,1660,卖盘
1700,14:11:24,3.32,0.0,35,11620,卖盘
1701,14:11:27,3.32,0.0,4,1328,卖盘
1702,14:11:40,3.32,0.0,2,664,卖盘
1703,14:11:42,3.33,0.01,11,3663,买盘
1704,14:11:54,3.33,0.0,5,1665,买盘
1705,14:11:57,3.33,0.0,10,3330,买盘
1706,14:12:00,3.33,0.0,18,5994,买盘
1707,14:12:04,3.32,-0.01,77,25564,卖盘
1708,14:12:10,3.32,0.0,40,13280,卖盘
1709,14:12:12,3.32,0.0,7,2324,卖盘
1710,14:12:27,3.32,0.0,32,10624,卖盘
1711,14:12:36,3.32,0.0,24,7968,卖盘
1712,14:12:42,3.32,0.0,5,1660,卖盘
1713,14:12:51,3.33,0.01,2,666,买盘
1714,14:13:03,3.32,-0.01,24,7968,卖盘
1715,14:13:18,3.32,0.0,7,2324,卖盘
1716,14:13:51,3.32,0.0,39,12948,卖盘
1717,14:14:04,3.32,0.0,1,332,卖盘
1718,14:14:09,3.32,0.0,1,332,卖盘
1719,14:14:12,3.32,0.0,10,3320,卖盘
1720,14:14:15,3.32,0.0,31,10292,卖盘
1721,14:14:18,3.32,0.0,6,1992,卖盘
1722,14:14:21,3.32,0.0,57,18924,卖盘
1723,14:14:24,3.32,0.0,18,5976,卖盘
1724,14:14:27,3.33,0.01,3,999,买盘
1725,14:14:30,3.33,0.0,15,4995,买盘
1726,14:14:39,3.32,-0.01,1,332,卖盘
1727,14:14:48,3.32,0.0,8,2656,卖盘
1728,14:15:09,3.32,0.0,1,332,卖盘
1729,14:15:12,3.32,0.0,7,2324,卖盘
1730,14:15:15,3.32,0.0,2,664,卖盘
1731,14:15:21,3.32,0.0,3,996,卖盘
1732,14:15:24,3.32,0.0,2,664,卖盘
1733,14:15:43,3.32,0.0,49,16268,卖盘
1734,14:15:54,3.33,0.01,185,61605,买盘
1735,14:15:57,3.32,-0.01,165,54780,卖盘
1736,14:16:00,3.33,0.01,7,2331,买盘
1737,14:16:27,3.33,0.0,7,2331,买盘
1738,14:16:34,3.32,-0.01,5,1660,卖盘
1739,14:16:42,3.32,0.0,3,996,卖盘
1740,14:17:16,3.33,0.01,7,2331,买盘
1741,14:17:42,3.33,0.0,13,4321,买盘
1742,14:18:12,3.33,0.0,43,14319,买盘
1743,14:18:18,3.32,-0.01,273,90636,卖盘
1744,14:18:21,3.32,0.0,18,5976,买盘
1745,14:18:24,3.32,0.0,29,9628,买盘
1746,14:18:39,3.32,0.0,14,4648,买盘
1747,14:18:45,3.33,0.01,41,13653,买盘
1748,14:19:18,3.32,-0.01,100,33207,卖盘
1749,14:19:24,3.32,0.0,9,2988,买盘
1750,14:19:27,3.32,0.0,3,996,买盘
1751,14:19:30,3.31,-0.01,16,5296,卖盘
1752,14:19:33,3.31,0.0,24,7944,卖盘
1753,14:19:43,3.32,0.01,1083,359556,买盘
1754,14:19:45,3.32,0.0,162,53784,买盘
1755,14:19:48,3.32,0.0,5,1660,买盘
1756,14:19:54,3.32,0.0,3,996,买盘
1757,14:19:57,3.32,0.0,7,2324,买盘
1758,14:20:09,3.33,0.01,3,999,买盘
1759,14:20:18,3.33,0.0,4,1332,买盘
1760,14:20:21,3.33,0.0,10,3330,买盘
1761,14:20:27,3.33,0.0,10,3330,买盘
1762,14:20:43,3.32,-0.01,13,4319,卖盘
1763,14:20:54,3.34,0.02,61,20316,买盘
1764,14:20:57,3.32,-0.02,155,51562,卖盘
1765,14:21:01,3.33,0.01,93,30969,买盘
1766,14:21:04,3.33,0.0,133,44289,卖盘
1767,14:21:10,3.33,0.0,7,2331,卖盘
1768,14:21:15,3.33,0.0,5,1665,买盘
1769,14:21:36,3.33,0.0,103,34299,卖盘
1770,14:21:42,3.32,-0.01,220,73040,卖盘
1771,14:21:48,3.33,0.01,36,11988,买盘
1772,14:21:51,3.32,-0.01,1,332,卖盘
1773,14:22:00,3.33,0.01,37,12321,买盘
1774,14:22:04,3.32,-0.01,8,2656,卖盘
1775,14:22:09,3.32,0.0,106,35192,卖盘
1776,14:22:12,3.33,0.01,132,43829,买盘
1777,14:22:16,3.33,0.0,36,11988,买盘
1778,14:22:18,3.32,-0.01,6,1992,卖盘
1779,14:22:30,3.33,0.01,33,10989,买盘
1780,14:22:33,3.33,0.0,5,1665,买盘
1781,14:22:36,3.33,0.0,32,10656,卖盘
1782,14:22:39,3.31,-0.02,1403,464590,卖盘
1783,14:22:42,3.31,0.0,19,6289,买盘
1784,14:22:45,3.31,0.0,36,11916,买盘
1785,14:22:51,3.31,0.0,448,148288,买盘
1786,14:22:54,3.31,0.0,79,26149,买盘
1787,14:22:57,3.31,0.0,40,13240,买盘
1788,14:23:00,3.31,0.0,552,182712,买盘
1789,14:23:03,3.31,0.0,6,1986,买盘
1790,14:23:06,3.31,0.0,138,45678,买盘
1791,14:23:09,3.33,0.02,3,999,中性盘
1792,14:23:15,3.33,0.0,13,4329,买盘
1793,14:23:18,3.33,0.0,23,7659,卖盘
1794,14:23:27,3.33,0.0,5,1665,买盘
1795,14:23:31,3.33,0.0,37,12321,买盘
1796,14:23:46,3.33,0.0,40,13320,买盘
1797,14:23:49,3.33,0.0,184,61272,买盘
1798,14:23:51,3.32,-0.01,100,33206,卖盘
1799,14:23:55,3.33,0.01,7,2331,买盘
1800,14:24:00,3.33,0.0,11,3663,买盘
1801,14:24:04,3.34,0.01,31,10328,买盘
1802,14:24:09,3.33,-0.01,12,3996,卖盘
1803,14:24:15,3.33,0.0,36,11988,买盘
1804,14:24:25,3.33,0.0,20,6660,买盘
1805,14:24:28,3.33,0.0,5,1665,买盘
1806,14:24:34,3.33,0.0,36,11988,买盘
1807,14:24:36,3.33,0.0,53,17649,买盘
1808,14:24:45,3.33,0.0,37,12321,买盘
1809,14:24:48,3.33,0.0,12,3996,买盘
1810,14:24:52,3.33,0.0,8,2664,买盘
1811,14:25:01,3.33,0.0,54,17982,买盘
1812,14:25:04,3.33,0.0,16,5328,买盘
1813,14:25:07,3.34,0.01,253,84450,买盘
1814,14:25:10,3.34,0.0,5,1670,买盘
1815,14:25:12,3.34,0.0,8,2672,买盘
1816,14:25:16,3.34,0.0,37,12358,买盘
1817,14:25:28,3.33,-0.01,5,1665,卖盘
1818,14:25:31,3.33,0.0,3,999,卖盘
1819,14:25:34,3.34,0.01,36,12024,买盘
1820,14:25:46,3.33,-0.01,38,12691,卖盘
1821,14:25:49,3.33,0.0,11,3663,卖盘
1822,14:26:04,3.34,0.01,36,12024,买盘
1823,14:26:06,3.34,0.0,8,2672,买盘
1824,14:26:15,3.34,0.0,37,12358,买盘
1825,14:26:21,3.34,0.0,8,2667,买盘
1826,14:26:28,3.33,-0.01,2,666,卖盘
1827,14:26:31,3.34,0.01,36,12024,买盘
1828,14:26:36,3.34,0.0,4,1336,买盘
1829,14:26:40,3.34,0.0,8,2672,买盘
1830,14:26:42,3.34,0.0,3,1002,买盘
1831,14:26:46,3.34,0.0,43,14362,买盘
1832,14:26:52,3.33,-0.01,1,333,卖盘
1833,14:27:00,3.34,0.01,37,12358,买盘
1834,14:27:04,3.34,0.0,3,1002,买盘
1835,14:27:13,3.34,0.0,7,2338,买盘
1836,14:27:16,3.34,0.0,3,1002,买盘
1837,14:27:19,3.34,0.0,36,12024,买盘
1838,14:27:22,3.34,0.0,1000,334000,买盘
1839,14:27:25,3.34,0.0,6,2004,买盘
1840,14:27:28,3.34,0.0,103,34402,买盘
1841,14:27:30,3.34,0.0,13,4342,买盘
1842,14:27:34,3.34,0.0,13,4275,买盘
1843,14:27:40,3.35,0.01,3,1005,买盘
1844,14:27:43,3.35,0.0,8,2680,买盘
1845,14:27:48,3.35,0.0,39,13065,买盘
1846,14:28:01,3.35,0.0,40,13400,买盘
1847,14:28:06,3.34,-0.01,9,3006,卖盘
1848,14:28:15,3.34,0.0,8,2672,买盘
1849,14:28:18,3.34,0.0,7,2338,买盘
1850,14:28:21,3.34,0.0,29,9686,卖盘
1851,14:28:24,3.34,0.0,4,1336,卖盘
1852,14:28:27,3.34,0.0,7,2338,买盘
1853,14:28:30,3.34,0.0,4,1336,卖盘
1854,14:28:33,3.34,0.0,37,12358,买盘
1855,14:28:46,3.34,0.0,44,14696,买盘
1856,14:29:00,3.34,0.0,3,1002,买盘
1857,14:29:04,3.34,0.0,37,12358,买盘
1858,14:29:12,3.34,0.0,1,334,买盘
1859,14:29:15,3.34,0.0,36,12024,买盘
1860,14:29:18,3.34,0.0,11,3674,买盘
1861,14:29:24,3.34,0.0,3,1002,买盘
1862,14:29:31,3.34,0.0,36,12024,买盘
1863,14:29:36,3.34,0.0,3,1002,买盘
1864,14:29:45,3.34,0.0,37,12358,买盘
1865,14:29:51,3.34,0.0,8,2672,买盘
1866,14:29:57,3.33,-0.01,1,333,卖盘
1867,14:30:00,3.34,0.01,36,12024,买盘
1868,14:30:18,3.34,0.0,34,11356,买盘
1869,14:30:21,3.34,0.0,2,668,卖盘
1870,14:30:24,3.34,0.0,1,334,卖盘
1871,14:30:31,3.35,0.01,36,12060,买盘
1872,14:30:39,3.33,-0.02,94,31329,卖盘
1873,14:30:45,3.35,0.02,37,12395,买盘
1874,14:30:51,3.33,-0.02,87,28971,卖盘
1875,14:30:57,3.35,0.02,484,161540,买盘
1876,14:31:00,3.35,0.0,36,12060,买盘
1877,14:31:04,3.35,0.0,12,4020,买盘
1878,14:31:09,3.33,-0.02,9,2997,卖盘
1879,14:31:12,3.33,0.0,7,2331,卖盘
1880,14:31:16,3.35,0.02,42,14070,买盘
1881,14:31:27,3.35,0.0,7,2345,买盘
1882,14:31:33,3.35,0.0,44,14740,买盘
1883,14:31:42,3.33,-0.02,17,5663,卖盘
1884,14:31:46,3.35,0.02,36,12060,买盘
1885,14:31:52,3.33,-0.02,1,333,卖盘
1886,14:32:01,3.35,0.02,235,78725,买盘
1887,14:32:04,3.35,0.0,3,1005,买盘
1888,14:32:10,3.35,0.0,7,2345,买盘
1889,14:32:12,3.33,-0.02,16,5328,卖盘
1890,14:32:15,3.35,0.02,37,12395,买盘
1891,14:32:22,3.34,-0.01,1,334,中性盘
1892,14:32:28,3.35,0.01,5,1675,买盘
1893,14:32:31,3.35,0.0,50,16750,买盘
1894,14:32:36,3.35,0.0,8,2680,买盘
1895,14:32:39,3.34,-0.01,26,8684,卖盘
1896,14:32:43,3.34,0.0,16,5344,卖盘
1897,14:32:49,3.35,0.01,36,12060,买盘
1898,14:32:51,3.34,-0.01,10,3340,卖盘
1899,14:33:04,3.35,0.01,47,15745,买盘
1900,14:33:06,3.34,-0.01,11,3674,卖盘
1901,14:33:12,3.34,0.0,19,6353,卖盘
1902,14:33:15,3.35,0.01,40,13396,买盘
1903,14:33:18,3.34,-0.01,32,10688,卖盘
1904,14:33:25,3.34,0.0,7,2338,买盘
1905,14:33:27,3.34,0.0,5,1670,买盘
1906,14:33:31,3.34,0.0,49,16366,买盘
1907,14:33:34,3.35,0.01,7,2345,买盘
1908,14:33:40,3.35,0.0,5,1675,买盘
1909,14:33:43,3.34,-0.01,12,4008,卖盘
1910,14:33:45,3.35,0.01,230,77046,买盘
1911,14:33:48,3.35,0.0,8,2680,买盘
1912,14:34:01,3.35,0.0,7,2345,买盘
1913,14:34:04,3.35,0.0,37,12395,买盘
1914,14:34:07,3.35,0.0,15,5025,买盘
1915,14:34:12,3.34,-0.01,103,34402,卖盘
1916,14:34:16,3.34,0.0,4,1336,卖盘
1917,14:34:18,3.35,0.01,43,14405,买盘
1918,14:34:33,3.35,0.0,36,12060,买盘
1919,14:34:40,3.35,0.0,8,2680,买盘
1920,14:34:43,3.34,-0.01,9,3006,卖盘
1921,14:34:46,3.35,0.01,18,6023,买盘
1922,14:34:49,3.35,0.0,37,12395,买盘
1923,14:34:57,3.34,-0.01,220,73480,卖盘
1924,14:35:03,3.35,0.01,36,12060,买盘
1925,14:35:06,3.35,0.0,7,2345,买盘
1926,14:35:13,3.34,-0.01,24,8031,卖盘
1927,14:35:16,3.34,0.0,17,5688,卖盘
1928,14:35:18,3.35,0.01,37,12395,买盘
1929,14:35:30,3.35,0.0,18,6030,买盘
1930,14:35:33,3.35,0.0,40,13400,买盘
1931,14:35:37,3.35,0.0,7,2345,买盘
1932,14:35:43,3.34,-0.01,16,5351,卖盘
1933,14:35:45,3.35,0.01,44,14733,买盘
1934,14:35:49,3.35,0.0,3,1005,买盘
1935,14:35:55,3.35,0.0,7,2345,买盘
1936,14:36:04,3.35,0.0,39,13065,买盘
1937,14:36:12,3.34,-0.01,9,3006,卖盘
1938,14:36:15,3.35,0.01,8,2680,买盘
1939,14:36:18,3.35,0.0,47,15738,买盘
1940,14:36:21,3.34,-0.01,26,8684,卖盘
1941,14:36:27,3.34,0.0,300,100200,卖盘
1942,14:36:30,3.34,0.0,47,15698,卖盘
1943,14:36:34,3.34,0.0,36,12024,买盘
1944,14:36:37,3.34,0.0,9,3006,买盘
1945,14:36:40,3.34,0.0,3,1002,买盘
1946,14:36:43,3.33,-0.01,388,129204,卖盘
1947,14:36:46,3.34,0.01,23,7682,买盘
1948,14:36:48,3.34,0.0,18,6012,卖盘
1949,14:36:57,3.34,0.0,4,1336,买盘
1950,14:37:04,3.34,0.0,37,12358,买盘
1951,14:37:12,3.33,-0.01,21,6993,卖盘
1952,14:37:18,3.34,0.01,28,9352,买盘
1953,14:37:22,3.34,0.0,11,3674,卖盘
1954,14:37:25,3.34,0.0,222,74156,卖盘
1955,14:37:28,3.34,0.0,18,6012,卖盘
1956,14:37:33,3.35,0.01,3,1005,买盘
1957,14:37:36,3.34,-0.01,18,6012,卖盘
1958,14:37:39,3.34,0.0,19,6346,卖盘
1959,14:37:46,3.34,0.0,31,10354,买盘
1960,14:37:48,3.34,0.0,8,2675,卖盘
1961,14:37:51,3.34,0.0,2,668,买盘
1962,14:37:54,3.34,0.0,6,2004,卖盘
1963,14:38:01,3.34,0.0,6,2004,买盘
1964,14:38:03,3.35,0.01,34,11359,买盘
1965,14:38:10,3.34,-0.01,10,3340,买盘
1966,14:38:15,3.33,-0.01,9,2997,卖盘
1967,14:38:19,3.34,0.01,46,15399,中性盘
1968,14:38:22,3.35,0.01,13,4352,买盘
1969,14:38:31,3.35,0.0,160,53600,买盘
1970,14:38:33,3.34,-0.01,56,18704,卖盘
1971,14:38:45,3.34,0.0,36,12024,买盘
1972,14:38:48,3.33,-0.01,12,3996,卖盘
1973,14:38:51,3.34,0.01,3,1002,卖盘
1974,14:38:55,3.34,0.0,3,1002,买盘
1975,14:38:57,3.33,-0.01,202,67467,卖盘
1976,14:39:04,3.34,0.01,7,2338,买盘
1977,14:39:06,3.34,0.0,5,1670,卖盘
1978,14:39:09,3.34,0.0,25,8350,卖盘
1979,14:39:19,3.34,0.0,36,12024,买盘
1980,14:39:27,3.34,0.0,234,77949,买盘
1981,14:39:33,3.34,0.0,39,13026,买盘
1982,14:39:49,3.34,0.0,40,13360,买盘
1983,14:39:58,3.34,0.0,8,2672,买盘
1984,14:40:04,3.34,0.0,39,13026,买盘
1985,14:40:18,3.34,0.0,40,13360,买盘
1986,14:40:30,3.34,0.0,7,2338,买盘
1987,14:40:33,3.34,0.0,39,13026,买盘
1988,14:40:48,3.34,0.0,60,20020,买盘
1989,14:40:55,3.33,-0.01,15,4995,卖盘
1990,14:41:04,3.34,0.01,39,13026,买盘
1991,14:41:09,3.34,0.0,5,1670,买盘
1992,14:41:18,3.34,0.0,40,13360,买盘
1993,14:41:33,3.34,0.0,79,26351,买盘
1994,14:41:37,3.34,0.0,2,668,买盘
1995,14:41:40,3.34,0.0,8,2672,买盘
1996,14:41:48,3.34,0.0,36,12024,买盘
1997,14:41:51,3.34,0.0,1,334,买盘
1998,14:42:04,3.34,0.0,40,13360,买盘
1999,14:42:07,3.34,0.0,10,3340,买盘
2000,14:42:15,3.34,0.0,36,12024,买盘
2001,14:42:19,3.34,0.0,4,1336,买盘
2002,14:42:30,3.34,0.0,31,10354,买盘
2003,14:42:33,3.35,0.01,9,3010,买盘
2004,14:42:36,3.34,-0.01,4,1336,卖盘
2005,14:42:39,3.35,0.01,11,3682,买盘
2006,14:42:42,3.35,0.0,2,669,买盘
2007,14:42:45,3.34,-0.01,15,5010,卖盘
2008,14:42:48,3.34,0.0,57,19017,买盘
2009,14:42:51,3.34,0.0,2,668,买盘
2010,14:42:57,3.34,0.0,52,17368,买盘
2011,14:43:00,3.34,0.0,2,668,买盘
2012,14:43:04,3.34,0.0,87,29058,买盘
2013,14:43:06,3.34,0.0,1,334,买盘
2014,14:43:12,3.34,0.0,8,2672,买盘
2015,14:43:18,3.34,0.0,39,13026,买盘
2016,14:43:30,3.34,0.0,37,12358,买盘
2017,14:43:34,3.34,0.0,3,1002,买盘
2018,14:43:42,3.34,0.0,8,2672,买盘
2019,14:43:45,3.33,-0.01,40,13320,卖盘
2020,14:43:48,3.34,0.01,39,13026,买盘
2021,14:44:03,3.34,0.0,40,13360,买盘
2022,14:44:16,3.34,0.0,8,2672,买盘
2023,14:44:19,3.34,0.0,70,23380,买盘
2024,14:44:22,3.34,0.0,10,3340,买盘
2025,14:44:30,3.34,0.0,10,3340,买盘
2026,14:44:33,3.34,0.0,39,13026,买盘
2027,14:44:45,3.34,0.0,37,12358,买盘
2028,14:44:49,3.34,0.0,7,2338,买盘
2029,14:45:03,3.34,0.0,35,11690,买盘
2030,14:45:06,3.34,0.0,1,334,卖盘
2031,14:45:19,3.35,0.01,13,4354,买盘
2032,14:45:24,3.34,-0.01,44,14696,卖盘
2033,14:45:28,3.34,0.0,1,334,买盘
2034,14:45:30,3.33,-0.01,529,176157,卖盘
2035,14:45:33,3.35,0.02,67,22352,买盘
2036,14:45:42,3.32,-0.03,7,2324,卖盘
2037,14:45:48,3.35,0.03,37,12390,买盘
2038,14:45:58,3.32,-0.03,5,1660,卖盘
2039,14:46:04,3.34,0.02,36,12020,买盘
2040,14:46:06,3.33,-0.01,2,666,中性盘
2041,14:46:12,3.33,0.0,4,1332,买盘
2042,14:46:16,3.33,0.0,2,666,买盘
2043,14:46:19,3.33,0.0,6,1998,买盘
2044,14:46:24,3.33,0.0,3,999,卖盘
2045,14:46:31,3.34,0.01,18,6002,买盘
2046,14:46:34,3.32,-0.02,500,166031,卖盘
2047,14:46:36,3.32,0.0,500,166000,买盘
2048,14:46:39,3.32,0.0,19,6308,卖盘
2049,14:46:42,3.32,0.0,7,2324,卖盘
2050,14:46:48,3.34,0.02,24,8016,买盘
2051,14:46:54,3.34,0.0,8,2668,买盘
2052,14:47:16,3.32,-0.02,5,1660,卖盘
2053,14:47:40,3.32,0.0,5,1660,卖盘
2054,14:47:42,3.32,0.0,4,1328,卖盘
2055,14:47:57,3.32,0.0,5,1660,卖盘
2056,14:48:04,3.33,0.01,13,4324,买盘
2057,14:48:06,3.32,-0.01,23,7636,卖盘
2058,14:48:10,3.33,0.01,1,333,买盘
2059,14:48:19,3.32,-0.01,10,3320,卖盘
2060,14:48:27,3.32,0.0,10,3320,卖盘
2061,14:48:33,3.32,0.0,4,1328,卖盘
2062,14:48:39,3.33,0.01,37,12316,买盘
2063,14:49:04,3.33,0.0,15,4995,买盘
2064,14:49:09,3.33,0.0,13,4324,买盘
2065,14:49:22,3.32,-0.01,5,1660,卖盘
2066,14:49:24,3.32,0.0,4,1328,卖盘
2067,14:49:33,3.32,0.0,5,1660,卖盘
2068,14:49:45,3.33,0.01,23,7659,买盘
2069,14:49:54,3.33,0.0,1,333,买盘
2070,14:50:00,3.33,0.0,15,4995,买盘
2071,14:50:04,3.33,0.0,10,3330,卖盘
2072,14:50:06,3.32,-0.01,14,4656,卖盘
2073,14:50:12,3.33,0.01,47,15612,买盘
2074,14:50:22,3.32,-0.01,23,7658,卖盘
2075,14:50:33,3.33,0.01,15,4995,买盘
2076,14:50:36,3.33,0.0,30,9990,卖盘
2077,14:50:39,3.34,0.01,6,1999,买盘
2078,14:50:43,3.33,-0.01,1,333,卖盘
2079,14:50:45,3.33,0.0,1,333,卖盘
2080,14:50:48,3.33,0.0,8,2664,卖盘
2081,14:50:51,3.33,0.0,1,333,卖盘
2082,14:50:55,3.33,0.0,8,2664,卖盘
2083,14:50:58,3.34,0.01,2,667,买盘
2084,14:51:01,3.33,-0.01,1,333,卖盘
2085,14:51:04,3.33,0.0,1,333,卖盘
2086,14:51:07,3.33,0.0,135,45089,卖盘
2087,14:51:10,3.34,0.01,25,8329,买盘
2088,14:51:12,3.34,0.0,1,334,买盘
2089,14:51:19,3.33,-0.01,3,999,卖盘
2090,14:51:30,3.34,0.01,55,18370,买盘
2091,14:51:34,3.34,0.0,1,334,买盘
2092,14:51:43,3.33,-0.01,21,6993,卖盘
2093,14:51:46,3.34,0.01,9,3006,买盘
2094,14:52:01,3.33,-0.01,85,28305,卖盘
2095,14:52:04,3.33,0.0,3,999,买盘
2096,14:52:13,3.32,-0.01,21,6972,卖盘
2097,14:52:28,3.32,0.0,2,664,卖盘
2098,14:52:31,3.33,0.01,35,11655,买盘
2099,14:52:37,3.33,0.0,1,333,卖盘
2100,14:52:40,3.33,0.0,5,1665,卖盘
2101,14:52:43,3.32,-0.01,35,11636,卖盘
2102,14:52:46,3.33,0.01,14,4662,买盘
2103,14:52:51,3.32,-0.01,5,1660,卖盘
2104,14:52:55,3.32,0.0,5,1660,卖盘
2105,14:52:57,3.32,0.0,10,3320,卖盘
2106,14:53:00,3.32,0.0,5,1660,卖盘
2107,14:53:10,3.32,0.0,15,4980,卖盘
2108,14:53:22,3.32,0.0,5,1660,卖盘
2109,14:53:25,3.33,0.01,1,333,买盘
2110,14:53:55,3.32,-0.01,13,4316,卖盘
2111,14:54:04,3.33,0.01,14,4662,买盘
2112,14:54:13,3.33,0.0,52,17316,买盘
2113,14:54:19,3.32,-0.01,5,1660,卖盘
2114,14:54:34,3.33,0.01,51,16983,买盘
2115,14:55:10,3.32,-0.01,10,3320,卖盘
2116,14:55:16,3.32,0.0,5,1660,卖盘
2117,14:55:30,3.32,0.0,5,1660,卖盘
2118,14:55:40,3.33,0.01,5,1665,买盘
2119,14:55:46,3.32,-0.01,160,53120,卖盘
2120,14:55:49,3.33,0.01,5,1665,买盘
2121,14:55:52,3.32,-0.01,12,3984,卖盘
2122,14:56:01,3.32,0.0,150,49800,卖盘
2123,14:56:04,3.32,0.0,10,3320,卖盘
2124,14:56:06,3.33,0.01,71,23638,买盘
2125,14:56:10,3.32,-0.01,20,6640,卖盘
2126,14:56:13,3.32,0.0,1,332,卖盘
2127,14:56:15,3.33,0.01,8,2664,买盘
2128,14:56:18,3.33,0.0,2,666,买盘
2129,14:56:25,3.32,-0.01,4,1328,卖盘
2130,14:56:37,3.32,0.0,25,8300,卖盘
2131,14:56:43,3.32,0.0,4,1328,卖盘
2132,14:56:46,3.32,0.0,4,1328,卖盘
2133,14:56:57,3.32,0.0,232,77024,卖盘
2134,14:57:00,3.32,0.0,1,332,卖盘
2135,15:00:04,3.31,-0.01,970,321070,卖盘
