,time,price,change,volume,amount,type
0,09:25:04,6.6,0.01,1019,672540,卖盘
1,09:30:04,6.6,0.0,114,75240,买盘
2,09:30:07,6.61,0.01,557,368037,买盘
3,09:30:10,6.6,-0.01,189,124740,卖盘
4,09:30:12,6.6,0.0,5,3300,卖盘
5,09:30:16,6.6,0.0,55,36320,卖盘
6,09:30:19,6.6,0.0,50,33000,卖盘
7,09:30:22,6.6,0.0,1,660,卖盘
8,09:30:27,6.6,0.0,202,133492,卖盘
9,09:30:31,6.61,0.01,137,90522,买盘
10,09:30:33,6.6,-0.01,19,12540,卖盘
11,09:30:37,6.6,0.0,114,75289,卖盘
12,09:30:40,6.61,0.01,153,101114,买盘
13,09:30:43,6.58,-0.03,382,251672,卖盘
14,09:30:46,6.6,0.02,74,48840,买盘
15,09:30:49,6.58,-0.02,43,28331,卖盘
16,09:30:52,6.58,0.0,4,2632,卖盘
17,09:30:58,6.58,0.0,494,325294,卖盘
18,09:31:04,6.57,-0.01,4,2628,卖盘
19,09:31:07,6.58,0.01,115,75670,买盘
20,09:31:10,6.58,0.0,192,125937,买盘
21,09:31:15,6.56,-0.02,126,82636,买盘
22,09:31:18,6.56,0.0,56,36736,买盘
23,09:31:22,6.56,0.0,180,118080,买盘
24,09:31:25,6.56,0.0,292,191532,买盘
25,09:31:28,6.55,-0.01,138,90488,卖盘
26,09:31:31,6.55,0.0,34,22297,卖盘
27,09:31:34,6.55,0.0,81,53062,卖盘
28,09:31:37,6.56,0.01,122,79916,买盘
29,09:31:40,6.54,-0.02,27,17678,卖盘
30,09:31:43,6.56,0.02,215,140982,买盘
31,09:31:45,6.54,-0.02,350,229120,卖盘
32,09:31:49,6.56,0.02,205,134239,买盘
33,09:31:52,6.55,-0.01,35,22925,卖盘
34,09:31:55,6.55,0.0,10,6550,卖盘
35,09:31:58,6.55,0.0,73,47815,买盘
36,09:32:01,6.55,0.0,50,32750,买盘
37,09:32:04,6.55,0.0,4,2617,买盘
38,09:32:07,6.56,0.01,146,95636,买盘
39,09:32:10,6.56,0.0,114,74784,买盘
40,09:32:12,6.56,0.0,91,59679,买盘
41,09:32:16,6.56,0.0,313,205328,买盘
42,09:32:19,6.56,0.0,160,104951,买盘
43,09:32:22,6.57,0.01,112,73786,卖盘
44,09:32:25,6.57,0.0,2,1314,卖盘
45,09:32:28,6.57,0.0,112,73813,卖盘
46,09:32:37,6.59,0.02,105,69195,买盘
47,09:32:40,6.59,0.0,15,9885,买盘
48,09:32:46,6.59,0.0,32,21084,买盘
49,09:32:51,6.59,0.0,30,19750,买盘
50,09:32:55,6.57,-0.02,81,53297,卖盘
51,09:32:58,6.59,0.02,31,20429,买盘
52,09:33:01,6.59,0.0,75,49425,买盘
53,09:33:07,6.59,0.0,64,42170,买盘
54,09:33:09,6.58,-0.01,2,1316,卖盘
55,09:33:13,6.58,0.0,67,44086,卖盘
56,09:33:16,6.59,0.01,28,18452,买盘
57,09:33:19,6.59,0.0,42,27678,买盘
58,09:33:24,6.58,-0.01,442,291270,卖盘
59,09:33:28,6.58,0.0,54,35546,卖盘
60,09:33:31,6.58,0.0,23,15153,卖盘
61,09:33:34,6.58,0.0,9,5922,卖盘
62,09:33:37,6.58,0.0,214,140928,卖盘
63,09:33:40,6.59,0.01,9,5931,买盘
64,09:33:42,6.58,-0.01,12,7896,卖盘
65,09:33:45,6.6,0.02,160,105511,买盘
66,09:33:51,6.59,-0.01,187,123233,买盘
67,09:33:55,6.6,0.01,41,27060,买盘
68,09:33:58,6.6,0.0,41,27053,买盘
69,09:34:04,6.61,0.01,2,1322,买盘
70,09:34:07,6.61,0.0,46,30406,买盘
71,09:34:13,6.6,-0.01,8,5280,卖盘
72,09:34:16,6.6,0.0,8,5285,卖盘
73,09:34:18,6.61,0.01,9,5949,买盘
74,09:34:28,6.61,0.0,14,9254,买盘
75,09:34:31,6.61,0.0,20,13220,买盘
76,09:34:37,6.61,0.0,287,189707,买盘
77,09:34:43,6.61,0.0,161,106451,卖盘
78,09:34:46,6.62,0.01,303,200335,买盘
79,09:34:49,6.62,0.0,31,20505,买盘
80,09:34:52,6.63,0.01,251,166273,买盘
81,09:34:54,6.63,0.0,148,98124,卖盘
82,09:34:57,6.63,0.0,47,31161,卖盘
83,09:35:01,6.63,0.0,13,8619,卖盘
84,09:35:04,6.64,0.01,140,92939,买盘
85,09:35:06,6.63,-0.01,901,597486,卖盘
86,09:35:10,6.64,0.01,8,5312,中性盘
87,09:35:13,6.63,-0.01,203,134642,卖盘
88,09:35:16,6.64,0.01,39,25896,买盘
89,09:35:19,6.64,0.0,385,255903,卖盘
90,09:35:22,6.64,0.0,249,165342,卖盘
91,09:35:25,6.64,0.0,20,13282,卖盘
92,09:35:27,6.65,0.01,71,47198,买盘
93,09:35:31,6.66,0.01,334,222393,买盘
94,09:35:33,6.65,-0.01,191,127030,卖盘
95,09:35:36,6.66,0.01,262,174260,买盘
96,09:35:40,6.64,-0.02,75,49915,卖盘
97,09:35:43,6.65,0.01,9,5978,买盘
98,09:35:46,6.65,0.0,328,218170,买盘
99,09:35:49,6.66,0.01,250,166415,买盘
100,09:35:51,6.65,-0.01,83,55195,卖盘
101,09:35:54,6.65,0.0,13,8645,买盘
102,09:35:58,6.66,0.01,30,19972,买盘
103,09:36:01,6.65,-0.01,60,39930,卖盘
104,09:36:07,6.66,0.01,248,165073,买盘
105,09:36:13,6.66,0.0,341,227106,买盘
106,09:36:16,6.66,0.0,234,155786,卖盘
107,09:36:19,6.67,0.01,151,100645,买盘
108,09:36:22,6.66,-0.01,140,93200,中性盘
109,09:36:25,6.66,0.0,81,53926,买盘
110,09:36:28,6.65,-0.01,122,81308,卖盘
111,09:36:31,6.66,0.01,30,19980,中性盘
112,09:36:34,6.65,-0.01,61,40588,卖盘
113,09:36:37,6.66,0.01,88,58608,买盘
114,09:36:40,6.66,0.0,99,65924,买盘
115,09:36:42,6.66,0.0,81,53946,卖盘
116,09:36:45,6.66,0.0,190,126540,卖盘
117,09:36:48,6.65,-0.01,77,51248,卖盘
118,09:36:51,6.65,0.0,165,109793,卖盘
119,09:36:55,6.65,0.0,58,38590,卖盘
120,09:36:58,6.66,0.01,190,126424,买盘
121,09:37:01,6.65,-0.01,17,11308,买盘
122,09:37:04,6.65,0.0,51,33915,卖盘
123,09:37:07,6.66,0.01,190,126432,买盘
124,09:37:10,6.66,0.0,19,12654,买盘
125,09:37:13,6.65,-0.01,15,9975,卖盘
126,09:37:16,6.65,0.0,113,75145,卖盘
127,09:37:19,6.66,0.01,52,34620,买盘
128,09:37:25,6.65,-0.01,201,133665,买盘
129,09:37:28,6.65,0.0,29,19285,买盘
130,09:37:31,6.65,0.0,245,162886,买盘
131,09:37:34,6.65,0.0,4,2660,买盘
132,09:37:36,6.64,-0.01,14,9301,卖盘
133,09:37:40,6.65,0.01,105,69825,买盘
134,09:37:43,6.64,-0.01,50,33200,卖盘
135,09:37:46,6.65,0.01,115,76463,买盘
136,09:37:49,6.65,0.0,66,43888,买盘
137,09:37:51,6.64,-0.01,16,10624,卖盘
138,09:37:55,6.65,0.01,110,73050,买盘
139,09:38:01,6.64,-0.01,3,1992,卖盘
140,09:38:03,6.64,0.0,231,153605,卖盘
141,09:38:07,6.64,0.0,2,1328,卖盘
142,09:38:10,6.65,0.01,286,190177,买盘
143,09:38:13,6.65,0.0,246,163486,买盘
144,09:38:16,6.64,-0.01,107,71106,卖盘
145,09:38:19,6.65,0.01,110,73050,中性盘
146,09:38:22,6.64,-0.01,46,30618,卖盘
147,09:38:28,6.65,0.01,10,6650,买盘
148,09:38:31,6.65,0.0,42,27930,买盘
149,09:38:34,6.66,0.01,131,87125,买盘
150,09:38:40,6.65,-0.01,105,69825,买盘
151,09:38:46,6.65,0.0,12,7973,买盘
152,09:38:52,6.65,0.0,32,21280,买盘
153,09:38:55,6.65,0.0,122,81130,买盘
154,09:38:58,6.65,0.0,7,4655,卖盘
155,09:39:00,6.64,-0.01,324,215160,卖盘
156,09:39:06,6.64,0.0,19,12616,卖盘
157,09:39:22,6.64,0.0,10,6640,卖盘
158,09:39:25,6.64,0.0,12,7968,卖盘
159,09:39:27,6.65,0.01,10,6647,买盘
160,09:39:30,6.64,-0.01,109,72376,卖盘
161,09:39:37,6.64,0.0,54,35884,卖盘
162,09:39:40,6.64,0.0,215,142790,卖盘
163,09:39:43,6.64,0.0,74,49136,卖盘
164,09:39:46,6.65,0.01,499,331804,买盘
165,09:39:49,6.65,0.0,81,53865,卖盘
166,09:39:51,6.65,0.0,77,51205,卖盘
167,09:39:55,6.65,0.0,22,14630,卖盘
168,09:39:57,6.65,0.0,29,19285,卖盘
169,09:40:04,6.65,0.0,3,1995,买盘
170,09:40:16,6.65,0.0,248,164808,买盘
171,09:40:22,6.65,0.0,24,15960,买盘
172,09:40:24,6.64,-0.01,10,6640,卖盘
173,09:40:28,6.64,0.0,72,47855,卖盘
174,09:40:31,6.64,0.0,12,7968,卖盘
175,09:40:34,6.64,0.0,103,68492,卖盘
176,09:40:37,6.64,0.0,33,21912,卖盘
177,09:40:40,6.64,0.0,8,5312,卖盘
178,09:40:43,6.64,0.0,25,16602,卖盘
179,09:40:46,6.65,0.01,31,20601,买盘
180,09:40:51,6.64,-0.01,2,1328,卖盘
181,09:40:55,6.65,0.01,80,53200,买盘
182,09:40:58,6.64,-0.01,53,35192,卖盘
183,09:41:01,6.64,0.0,5,3320,卖盘
184,09:41:04,6.64,0.0,10,6640,卖盘
185,09:41:06,6.65,0.01,195,129481,买盘
186,09:41:10,6.64,-0.01,77,51128,卖盘
187,09:41:12,6.64,0.0,19,12616,卖盘
188,09:41:16,6.64,0.0,10,6640,买盘
189,09:41:19,6.64,0.0,15,9960,买盘
190,09:41:22,6.64,0.0,320,212480,买盘
191,09:41:28,6.63,-0.01,65,43149,卖盘
192,09:41:31,6.64,0.01,34,22576,买盘
193,09:41:43,6.63,-0.01,15,9945,卖盘
194,09:41:46,6.63,0.0,3,1989,卖盘
195,09:41:49,6.63,0.0,30,19890,卖盘
196,09:41:52,6.63,0.0,858,568854,卖盘
197,09:41:58,6.63,0.0,185,122625,买盘
198,09:42:01,6.63,0.0,48,31824,买盘
199,09:42:04,6.63,0.0,116,76877,买盘
200,09:42:06,6.64,0.01,831,551181,买盘
201,09:42:09,6.64,0.0,169,112216,卖盘
202,09:42:12,6.63,-0.01,2,1326,买盘
203,09:42:16,6.63,0.0,43,28489,买盘
204,09:42:22,6.64,0.01,21,13928,买盘
205,09:42:28,6.64,0.0,605,402244,买盘
206,09:42:31,6.65,0.01,46,30566,买盘
207,09:42:36,6.64,-0.01,26,17254,买盘
208,09:42:43,6.64,0.0,76,50464,卖盘
209,09:42:46,6.65,0.01,1,665,买盘
210,09:42:49,6.65,0.0,38,25266,买盘
211,09:43:04,6.65,0.0,6,3990,买盘
212,09:43:06,6.64,-0.01,60,39840,卖盘
213,09:43:16,6.64,0.0,4,2656,卖盘
214,09:43:19,6.65,0.01,22,14614,买盘
215,09:43:37,6.65,0.0,100,66500,买盘
216,09:43:40,6.65,0.0,270,179550,买盘
217,09:43:42,6.64,-0.01,5,3320,卖盘
218,09:43:52,6.65,0.01,16,10640,买盘
219,09:43:54,6.64,-0.01,10,6640,卖盘
220,09:44:01,6.64,0.0,7,4648,卖盘
221,09:44:04,6.65,0.01,42,27930,买盘
222,09:44:19,6.64,-0.01,11,7304,卖盘
223,09:44:34,6.64,0.0,194,128852,卖盘
224,09:44:36,6.65,0.01,136,90440,买盘
225,09:44:40,6.65,0.0,22,14630,买盘
226,09:44:43,6.64,-0.01,95,63080,卖盘
227,09:44:46,6.65,0.01,30,19950,买盘
228,09:44:49,6.64,-0.01,2,1328,卖盘
229,09:45:07,6.65,0.01,410,272650,买盘
230,09:45:10,6.65,0.0,40,26600,买盘
231,09:45:12,6.64,-0.01,108,71773,卖盘
232,09:45:19,6.66,0.02,5,3330,买盘
233,09:45:22,6.66,0.0,20,13320,买盘
234,09:45:25,6.65,-0.01,20,13300,卖盘
235,09:45:28,6.65,0.0,100,66500,卖盘
236,09:45:43,6.65,0.0,30,19950,卖盘
237,09:45:46,6.65,0.0,34,22632,卖盘
238,09:45:52,6.66,0.01,12,7992,买盘
239,09:45:58,6.65,-0.01,7,4657,卖盘
240,09:46:00,6.66,0.01,371,247086,买盘
241,09:46:04,6.66,0.0,5,3330,买盘
242,09:46:07,6.66,0.0,44,29304,买盘
243,09:46:10,6.66,0.0,5,3330,买盘
244,09:46:19,6.66,0.0,5,3330,买盘
245,09:46:22,6.66,0.0,100,66600,买盘
246,09:46:25,6.66,0.0,13,8658,买盘
247,09:46:28,6.66,0.0,227,151182,买盘
248,09:46:31,6.66,0.0,6,3996,买盘
249,09:46:34,6.66,0.0,3,1998,买盘
250,09:46:37,6.66,0.0,62,41292,买盘
251,09:46:39,6.66,0.0,26,17311,买盘
252,09:46:46,6.66,0.0,214,142524,买盘
253,09:46:49,6.65,-0.01,112,74554,卖盘
254,09:46:52,6.66,0.01,7,4662,卖盘
255,09:46:58,6.67,0.01,30,20010,买盘
256,09:47:00,6.66,-0.01,10,6660,卖盘
257,09:47:04,6.65,-0.01,61,40643,卖盘
258,09:47:07,6.67,0.02,5,3335,买盘
259,09:47:09,6.67,0.0,1,667,买盘
260,09:47:19,6.66,-0.01,5,3330,卖盘
261,09:47:25,6.67,0.01,2,1334,买盘
262,09:47:30,6.67,0.0,109,72599,买盘
263,09:47:34,6.66,-0.01,24,15998,卖盘
264,09:47:37,6.66,0.0,89,59357,卖盘
265,09:47:40,6.67,0.01,9,6003,买盘
266,09:47:43,6.67,0.0,30,20010,买盘
267,09:47:46,6.67,0.0,134,89378,买盘
268,09:47:52,6.67,0.0,15,10005,买盘
269,09:47:55,6.67,0.0,7,4669,买盘
270,09:48:00,6.67,0.0,19,12673,买盘
271,09:48:04,6.67,0.0,70,46690,买盘
272,09:48:06,6.67,0.0,298,198766,买盘
273,09:48:10,6.66,-0.01,697,464799,卖盘
274,09:48:16,6.67,0.01,411,274450,买盘
275,09:48:19,6.67,0.0,394,263015,卖盘
276,09:48:22,6.68,0.01,35,23365,买盘
277,09:48:24,6.67,-0.01,21,14007,卖盘
278,09:48:28,6.68,0.01,82,54776,买盘
279,09:48:34,6.67,-0.01,70,46690,卖盘
280,09:48:37,6.68,0.01,28,18704,买盘
281,09:48:40,6.68,0.0,120,80160,买盘
282,09:48:46,6.67,-0.01,10,6670,卖盘
283,09:48:48,6.68,0.01,60,40080,买盘
284,09:48:55,6.68,0.0,243,162324,买盘
285,09:48:58,6.68,0.0,15,10020,买盘
286,09:49:01,6.67,-0.01,28,18699,卖盘
287,09:49:04,6.68,0.01,122,81496,买盘
288,09:49:06,6.68,0.0,20,13360,买盘
289,09:49:09,6.68,0.0,93,62132,卖盘
290,09:49:16,6.68,0.0,21,14046,卖盘
291,09:49:19,6.69,0.01,60,40140,买盘
292,09:49:22,6.68,-0.01,305,204040,卖盘
293,09:49:25,6.68,0.0,25,16702,卖盘
294,09:49:28,6.68,0.0,48,32102,卖盘
295,09:49:31,6.69,0.01,162,108378,买盘
296,09:49:36,6.69,0.0,100,66900,买盘
297,09:49:40,6.69,0.0,223,149187,买盘
298,09:49:43,6.68,-0.01,10,6680,卖盘
299,09:49:46,6.69,0.01,38,25422,买盘
300,09:49:49,6.69,0.0,198,132456,买盘
301,09:49:52,6.69,0.0,1,669,买盘
302,09:49:55,6.68,-0.01,26,17368,卖盘
303,09:49:58,6.69,0.01,10,6690,买盘
304,09:50:00,6.68,-0.01,5,3340,卖盘
305,09:50:04,6.68,0.0,16,10703,卖盘
306,09:50:07,6.68,0.0,251,167848,卖盘
307,09:50:10,6.69,0.01,96,64224,买盘
308,09:50:12,6.68,-0.01,9,6012,卖盘
309,09:50:16,6.69,0.01,51,34079,买盘
310,09:50:19,6.69,0.0,83,55521,买盘
311,09:50:22,6.68,-0.01,243,162424,卖盘
312,09:50:25,6.69,0.01,111,74259,买盘
313,09:50:28,6.69,0.0,28,18722,买盘
314,09:50:30,6.68,-0.01,309,206412,卖盘
315,09:50:34,6.68,0.0,41,27388,卖盘
316,09:50:37,6.68,0.0,29,19372,买盘
317,09:50:39,6.68,0.0,94,62786,买盘
318,09:50:43,6.68,0.0,120,80160,买盘
319,09:50:49,6.68,0.0,80,53440,买盘
320,09:50:52,6.68,0.0,2,1336,买盘
321,09:50:55,6.67,-0.01,6,4002,卖盘
322,09:50:58,6.68,0.01,65,43420,买盘
323,09:51:01,6.68,0.0,17,11356,买盘
324,09:51:10,6.68,0.0,14,9352,买盘
325,09:51:12,6.68,0.0,40,26720,买盘
326,09:51:16,6.67,-0.01,28,18678,卖盘
327,09:51:19,6.68,0.01,25,16680,买盘
328,09:51:22,6.67,-0.01,50,33350,卖盘
329,09:51:28,6.68,0.01,32,21375,买盘
330,09:51:33,6.67,-0.01,17,11339,卖盘
331,09:51:39,6.68,0.01,7,4676,买盘
332,09:51:48,6.67,-0.01,7,4675,卖盘
333,09:51:52,6.67,0.0,180,120060,卖盘
334,09:51:55,6.67,0.0,219,146073,卖盘
335,09:51:57,6.68,0.01,89,59452,买盘
336,09:52:01,6.67,-0.01,209,139403,卖盘
337,09:52:03,6.66,-0.01,223,148736,卖盘
338,09:52:10,6.67,0.01,67,44683,买盘
339,09:52:13,6.67,0.0,7,4664,买盘
340,09:52:19,6.67,0.0,93,62025,买盘
341,09:52:22,6.66,-0.01,5,3330,卖盘
342,09:52:25,6.67,0.01,10,6670,买盘
343,09:52:28,6.67,0.0,69,45988,买盘
344,09:52:40,6.67,0.0,16,10672,买盘
345,09:52:43,6.67,0.0,10,6670,买盘
346,09:52:46,6.67,0.0,22,14674,买盘
347,09:52:52,6.67,0.0,6,4002,买盘
348,09:53:01,6.67,0.0,11,7337,买盘
349,09:53:04,6.66,-0.01,31,20646,卖盘
350,09:53:10,6.67,0.01,21,14007,买盘
351,09:53:13,6.66,-0.01,4,2664,卖盘
352,09:53:15,6.67,0.01,7,4667,买盘
353,09:53:19,6.67,0.0,469,312823,买盘
354,09:53:24,6.66,-0.01,9,5994,卖盘
355,09:53:31,6.67,0.01,200,133400,买盘
356,09:53:34,6.66,-0.01,36,23976,卖盘
357,09:53:37,6.67,0.01,1,667,买盘
358,09:53:40,6.66,-0.01,52,34634,卖盘
359,09:53:46,6.66,0.0,6,3996,卖盘
360,09:53:49,6.67,0.01,48,32016,买盘
361,09:53:54,6.67,0.0,7,4669,买盘
362,09:53:58,6.67,0.0,40,26680,买盘
363,09:54:00,6.67,0.0,21,14007,买盘
364,09:54:04,6.67,0.0,120,80040,买盘
365,09:54:10,6.67,0.0,173,115227,买盘
366,09:54:19,6.67,0.0,49,32675,买盘
367,09:54:21,6.66,-0.01,10,6660,卖盘
368,09:54:25,6.66,0.0,51,33988,卖盘
369,09:54:31,6.66,0.0,54,36011,卖盘
370,09:54:37,6.66,0.0,140,93280,卖盘
371,09:54:40,6.67,0.01,30,20010,买盘
372,09:54:43,6.66,-0.01,9,5996,卖盘
373,09:54:48,6.67,0.01,47,31349,买盘
374,09:55:01,6.67,0.0,9,6003,买盘
375,09:55:04,6.66,-0.01,10,6660,卖盘
376,09:55:07,6.67,0.01,16,10662,买盘
377,09:55:16,6.67,0.0,50,33340,买盘
378,09:55:19,6.67,0.0,7,4669,买盘
379,09:55:22,6.66,-0.01,30,19980,卖盘
380,09:55:25,6.66,0.0,5,3330,卖盘
381,09:55:27,6.67,0.01,61,40647,买盘
382,09:55:30,6.67,0.0,11,7337,买盘
383,09:55:36,6.67,0.0,45,30015,买盘
384,09:55:40,6.66,-0.01,32,21319,卖盘
385,09:55:49,6.67,0.01,130,86710,买盘
386,09:55:55,6.66,-0.01,49,32674,卖盘
387,09:56:01,6.67,0.01,526,350842,买盘
388,09:56:10,6.67,0.0,137,91357,买盘
389,09:56:13,6.67,0.0,5,3335,买盘
390,09:56:16,6.67,0.0,2,1334,买盘
391,09:56:19,6.67,0.0,28,18676,买盘
392,09:56:22,6.67,0.0,47,31349,买盘
393,09:56:25,6.67,0.0,272,181424,买盘
394,09:56:27,6.67,0.0,20,13340,卖盘
395,09:56:31,6.67,0.0,34,22699,卖盘
396,09:56:49,6.68,0.01,15,10020,买盘
397,09:56:51,6.68,0.0,18,12009,买盘
398,09:56:55,6.67,-0.01,193,128731,卖盘
399,09:57:01,6.68,0.01,81,54071,买盘
400,09:57:04,6.67,-0.01,9,6003,买盘
401,09:57:09,6.67,0.0,63,42021,买盘
402,09:57:15,6.67,0.0,78,52026,买盘
403,09:57:19,6.67,0.0,213,142071,买盘
404,09:57:22,6.67,0.0,6,4002,买盘
405,09:57:25,6.67,0.0,45,30006,买盘
406,09:57:28,6.67,0.0,4,2668,买盘
407,09:57:30,6.68,0.01,16,10688,买盘
408,09:57:33,6.67,-0.01,2,1334,卖盘
409,09:57:40,6.68,0.01,56,37408,买盘
410,09:57:46,6.67,-0.01,100,66700,卖盘
411,09:57:49,6.68,0.01,32,21356,买盘
412,09:57:52,6.68,0.0,957,639276,买盘
413,09:57:54,6.68,0.0,2,1336,卖盘
414,09:57:58,6.68,0.0,319,213092,卖盘
415,09:58:01,6.68,0.0,298,199282,卖盘
416,09:58:04,6.68,0.0,110,73480,卖盘
417,09:58:06,6.68,0.0,50,33413,卖盘
418,09:58:10,6.69,0.01,73,48835,买盘
419,09:58:12,6.68,-0.01,50,33400,卖盘
420,09:58:16,6.68,0.0,33,22044,卖盘
421,09:58:19,6.68,0.0,46,30728,买盘
422,09:58:22,6.68,0.0,5,3340,买盘
423,09:58:28,6.69,0.01,164,109646,买盘
424,09:58:34,6.68,-0.01,31,20708,买盘
425,09:58:40,6.68,0.0,34,22692,买盘
426,09:58:42,6.68,0.0,122,81496,买盘
427,09:58:46,6.68,0.0,55,36740,买盘
428,09:58:49,6.68,0.0,65,43420,买盘
429,09:58:51,6.68,0.0,6,4008,买盘
430,09:58:55,6.68,0.0,115,76811,买盘
431,09:58:58,6.67,-0.01,2,1334,卖盘
432,09:59:01,6.68,0.01,130,86840,买盘
433,09:59:04,6.68,0.0,70,46760,卖盘
434,09:59:06,6.67,-0.01,30,20037,卖盘
435,09:59:09,6.67,0.0,2,1334,卖盘
436,09:59:13,6.69,0.02,12,8023,买盘
437,09:59:16,6.67,-0.02,30,20030,卖盘
438,09:59:22,6.68,0.01,10,6680,买盘
439,09:59:25,6.69,0.01,19,12696,买盘
440,09:59:31,6.69,0.0,3,2007,买盘
441,09:59:40,6.67,-0.02,29,19344,卖盘
442,09:59:46,6.69,0.02,88,58867,买盘
443,09:59:52,6.68,-0.01,47,31413,买盘
444,09:59:55,6.68,0.0,64,42742,买盘
445,09:59:58,6.69,0.01,19,12700,买盘
446,10:00:01,6.68,-0.01,7,4676,卖盘
447,10:00:07,6.69,0.01,45,30100,买盘
448,10:00:16,6.68,-0.01,2,1336,卖盘
449,10:00:27,6.69,0.01,20,13380,买盘
450,10:00:34,6.68,-0.01,57,38076,卖盘
451,10:00:37,6.69,0.01,10,6690,买盘
452,10:00:43,6.68,-0.01,59,39421,卖盘
453,10:00:52,6.69,0.01,5,3345,买盘
454,10:00:57,6.68,-0.01,5,3340,卖盘
455,10:01:04,6.69,0.01,70,46770,买盘
456,10:01:07,6.68,-0.01,6,4008,卖盘
457,10:01:13,6.69,0.01,16,10704,买盘
458,10:01:19,6.69,0.0,12,8028,买盘
459,10:01:28,6.69,0.0,5,3345,买盘
460,10:01:43,6.68,-0.01,49,32732,卖盘
461,10:01:45,6.68,0.0,87,58116,卖盘
462,10:01:55,6.69,0.01,84,56184,买盘
463,10:01:58,6.68,-0.01,8,5344,卖盘
464,10:02:01,6.68,0.0,555,370770,卖盘
465,10:02:04,6.68,0.0,17,11356,卖盘
466,10:02:10,6.67,-0.01,16,10672,卖盘
467,10:02:12,6.67,0.0,528,352176,卖盘
468,10:02:16,6.68,0.01,36,24048,买盘
469,10:02:19,6.67,-0.01,14,9338,卖盘
470,10:02:24,6.67,0.0,57,38019,卖盘
471,10:02:27,6.67,0.0,28,18676,卖盘
472,10:02:33,6.67,0.0,24,16008,卖盘
473,10:02:37,6.67,0.0,21,14007,卖盘
474,10:02:40,6.67,0.0,108,72036,卖盘
475,10:02:43,6.67,0.0,102,68034,卖盘
476,10:02:46,6.68,0.01,258,172186,买盘
477,10:02:49,6.67,-0.01,40,26680,卖盘
478,10:02:51,6.67,0.0,205,136735,卖盘
479,10:02:54,6.67,0.0,69,46023,买盘
480,10:03:01,6.67,0.0,19,12659,买盘
481,10:03:07,6.66,-0.01,1,666,卖盘
482,10:03:13,6.66,0.0,8,5328,卖盘
483,10:03:18,6.66,0.0,153,101901,卖盘
484,10:03:31,6.67,0.01,1,667,买盘
485,10:03:34,6.66,-0.01,50,33300,卖盘
486,10:03:37,6.66,0.0,38,25308,卖盘
487,10:03:40,6.66,0.0,92,61272,卖盘
488,10:03:46,6.67,0.01,913,608971,买盘
489,10:03:48,6.68,0.01,5,3340,买盘
490,10:03:52,6.67,-0.01,28,18678,卖盘
491,10:03:58,6.67,0.0,19,12673,卖盘
492,10:04:04,6.67,0.0,70,46690,卖盘
493,10:04:22,6.67,0.0,325,216777,买盘
494,10:04:28,6.67,0.0,12,8004,卖盘
495,10:04:34,6.67,0.0,10,6670,卖盘
496,10:04:36,6.67,0.0,20,13340,卖盘
497,10:04:40,6.68,0.01,35,23375,买盘
498,10:05:13,6.68,0.0,59,39397,买盘
499,10:05:19,6.67,-0.01,30,20010,卖盘
500,10:05:22,6.68,0.01,11,7348,买盘
501,10:05:25,6.68,0.0,792,529056,买盘
502,10:05:46,6.68,0.0,13,8681,买盘
503,10:05:48,6.68,0.0,60,40080,买盘
504,10:05:52,6.67,-0.01,46,30682,卖盘
505,10:05:55,6.68,0.01,338,225784,买盘
506,10:05:58,6.67,-0.01,300,200100,卖盘
507,10:06:01,6.67,0.0,1,667,卖盘
508,10:06:04,6.67,0.0,20,13340,卖盘
509,10:06:10,6.67,0.0,70,46690,卖盘
510,10:06:13,6.67,0.0,10,6670,卖盘
511,10:06:18,6.67,0.0,82,54694,卖盘
512,10:06:28,6.67,0.0,141,94047,买盘
513,10:06:31,6.66,-0.01,32,21312,卖盘
514,10:06:34,6.67,0.01,10,6670,买盘
515,10:06:37,6.67,0.0,125,83290,买盘
516,10:06:46,6.66,-0.01,10,6660,卖盘
517,10:06:55,6.67,0.01,4,2668,买盘
518,10:06:57,6.66,-0.01,1412,940392,卖盘
519,10:07:04,6.66,0.0,20,13320,买盘
520,10:07:15,6.66,0.0,101,67251,买盘
521,10:07:18,6.65,-0.01,3,1995,卖盘
522,10:07:21,6.65,0.0,5,3325,卖盘
523,10:07:27,6.65,0.0,5,3325,卖盘
524,10:07:34,6.65,0.0,960,638400,卖盘
525,10:07:45,6.66,0.01,100,66600,买盘
526,10:08:01,6.65,-0.01,58,38618,卖盘
527,10:08:10,6.65,0.0,14,9310,卖盘
528,10:08:13,6.65,0.0,14,9310,卖盘
529,10:08:16,6.66,0.01,20,13320,买盘
530,10:08:19,6.65,-0.01,22,14630,卖盘
531,10:08:25,6.66,0.01,2,1332,买盘
532,10:08:28,6.66,0.0,20,13320,买盘
533,10:08:31,6.65,-0.01,151,100526,卖盘
534,10:08:40,6.66,0.01,32,21312,买盘
535,10:08:42,6.66,0.0,100,66600,卖盘
536,10:08:52,6.66,0.0,55,36630,卖盘
537,10:09:00,6.66,0.0,3,1998,卖盘
538,10:09:07,6.67,0.01,21,14007,买盘
539,10:09:51,6.66,-0.01,24,15984,卖盘
540,10:10:03,6.66,0.0,90,59940,卖盘
541,10:10:10,6.67,0.01,26,17342,买盘
542,10:10:22,6.67,0.0,26,17342,买盘
543,10:10:25,6.67,0.0,225,149999,买盘
544,10:10:31,6.66,-0.01,12,7992,卖盘
545,10:10:39,6.66,0.0,97,64602,卖盘
546,10:10:46,6.67,0.01,16,10672,买盘
547,10:10:58,6.66,-0.01,28,18648,卖盘
548,10:11:07,6.66,0.0,188,125208,卖盘
549,10:11:09,6.66,0.0,58,38628,卖盘
550,10:11:28,6.66,0.0,5,3330,卖盘
551,10:11:31,6.66,0.0,149,99234,卖盘
552,10:11:33,6.66,0.0,131,87246,卖盘
553,10:11:37,6.66,0.0,10,6660,买盘
554,10:11:57,6.65,-0.01,15,9975,卖盘
555,10:12:00,6.66,0.01,1,666,买盘
556,10:12:06,6.65,-0.01,96,63840,卖盘
557,10:12:10,6.65,0.0,16,10640,卖盘
558,10:12:16,6.66,0.01,229,152514,买盘
559,10:12:31,6.66,0.0,143,95238,买盘
560,10:12:34,6.65,-0.01,13,8648,卖盘
561,10:12:43,6.66,0.01,20,13320,买盘
562,10:12:49,6.65,-0.01,11,7315,卖盘
563,10:12:52,6.65,0.0,16,10640,卖盘
564,10:12:55,6.66,0.01,20,13320,买盘
565,10:13:03,6.65,-0.01,5,3325,卖盘
566,10:13:07,6.66,0.01,447,297702,买盘
567,10:13:10,6.66,0.0,80,53280,卖盘
568,10:13:13,6.66,0.0,274,182484,卖盘
569,10:13:19,6.66,0.0,5,3330,买盘
570,10:13:33,6.66,0.0,41,27306,买盘
571,10:13:40,6.66,0.0,21,13986,买盘
572,10:14:09,6.66,0.0,79,52614,买盘
573,10:14:16,6.66,0.0,75,49950,买盘
574,10:14:19,6.66,0.0,7,4662,买盘
575,10:14:37,6.65,-0.01,9,5985,卖盘
576,10:14:43,6.66,0.01,21,13986,买盘
577,10:14:52,6.66,0.0,23,15318,买盘
578,10:14:57,6.65,-0.01,28,18620,卖盘
579,10:15:07,6.66,0.01,20,13320,买盘
580,10:15:09,6.66,0.0,51,33966,买盘
581,10:15:13,6.65,-0.01,92,61186,卖盘
582,10:15:16,6.65,0.0,15,9975,卖盘
583,10:15:19,6.65,0.0,15,9980,卖盘
584,10:15:25,6.66,0.01,319,212454,买盘
585,10:15:40,6.66,0.0,4,2664,卖盘
586,10:15:43,6.66,0.0,15,9990,卖盘
587,10:15:46,6.66,0.0,224,149205,卖盘
588,10:16:10,6.66,0.0,17,11322,卖盘
589,10:16:18,6.67,0.01,4,2668,买盘
590,10:16:22,6.66,-0.01,10,6660,卖盘
591,10:16:28,6.66,0.0,13,8658,卖盘
592,10:16:30,6.66,0.0,5,3330,卖盘
593,10:16:42,6.67,0.01,200,133400,买盘
594,10:16:49,6.67,0.0,21,14007,买盘
595,10:17:01,6.66,-0.01,4,2664,卖盘
596,10:17:10,6.67,0.01,10,6670,买盘
597,10:17:13,6.66,-0.01,29,19314,卖盘
598,10:17:18,6.67,0.01,6,4002,买盘
599,10:17:25,6.66,-0.01,94,62609,卖盘
600,10:17:43,6.66,0.0,24,15984,卖盘
601,10:17:46,6.66,0.0,33,21978,卖盘
602,10:17:49,6.66,0.0,30,20000,卖盘
603,10:17:55,6.67,0.01,40,26680,买盘
604,10:17:58,6.67,0.0,3,2001,买盘
605,10:18:15,6.67,0.0,343,228703,买盘
606,10:18:19,6.66,-0.01,375,249750,卖盘
607,10:18:33,6.66,0.0,200,133200,买盘
608,10:18:45,6.66,0.0,100,66600,买盘
609,10:18:49,6.65,-0.01,95,63223,卖盘
610,10:18:55,6.66,0.01,3,1998,买盘
611,10:19:01,6.66,0.0,30,19980,买盘
612,10:19:10,6.66,0.0,8,5328,买盘
613,10:19:13,6.65,-0.01,103,68579,卖盘
614,10:19:15,6.66,0.01,4,2664,买盘
615,10:19:18,6.66,0.0,6,3996,买盘
616,10:19:22,6.65,-0.01,116,77140,卖盘
617,10:19:52,6.65,0.0,67,44615,卖盘
618,10:19:55,6.66,0.01,21,13986,买盘
619,10:20:21,6.66,0.0,4,2664,买盘
620,10:20:52,6.65,-0.01,103,68495,卖盘
621,10:20:58,6.66,0.01,21,13986,买盘
622,10:21:06,6.65,-0.01,153,101745,卖盘
623,10:21:09,6.65,0.0,1,665,卖盘
624,10:21:19,6.66,0.01,33,21978,买盘
625,10:21:22,6.66,0.0,5,3330,买盘
626,10:21:37,6.66,0.0,15,9979,买盘
627,10:21:43,6.65,-0.01,89,59185,卖盘
628,10:21:48,6.65,0.0,30,19950,卖盘
629,10:22:01,6.65,0.0,28,18620,卖盘
630,10:22:07,6.65,0.0,106,70512,卖盘
631,10:22:22,6.65,0.0,7,4655,买盘
632,10:22:27,6.65,0.0,25,16625,买盘
633,10:22:34,6.64,-0.01,100,66400,卖盘
634,10:22:37,6.65,0.01,85,56525,买盘
635,10:23:07,6.64,-0.01,85,56440,卖盘
636,10:23:18,6.65,0.01,52,34578,买盘
637,10:23:22,6.65,0.0,6,3990,买盘
638,10:23:34,6.65,0.0,3,1995,买盘
639,10:24:09,6.65,0.0,305,202825,买盘
640,10:24:12,6.64,-0.01,30,19920,卖盘
641,10:24:16,6.65,0.01,88,58520,买盘
642,10:24:22,6.65,0.0,4,2660,买盘
643,10:24:28,6.65,0.0,4,2660,买盘
644,10:24:52,6.64,-0.01,40,26560,卖盘
645,10:24:55,6.65,0.01,70,46550,买盘
646,10:25:07,6.64,-0.01,657,436248,卖盘
647,10:25:13,6.65,0.01,18,11970,买盘
648,10:25:16,6.64,-0.01,20,13280,卖盘
649,10:25:22,6.65,0.01,36,23910,买盘
650,10:25:25,6.64,-0.01,10,6640,卖盘
651,10:25:28,6.64,0.0,59,39176,卖盘
652,10:25:31,6.64,0.0,10,6640,卖盘
653,10:25:34,6.65,0.01,55,36575,买盘
654,10:25:43,6.64,-0.01,113,75032,卖盘
655,10:25:46,6.65,0.01,106,70440,买盘
656,10:25:49,6.64,-0.01,107,71048,卖盘
657,10:25:52,6.64,0.0,6,3984,卖盘
658,10:26:07,6.64,0.0,10,6640,买盘
659,10:26:21,6.64,0.0,27,17928,买盘
660,10:26:37,6.64,0.0,20,13280,买盘
661,10:26:49,6.64,0.0,102,67728,买盘
662,10:26:52,6.64,0.0,296,196544,买盘
663,10:26:55,6.64,0.0,80,53120,卖盘
664,10:27:04,6.64,0.0,5,3320,卖盘
665,10:27:12,6.65,0.01,212,140968,买盘
666,10:27:16,6.64,-0.01,30,19920,卖盘
667,10:27:22,6.65,0.01,8,5320,买盘
668,10:27:28,6.65,0.0,21,13965,买盘
669,10:27:46,6.65,0.0,3,1995,买盘
670,10:27:49,6.64,-0.01,10,6640,卖盘
671,10:27:58,6.65,0.01,10,6650,买盘
672,10:28:09,6.65,0.0,200,133000,买盘
673,10:28:22,6.65,0.0,6,3990,买盘
674,10:28:36,6.64,-0.01,115,76390,卖盘
675,10:28:39,6.65,0.01,20,13300,买盘
676,10:28:46,6.65,0.0,100,66500,买盘
677,10:29:13,6.65,0.0,16,10640,买盘
678,10:29:16,6.65,0.0,7,4655,买盘
679,10:29:22,6.64,-0.01,15,9960,卖盘
680,10:29:25,6.65,0.01,8,5320,买盘
681,10:29:28,6.64,-0.01,50,33200,卖盘
682,10:29:31,6.64,0.0,90,59760,卖盘
683,10:29:52,6.65,0.01,24,15960,买盘
684,10:29:58,6.65,0.0,108,71820,买盘
685,10:30:24,6.65,0.0,6,3990,买盘
686,10:30:40,6.65,0.0,70,46550,买盘
687,10:30:49,6.65,0.0,70,46550,买盘
688,10:30:55,6.65,0.0,20,13300,买盘
689,10:31:07,6.65,0.0,292,194088,买盘
690,10:31:24,6.64,-0.01,10,6645,卖盘
691,10:31:37,6.65,0.01,18,11970,买盘
692,10:31:43,6.65,0.0,14,9310,卖盘
693,10:32:10,6.64,-0.01,13,8632,卖盘
694,10:32:24,6.65,0.01,6,3990,买盘
695,10:32:40,6.65,0.0,189,125685,买盘
696,10:32:48,6.65,0.0,2,1330,卖盘
697,10:32:51,6.65,0.0,10,6650,卖盘
698,10:33:04,6.65,0.0,227,150955,卖盘
699,10:33:07,6.66,0.01,25,16650,买盘
700,10:33:10,6.65,-0.01,200,133000,卖盘
701,10:33:13,6.66,0.01,4,2664,买盘
702,10:33:22,6.65,-0.01,12,7980,卖盘
703,10:33:25,6.66,0.01,7,4662,买盘
704,10:33:31,6.65,-0.01,18,11970,卖盘
705,10:33:52,6.65,0.0,4,2660,卖盘
706,10:33:57,6.66,0.01,3,1998,买盘
707,10:34:25,6.66,0.0,5,3330,买盘
708,10:34:37,6.65,-0.01,98,65170,卖盘
709,10:34:49,6.65,0.0,30,19950,卖盘
710,10:34:58,6.65,0.0,100,66500,卖盘
711,10:35:09,6.65,0.0,81,53865,卖盘
712,10:35:16,6.65,0.0,48,31928,卖盘
713,10:35:25,6.66,0.01,5,3330,买盘
714,10:35:28,6.66,0.0,1,666,买盘
715,10:35:34,6.66,0.0,10,6660,买盘
716,10:35:36,6.65,-0.01,74,49210,卖盘
717,10:35:39,6.65,0.0,60,39900,卖盘
718,10:35:49,6.65,0.0,5,3325,卖盘
719,10:35:52,6.65,0.0,1,665,卖盘
720,10:36:07,6.65,0.0,6,3990,买盘
721,10:36:12,6.65,0.0,89,59101,买盘
722,10:36:19,6.65,0.0,15,9975,买盘
723,10:36:25,6.65,0.0,37,24593,买盘
724,10:36:30,6.64,-0.01,23,15272,卖盘
725,10:36:43,6.65,0.01,18,11970,买盘
726,10:37:04,6.64,-0.01,22,14608,卖盘
727,10:37:07,6.64,0.0,5,3320,卖盘
728,10:37:10,6.64,0.0,60,39840,卖盘
729,10:37:19,6.64,0.0,92,61088,卖盘
730,10:37:24,6.65,0.01,45,29885,买盘
731,10:37:30,6.65,0.0,14,9310,买盘
732,10:37:37,6.65,0.0,21,13965,买盘
733,10:38:07,6.65,0.0,12,7980,买盘
734,10:38:24,6.65,0.0,6,3990,买盘
735,10:38:37,6.64,-0.01,82,54448,卖盘
736,10:38:39,6.65,0.01,21,13965,买盘
737,10:38:52,6.64,-0.01,2,1328,卖盘
738,10:39:24,6.65,0.01,10,6650,买盘
739,10:39:28,6.65,0.0,5,3325,买盘
740,10:39:34,6.64,-0.01,5,3320,卖盘
741,10:39:40,6.65,0.01,20,13300,买盘
742,10:39:43,6.64,-0.01,93,61752,卖盘
743,10:39:52,6.64,0.0,40,26560,卖盘
744,10:40:07,6.64,0.0,10,6640,卖盘
745,10:40:16,6.64,0.0,10,6640,卖盘
746,10:40:28,6.65,0.01,6,3990,买盘
747,10:40:31,6.64,-0.01,5,3320,卖盘
748,10:40:34,6.64,0.0,106,70384,卖盘
749,10:40:37,6.64,0.0,5,3320,卖盘
750,10:40:52,6.64,0.0,72,47808,卖盘
751,10:41:06,6.64,0.0,88,58432,卖盘
752,10:41:19,6.64,0.0,2,1328,卖盘
753,10:41:28,6.65,0.01,5,3325,买盘
754,10:41:52,6.65,0.0,20,13300,买盘
755,10:41:58,6.64,-0.01,2,1328,卖盘
756,10:42:04,6.64,0.0,73,48472,卖盘
757,10:42:07,6.65,0.01,49,32585,买盘
758,10:42:15,6.65,0.0,7,4655,买盘
759,10:42:18,6.64,-0.01,2,1328,卖盘
760,10:42:28,6.65,0.01,6,3990,买盘
761,10:42:31,6.64,-0.01,81,53784,卖盘
762,10:42:40,6.65,0.01,20,13300,买盘
763,10:42:49,6.65,0.0,27,17955,买盘
764,10:42:52,6.65,0.0,24,15960,买盘
765,10:42:58,6.65,0.0,32,21280,买盘
766,10:43:04,6.64,-0.01,25,16600,卖盘
767,10:43:22,6.65,0.01,116,77044,买盘
768,10:43:28,6.65,0.0,6,3990,买盘
769,10:43:48,6.64,-0.01,28,18592,卖盘
770,10:43:55,6.64,0.0,29,19256,卖盘
771,10:44:04,6.65,0.01,20,13300,买盘
772,10:44:07,6.65,0.0,24,15960,买盘
773,10:44:24,6.65,0.0,33,21945,买盘
774,10:44:28,6.65,0.0,8,5320,买盘
775,10:45:01,6.64,-0.01,2,1328,卖盘
776,10:45:04,6.65,0.01,70,46490,买盘
777,10:45:07,6.65,0.0,10,6650,买盘
778,10:45:19,6.65,0.0,25,16625,买盘
779,10:45:28,6.65,0.0,100,66405,买盘
780,10:45:58,6.64,-0.01,102,67728,卖盘
781,10:46:28,6.65,0.01,6,3990,买盘
782,10:46:34,6.65,0.0,25,16625,买盘
783,10:46:51,6.64,-0.01,79,52456,卖盘
784,10:46:58,6.64,0.0,3,1992,卖盘
785,10:47:04,6.65,0.01,10,6650,买盘
786,10:47:28,6.64,-0.01,81,53784,卖盘
787,10:47:31,6.65,0.01,7,4655,买盘
788,10:47:49,6.65,0.0,24,15960,买盘
789,10:48:06,6.64,-0.01,98,65072,卖盘
790,10:48:12,6.64,0.0,2,1328,卖盘
791,10:48:19,6.64,0.0,20,13280,卖盘
792,10:48:30,6.64,0.0,17,11295,卖盘
793,10:48:49,6.64,0.0,28,18592,卖盘
794,10:48:54,6.65,0.01,22,14630,买盘
795,10:48:58,6.64,-0.01,10,6640,卖盘
796,10:49:15,6.64,0.0,95,63080,卖盘
797,10:49:31,6.65,0.01,5,3325,买盘
798,10:49:49,6.65,0.0,189,125507,买盘
799,10:49:52,6.64,-0.01,102,67728,卖盘
800,10:50:00,6.65,0.01,22,14630,买盘
801,10:50:03,6.64,-0.01,215,142760,卖盘
802,10:50:18,6.64,0.0,14,9296,卖盘
803,10:50:31,6.65,0.01,6,3990,买盘
804,10:50:33,6.64,-0.01,10,6640,卖盘
805,10:50:46,6.64,0.0,87,57768,卖盘
806,10:51:06,6.65,0.01,5,3325,买盘
807,10:51:19,6.64,-0.01,2,1328,卖盘
808,10:51:31,6.65,0.01,7,4655,买盘
809,10:51:36,6.64,-0.01,106,70384,卖盘
810,10:51:52,6.64,0.0,10,6640,卖盘
811,10:51:58,6.65,0.01,98,65170,买盘
812,10:52:04,6.65,0.0,21,13965,买盘
813,10:52:07,6.64,-0.01,80,53120,卖盘
814,10:52:09,6.65,0.01,10,6650,买盘
815,10:52:13,6.65,0.0,48,31920,买盘
816,10:52:19,6.65,0.0,19,12635,买盘
817,10:52:30,6.65,0.0,6,3990,买盘
818,10:52:33,6.64,-0.01,60,39890,卖盘
819,10:52:37,6.65,0.01,10,6650,买盘
820,10:52:54,6.64,-0.01,5,3320,卖盘
821,10:53:04,6.65,0.01,250,166250,买盘
822,10:53:12,6.65,0.0,107,71155,买盘
823,10:53:19,6.65,0.0,27,17955,买盘
824,10:53:27,6.65,0.0,306,203490,买盘
825,10:53:31,6.65,0.0,7,4655,买盘
826,10:53:40,6.65,0.0,2,1330,买盘
827,10:53:43,6.65,0.0,11,7315,买盘
828,10:53:51,6.65,0.0,20,13300,买盘
829,10:53:55,6.65,0.0,5,3325,买盘
830,10:54:07,6.65,0.0,107,71155,买盘
831,10:54:13,6.65,0.0,2,1330,买盘
832,10:54:19,6.65,0.0,12,7980,买盘
833,10:54:31,6.65,0.0,31,20613,买盘
834,10:54:37,6.65,0.0,20,13300,买盘
835,10:54:40,6.65,0.0,122,81130,买盘
836,10:54:45,6.65,0.0,6,3990,买盘
837,10:54:51,6.65,0.0,19,12635,买盘
838,10:54:58,6.65,0.0,5,3325,买盘
839,10:55:04,6.65,0.0,21,13965,买盘
840,10:55:06,6.65,0.0,5,3325,买盘
841,10:55:22,6.65,0.0,250,166250,买盘
842,10:55:28,6.65,0.0,2,1330,买盘
843,10:55:31,6.65,0.0,5,3325,买盘
844,10:56:19,6.64,-0.01,7,4648,卖盘
845,10:56:27,6.64,0.0,12,7968,卖盘
846,10:56:34,6.65,0.01,20,13300,买盘
847,10:56:43,6.65,0.0,11,7315,买盘
848,10:56:49,6.65,0.0,87,57776,买盘
849,10:57:07,6.65,0.0,23,15295,买盘
850,10:57:33,6.65,0.0,5,3325,买盘
851,10:57:40,6.64,-0.01,2,1328,卖盘
852,10:57:43,6.64,0.0,39,25896,卖盘
853,10:57:51,6.65,0.01,18,11970,买盘
854,10:57:57,6.65,0.0,10,6650,买盘
855,10:58:07,6.64,-0.01,159,105576,卖盘
856,10:58:16,6.65,0.01,67,44555,买盘
857,10:58:22,6.65,0.0,3,1995,买盘
858,10:58:31,6.64,-0.01,15,9960,卖盘
859,10:58:33,6.65,0.01,6,3990,买盘
860,10:58:36,6.64,-0.01,18,11969,卖盘
861,10:59:06,6.65,0.01,8,5320,买盘
862,10:59:16,6.65,0.0,283,188195,买盘
863,10:59:22,6.65,0.0,8,5320,买盘
864,10:59:34,6.66,0.01,8,5328,买盘
865,10:59:37,6.65,-0.01,85,56525,卖盘
866,11:00:06,6.66,0.01,1,666,买盘
867,11:00:13,6.65,-0.01,9,5985,卖盘
868,11:00:16,6.65,0.0,3,1995,卖盘
869,11:00:19,6.65,0.0,4,2660,卖盘
870,11:00:22,6.65,0.0,3,1995,卖盘
871,11:00:25,6.65,0.0,3,1995,卖盘
872,11:00:33,6.66,0.01,7,4662,买盘
873,11:00:36,6.65,-0.01,7,4655,卖盘
874,11:01:07,6.65,0.0,80,53200,卖盘
875,11:01:15,6.65,0.0,47,31255,卖盘
876,11:01:34,6.66,0.01,5,3330,买盘
877,11:01:49,6.66,0.0,1,666,买盘
878,11:01:52,6.65,-0.01,297,197505,卖盘
879,11:02:07,6.65,0.0,79,52535,卖盘
880,11:02:13,6.66,0.01,3,1998,买盘
881,11:02:33,6.66,0.0,7,4662,买盘
882,11:02:36,6.66,0.0,20,13302,买盘
883,11:02:52,6.66,0.0,250,166500,买盘
884,11:02:58,6.65,-0.01,197,131005,卖盘
885,11:03:18,6.65,0.0,108,71820,卖盘
886,11:03:27,6.65,0.0,24,15960,卖盘
887,11:03:33,6.65,0.0,11,7322,卖盘
888,11:03:46,6.65,0.0,500,332500,卖盘
889,11:04:01,6.65,0.0,102,67830,卖盘
890,11:04:06,6.65,0.0,20,13300,卖盘
891,11:04:13,6.65,0.0,250,166250,卖盘
892,11:04:34,6.66,0.01,5,3330,买盘
893,11:04:37,6.65,-0.01,10,6650,卖盘
894,11:04:49,6.65,0.0,29,19285,卖盘
895,11:05:00,6.65,0.0,20,13300,买盘
896,11:05:04,6.65,0.0,30,19950,买盘
897,11:05:16,6.64,-0.01,98,65072,卖盘
898,11:05:36,6.65,0.01,7,4655,买盘
899,11:05:45,6.64,-0.01,13,8632,卖盘
900,11:05:55,6.64,0.0,102,67728,卖盘
901,11:06:09,6.65,0.01,13,8645,买盘
902,11:06:15,6.64,-0.01,42,27888,卖盘
903,11:06:37,6.65,0.01,7,4655,买盘
904,11:06:45,6.64,-0.01,84,55776,卖盘
905,11:07:01,6.64,0.0,1,664,卖盘
906,11:07:18,6.65,0.01,500,332500,买盘
907,11:07:37,6.65,0.0,6,3990,买盘
908,11:07:52,6.65,0.0,10,6650,买盘
909,11:08:09,6.65,0.0,2,1330,买盘
910,11:08:12,6.65,0.0,78,51870,买盘
911,11:08:21,6.65,0.0,8,5320,买盘
912,11:08:36,6.65,0.0,5,3325,买盘
913,11:09:15,6.65,0.0,3,1995,买盘
914,11:09:28,6.65,0.0,1,665,买盘
915,11:09:34,6.64,-0.01,100,66400,卖盘
916,11:09:36,6.65,0.01,5,3325,买盘
917,11:09:46,6.65,0.0,100,66500,买盘
918,11:10:22,6.64,-0.01,11,7304,卖盘
919,11:10:37,6.65,0.01,8,5320,买盘
920,11:11:07,6.64,-0.01,81,53784,卖盘
921,11:11:37,6.65,0.01,8,5320,买盘
922,11:11:54,6.64,-0.01,8,5312,卖盘
923,11:12:07,6.64,0.0,529,351706,卖盘
924,11:12:27,6.65,0.01,4,2660,买盘
925,11:12:37,6.65,0.0,30,19950,买盘
926,11:12:48,6.64,-0.01,113,75032,卖盘
927,11:13:09,6.64,0.0,20,13280,卖盘
928,11:13:37,6.65,0.01,4,2660,买盘
929,11:13:42,6.64,-0.01,90,59760,卖盘
930,11:14:01,6.64,0.0,24,15936,卖盘
931,11:14:09,6.64,0.0,19,12616,卖盘
932,11:14:12,6.64,0.0,3,1992,卖盘
933,11:14:19,6.64,0.0,10,6640,卖盘
934,11:14:22,6.64,0.0,188,124832,卖盘
935,11:14:25,6.64,0.0,55,36520,卖盘
936,11:14:28,6.64,0.0,65,43160,卖盘
937,11:14:31,6.64,0.0,71,47144,卖盘
938,11:14:33,6.64,0.0,252,167328,卖盘
939,11:14:36,6.65,0.01,644,427623,买盘
940,11:14:40,6.64,-0.01,16,10624,卖盘
941,11:14:52,6.64,0.0,15,9960,买盘
942,11:14:57,6.63,-0.01,18,11934,卖盘
943,11:15:01,6.64,0.01,27,17927,买盘
944,11:15:07,6.63,-0.01,87,57682,卖盘
945,11:15:16,6.63,0.0,31,20553,卖盘
946,11:15:19,6.63,0.0,5,3315,卖盘
947,11:15:37,6.64,0.01,5,3320,买盘
948,11:15:46,6.63,-0.01,18,11934,卖盘
949,11:15:52,6.63,0.0,100,66300,卖盘
950,11:16:15,6.63,0.0,20,13260,卖盘
951,11:16:19,6.63,0.0,108,71604,卖盘
952,11:16:21,6.63,0.0,40,26520,卖盘
953,11:16:25,6.63,0.0,455,301665,卖盘
954,11:16:28,6.63,0.0,80,53040,卖盘
955,11:16:31,6.63,0.0,50,33150,卖盘
956,11:16:34,6.63,0.0,193,127959,卖盘
957,11:16:37,6.63,0.0,7,4641,买盘
958,11:16:57,6.62,-0.01,159,105268,卖盘
959,11:17:04,6.63,0.01,500,331500,买盘
960,11:17:12,6.63,0.0,75,49725,买盘
961,11:17:18,6.63,0.0,65,43095,卖盘
962,11:17:21,6.63,0.0,25,16575,卖盘
963,11:17:40,6.64,0.01,5,3320,买盘
964,11:18:10,6.63,-0.01,134,88842,卖盘
965,11:18:27,6.63,0.0,7,4641,卖盘
966,11:18:30,6.63,0.0,21,13923,卖盘
967,11:18:34,6.63,0.0,70,46410,卖盘
968,11:18:39,6.64,0.01,7,4648,买盘
969,11:18:43,6.63,-0.01,1,663,卖盘
970,11:18:49,6.63,0.0,1,663,卖盘
971,11:18:52,6.63,0.0,34,22542,卖盘
972,11:19:04,6.64,0.01,3,1992,买盘
973,11:19:07,6.63,-0.01,99,65637,卖盘
974,11:19:21,6.63,0.0,4,2652,卖盘
975,11:19:34,6.64,0.01,103,68392,买盘
976,11:19:39,6.64,0.0,6,3984,买盘
977,11:20:12,6.63,-0.01,86,57018,卖盘
978,11:20:30,6.63,0.0,3,1989,卖盘
979,11:20:40,6.64,0.01,7,4648,买盘
980,11:21:04,6.63,-0.01,146,96798,卖盘
981,11:21:13,6.63,0.0,300,198900,卖盘
982,11:21:16,6.63,0.0,98,64974,卖盘
983,11:21:40,6.64,0.01,6,3984,买盘
984,11:21:54,6.63,-0.01,75,49725,卖盘
985,11:21:57,6.63,0.0,102,67626,卖盘
986,11:22:18,6.63,0.0,28,18564,卖盘
987,11:22:37,6.63,0.0,392,259896,卖盘
988,11:22:39,6.63,0.0,33,21879,买盘
989,11:22:43,6.62,-0.01,78,51636,卖盘
990,11:22:45,6.63,0.01,5,3315,买盘
991,11:22:54,6.63,0.0,9,5967,买盘
992,11:23:18,6.63,0.0,40,26490,买盘
993,11:23:24,6.62,-0.01,10,6620,卖盘
994,11:23:28,6.62,0.0,86,56932,卖盘
995,11:23:33,6.62,0.0,12,7944,卖盘
996,11:23:39,6.63,0.01,7,4641,买盘
997,11:24:07,6.62,-0.01,102,67524,卖盘
998,11:24:13,6.63,0.01,261,173043,买盘
999,11:24:15,6.63,0.0,4,2652,卖盘
1000,11:24:39,6.64,0.01,8,5312,买盘
1001,11:25:10,6.63,-0.01,25,16575,卖盘
1002,11:25:21,6.64,0.01,450,298800,买盘
1003,11:25:31,6.64,0.0,400,265600,买盘
1004,11:25:42,6.64,0.0,7,4648,买盘
1005,11:26:24,6.64,0.0,200,132800,买盘
1006,11:26:33,6.64,0.0,2,1328,买盘
1007,11:26:42,6.63,-0.01,47,31168,卖盘
1008,11:26:51,6.64,0.01,16,10624,买盘
1009,11:27:22,6.63,-0.01,87,57681,卖盘
1010,11:27:25,6.64,0.01,81,53784,买盘
1011,11:27:43,6.64,0.0,7,4648,买盘
1012,11:27:51,6.63,-0.01,15,9945,卖盘
1013,11:28:21,6.63,0.0,24,15912,卖盘
1014,11:28:33,6.64,0.01,5,3320,买盘
1015,11:28:39,6.64,0.0,7,4648,买盘
1016,11:28:42,6.64,0.0,7,4648,买盘
1017,11:28:51,6.64,0.0,200,132800,买盘
1018,11:28:57,6.63,-0.01,30,19890,卖盘
1019,11:29:13,6.64,0.01,48,31872,买盘
1020,11:29:27,6.64,0.0,73,48472,买盘
1021,11:29:30,6.64,0.0,71,47144,卖盘
1022,11:29:33,6.64,0.0,2,1328,买盘
1023,11:29:43,6.64,0.0,7,4648,买盘
1024,13:00:04,6.64,0.0,5,3320,买盘
1025,13:00:07,6.63,-0.01,255,169104,卖盘
1026,13:00:18,6.63,0.0,228,151164,卖盘
1027,13:00:30,6.64,0.01,3,1992,买盘
1028,13:00:42,6.64,0.0,7,4648,买盘
1029,13:00:45,6.64,0.0,300,199200,买盘
1030,13:00:49,6.63,-0.01,14,9282,卖盘
1031,13:01:42,6.64,0.01,7,4648,买盘
1032,13:01:48,6.63,-0.01,39,25857,卖盘
1033,13:02:04,6.63,0.0,30,19890,卖盘
1034,13:02:27,6.63,0.0,93,61659,卖盘
1035,13:02:30,6.63,0.0,50,33150,卖盘
1036,13:02:42,6.64,0.01,49,32536,买盘
1037,13:02:48,6.64,0.0,68,45152,买盘
1038,13:03:33,6.63,-0.01,87,57681,卖盘
1039,13:03:42,6.64,0.01,335,222440,买盘
1040,13:04:00,6.64,0.0,20,13280,买盘
1041,13:04:09,6.63,-0.01,12,7956,卖盘
1042,13:04:36,6.63,0.0,315,208845,卖盘
1043,13:04:42,6.63,0.0,4,2652,买盘
1044,13:04:48,6.63,0.0,260,172380,买盘
1045,13:04:51,6.63,0.0,81,53703,卖盘
1046,13:05:31,6.63,0.0,20,13260,卖盘
1047,13:05:36,6.63,0.0,103,68289,卖盘
1048,13:05:45,6.63,0.0,72,47743,卖盘
1049,13:05:58,6.63,0.0,41,27183,卖盘
1050,13:06:19,6.64,0.01,373,247672,买盘
1051,13:06:30,6.63,-0.01,461,305643,卖盘
1052,13:06:42,6.63,0.0,25,16575,买盘
1053,13:06:45,6.63,0.0,7,4641,买盘
1054,13:06:57,6.63,0.0,297,196911,买盘
1055,13:07:01,6.63,0.0,80,53040,卖盘
1056,13:07:09,6.63,0.0,100,66300,卖盘
1057,13:07:12,6.63,0.0,35,23205,卖盘
1058,13:07:45,6.63,0.0,6,3978,买盘
1059,13:08:19,6.63,0.0,75,49725,买盘
1060,13:08:25,6.62,-0.01,5,3310,卖盘
1061,13:08:30,6.63,0.01,9,5967,买盘
1062,13:08:33,6.62,-0.01,17,11254,卖盘
1063,13:08:45,6.63,0.01,7,4641,买盘
1064,13:08:51,6.62,-0.01,3,1986,卖盘
1065,13:08:57,6.62,0.0,109,72158,卖盘
1066,13:09:01,6.62,0.0,2,1324,卖盘
1067,13:09:04,6.63,0.01,10,6630,买盘
1068,13:09:42,6.63,0.0,300,198900,买盘
1069,13:09:46,6.64,0.01,6,3984,买盘
1070,13:09:52,6.63,-0.01,50,33150,卖盘
1071,13:10:04,6.63,0.0,50,33150,卖盘
1072,13:10:31,6.64,0.01,15,9960,买盘
1073,13:10:43,6.63,-0.01,10,6630,卖盘
1074,13:10:45,6.64,0.01,5,3320,买盘
1075,13:11:07,6.63,-0.01,102,67626,卖盘
1076,13:11:15,6.63,0.0,14,9282,卖盘
1077,13:11:40,6.63,0.0,9,5967,卖盘
1078,13:11:45,6.64,0.01,34,22546,买盘
1079,13:12:07,6.63,-0.01,81,53703,卖盘
1080,13:12:24,6.63,0.0,5,3315,卖盘
1081,13:12:45,6.64,0.01,54,35806,买盘
1082,13:13:07,6.63,-0.01,80,53040,卖盘
1083,13:13:13,6.64,0.01,560,371840,买盘
1084,13:13:34,6.63,-0.01,80,53040,卖盘
1085,13:13:46,6.64,0.01,567,376488,买盘
1086,13:13:57,6.64,0.0,11,7304,买盘
1087,13:14:07,6.64,0.0,92,61008,买盘
1088,13:14:10,6.64,0.0,55,36520,买盘
1089,13:14:12,6.63,-0.01,45,29835,卖盘
1090,13:14:15,6.64,0.01,304,201856,买盘
1091,13:14:22,6.63,-0.01,92,61061,卖盘
1092,13:14:39,6.64,0.01,3,1992,卖盘
1093,13:14:45,6.64,0.0,3,1992,买盘
1094,13:14:49,6.64,0.0,8,5312,买盘
1095,13:14:51,6.64,0.0,3,1992,买盘
1096,13:15:04,6.64,0.0,13,8632,买盘
1097,13:15:25,6.64,0.0,33,21912,买盘
1098,13:15:33,6.64,0.0,214,142088,买盘
1099,13:15:37,6.64,0.0,75,49800,卖盘
1100,13:15:48,6.65,0.01,5,3325,买盘
1101,13:16:01,6.65,0.0,50,33250,买盘
1102,13:16:15,6.64,-0.01,200,132800,卖盘
1103,13:16:28,6.64,0.0,99,65736,卖盘
1104,13:16:36,6.65,0.01,33,21945,买盘
1105,13:16:39,6.65,0.0,500,332500,买盘
1106,13:16:48,6.65,0.0,283,188195,买盘
1107,13:16:54,6.65,0.0,36,23940,买盘
1108,13:17:07,6.65,0.0,5,3325,买盘
1109,13:17:33,6.64,-0.01,87,57768,卖盘
1110,13:17:36,6.65,0.01,4,2660,买盘
1111,13:17:45,6.64,-0.01,30,19920,卖盘
1112,13:17:49,6.65,0.01,6,3990,买盘
1113,13:17:55,6.66,0.01,1000,665575,买盘
1114,13:18:16,6.66,0.0,2,1332,买盘
1115,13:18:48,6.66,0.0,5,3330,买盘
1116,13:19:00,6.66,0.0,500,333000,买盘
1117,13:19:19,6.66,0.0,264,175824,买盘
1118,13:19:21,6.66,0.0,25,16650,卖盘
1119,13:19:36,6.67,0.01,55,36680,买盘
1120,13:19:48,6.67,0.0,7,4669,买盘
1121,13:19:51,6.66,-0.01,10,6660,卖盘
1122,13:19:54,6.67,0.01,198,131958,买盘
1123,13:19:57,6.66,-0.01,2,1332,卖盘
1124,13:20:09,6.66,0.0,13,8658,买盘
1125,13:20:22,6.66,0.0,4,2664,买盘
1126,13:20:36,6.66,0.0,16,10656,买盘
1127,13:20:48,6.66,0.0,6,3996,买盘
1128,13:20:54,6.66,0.0,21,13986,买盘
1129,13:21:06,6.65,-0.01,84,55860,卖盘
1130,13:21:16,6.65,0.0,260,172910,卖盘
1131,13:21:21,6.65,0.0,15,9975,卖盘
1132,13:21:48,6.66,0.01,5,3330,买盘
1133,13:21:51,6.65,-0.01,4,2660,卖盘
1134,13:22:06,6.65,0.0,81,53865,卖盘
1135,13:22:19,6.66,0.01,600,399600,买盘
1136,13:22:27,6.66,0.0,8,5328,买盘
1137,13:22:31,6.66,0.0,259,172494,买盘
1138,13:22:37,6.66,0.0,1,666,买盘
1139,13:22:39,6.66,0.0,123,81918,买盘
1140,13:22:49,6.67,0.01,5,3335,买盘
1141,13:22:58,6.66,-0.01,114,75924,卖盘
1142,13:23:18,6.65,-0.01,200,133000,卖盘
1143,13:23:22,6.65,0.0,7,4655,卖盘
1144,13:23:24,6.66,0.01,120,79920,买盘
1145,13:23:48,6.66,0.0,36,23976,买盘
1146,13:23:52,6.66,0.0,16,10656,买盘
1147,13:24:01,6.66,0.0,30,19980,买盘
1148,13:24:07,6.66,0.0,44,29304,买盘
1149,13:24:12,6.66,0.0,1,666,买盘
1150,13:24:15,6.66,0.0,5,3330,买盘
1151,13:24:19,6.66,0.0,10,6660,卖盘
1152,13:24:21,6.67,0.01,325,216775,买盘
1153,13:24:36,6.67,0.0,249,166083,买盘
1154,13:24:45,6.67,0.0,5,3335,买盘
1155,13:24:49,6.67,0.0,39,26013,买盘
1156,13:24:52,6.67,0.0,228,152076,买盘
1157,13:24:57,6.67,0.0,10,6670,买盘
1158,13:25:04,6.67,0.0,401,267467,买盘
1159,13:25:07,6.67,0.0,106,70702,买盘
1160,13:25:19,6.68,0.01,129,86072,买盘
1161,13:25:24,6.68,0.0,50,33400,买盘
1162,13:25:36,6.68,0.0,1,668,买盘
1163,13:25:43,6.68,0.0,22,14696,买盘
1164,13:25:46,6.68,0.0,53,35404,买盘
1165,13:25:49,6.68,0.0,449,299932,买盘
1166,13:25:55,6.68,0.0,50,33400,买盘
1167,13:26:12,6.68,0.0,12,8016,买盘
1168,13:26:19,6.68,0.0,22,14696,买盘
1169,13:26:21,6.68,0.0,13,8684,买盘
1170,13:26:34,6.68,0.0,3,2004,买盘
1171,13:26:45,6.68,0.0,6,4008,买盘
1172,13:26:49,6.68,0.0,36,24048,买盘
1173,13:26:52,6.68,0.0,136,90848,买盘
1174,13:26:58,6.67,-0.01,79,52693,卖盘
1175,13:27:04,6.67,0.0,20,13340,卖盘
1176,13:27:07,6.67,0.0,50,33350,卖盘
1177,13:27:13,6.67,0.0,10,6670,卖盘
1178,13:27:19,6.68,0.01,29,19372,买盘
1179,13:27:25,6.68,0.0,65,43420,买盘
1180,13:27:30,6.68,0.0,355,236691,买盘
1181,13:27:40,6.68,0.0,10,6680,买盘
1182,13:27:46,6.67,-0.01,20,13340,卖盘
1183,13:27:49,6.68,0.01,248,165593,买盘
1184,13:27:51,6.68,0.0,5,3340,买盘
1185,13:27:58,6.67,-0.01,1,667,买盘
1186,13:28:19,6.67,0.0,26,17342,买盘
1187,13:28:33,6.67,0.0,4,2668,买盘
1188,13:28:40,6.66,-0.01,91,60609,卖盘
1189,13:28:43,6.67,0.01,219,146073,买盘
1190,13:28:49,6.67,0.0,37,24679,买盘
1191,13:29:04,6.67,0.0,3,2001,卖盘
1192,13:29:10,6.67,0.0,7,4669,买盘
1193,13:29:19,6.68,0.01,26,17368,买盘
1194,13:29:22,6.67,-0.01,10,6670,卖盘
1195,13:29:33,6.68,0.01,4,2672,买盘
1196,13:29:48,6.68,0.0,28,18704,买盘
1197,13:29:54,6.68,0.0,17,11356,买盘
1198,13:30:01,6.67,-0.01,100,66700,卖盘
1199,13:30:04,6.68,0.01,105,70140,买盘
1200,13:30:07,6.68,0.0,80,53440,买盘
1201,13:30:19,6.68,0.0,256,171008,买盘
1202,13:30:30,6.68,0.0,5,3340,买盘
1203,13:30:34,6.68,0.0,2,1336,买盘
1204,13:30:43,6.68,0.0,200,133600,买盘
1205,13:30:49,6.68,0.0,62,41416,买盘
1206,13:30:52,6.68,0.0,98,65372,买盘
1207,13:30:55,6.68,0.0,8,5344,买盘
1208,13:30:58,6.68,0.0,68,45386,买盘
1209,13:31:07,6.68,0.0,6,4008,买盘
1210,13:31:19,6.68,0.0,16,10688,买盘
1211,13:31:30,6.67,-0.01,109,72703,卖盘
1212,13:31:34,6.67,0.0,5,3335,卖盘
1213,13:31:36,6.67,0.0,11,7337,卖盘
1214,13:31:49,6.68,0.01,29,19372,买盘
1215,13:31:55,6.67,-0.01,13,8671,卖盘
1216,13:31:58,6.68,0.01,21,14028,买盘
1217,13:32:01,6.68,0.0,1,668,买盘
1218,13:32:07,6.67,-0.01,53,35351,卖盘
1219,13:32:18,6.67,0.0,21,14007,买盘
1220,13:32:27,6.66,-0.01,1,666,卖盘
1221,13:32:30,6.67,0.01,41,27347,买盘
1222,13:32:48,6.67,0.0,26,17342,买盘
1223,13:32:51,6.67,0.0,6,4002,买盘
1224,13:33:06,6.66,-0.01,209,139402,卖盘
1225,13:33:13,6.67,0.01,1,667,买盘
1226,13:33:16,6.67,0.0,5,3335,买盘
1227,13:33:18,6.67,0.0,21,14007,买盘
1228,13:33:36,6.67,0.0,55,36685,买盘
1229,13:33:43,6.66,-0.01,10,6660,卖盘
1230,13:33:48,6.67,0.01,23,15341,买盘
1231,13:33:57,6.67,0.0,10,6670,买盘
1232,13:34:19,6.67,0.0,28,18676,买盘
1233,13:34:31,6.66,-0.01,10,6660,卖盘
1234,13:34:34,6.66,0.0,16,10656,卖盘
1235,13:34:48,6.67,0.01,34,22678,买盘
1236,13:34:52,6.67,0.0,8,5336,买盘
1237,13:34:57,6.65,-0.02,400,266015,卖盘
1238,13:35:09,6.65,0.0,22,14630,卖盘
1239,13:35:12,6.65,0.0,24,15960,买盘
1240,13:35:16,6.64,-0.01,97,64462,卖盘
1241,13:35:19,6.65,0.01,48,31920,买盘
1242,13:35:22,6.65,0.0,109,72485,买盘
1243,13:35:24,6.65,0.0,15,9975,卖盘
1244,13:35:31,6.66,0.01,1,666,买盘
1245,13:35:40,6.65,-0.01,30,19950,卖盘
1246,13:35:49,6.66,0.01,24,15984,买盘
1247,13:35:51,6.66,0.0,7,4662,买盘
1248,13:36:01,6.66,0.0,1,666,买盘
1249,13:36:04,6.66,0.0,1,666,买盘
1250,13:36:07,6.66,0.0,1,666,买盘
1251,13:36:09,6.66,0.0,1,666,买盘
1252,13:36:13,6.66,0.0,1,666,买盘
1253,13:36:16,6.66,0.0,2,1332,买盘
1254,13:36:19,6.65,-0.01,221,146986,卖盘
1255,13:36:27,6.67,0.02,500,333018,买盘
1256,13:36:46,6.66,-0.01,7,4662,买盘
1257,13:36:48,6.66,0.0,19,12654,买盘
1258,13:36:51,6.66,0.0,5,3330,买盘
1259,13:36:57,6.66,0.0,3,1998,买盘
1260,13:37:09,6.65,-0.01,100,66500,卖盘
1261,13:37:16,6.66,0.01,2,1332,买盘
1262,13:37:18,6.66,0.0,25,16650,买盘
1263,13:37:21,6.66,0.0,15,9990,买盘
1264,13:37:33,6.67,0.01,4,2668,买盘
1265,13:37:49,6.67,0.0,19,12673,买盘
1266,13:37:51,6.67,0.0,7,4669,买盘
1267,13:38:04,6.67,0.0,77,51359,买盘
1268,13:38:12,6.67,0.0,40,26680,买盘
1269,13:38:18,6.66,-0.01,44,29328,卖盘
1270,13:38:22,6.66,0.0,35,23310,卖盘
1271,13:38:28,6.66,0.0,10,6660,卖盘
1272,13:38:34,6.66,0.0,20,13320,卖盘
1273,13:38:37,6.66,0.0,1,666,买盘
1274,13:38:43,6.66,0.0,600,400036,买盘
1275,13:38:51,6.67,0.01,5,3335,买盘
1276,13:39:01,6.67,0.0,77,51359,买盘
1277,13:39:04,6.67,0.0,17,11339,买盘
1278,13:39:19,6.67,0.0,17,11339,买盘
1279,13:39:22,6.67,0.0,50,33350,买盘
1280,13:39:40,6.66,-0.01,25,16650,卖盘
1281,13:39:42,6.65,-0.01,1000,665479,卖盘
1282,13:39:49,6.67,0.02,17,11339,买盘
1283,13:39:52,6.66,-0.01,6,3996,卖盘
1284,13:39:57,6.67,0.01,152,101382,买盘
1285,13:40:00,6.67,0.0,30,20010,买盘
1286,13:40:04,6.64,-0.03,500,332220,卖盘
1287,13:40:16,6.66,0.02,10,6660,买盘
1288,13:40:19,6.64,-0.02,1003,666002,卖盘
1289,13:40:25,6.64,0.0,100,66400,买盘
1290,13:40:31,6.64,0.0,617,409188,买盘
1291,13:40:33,6.64,0.0,131,86984,买盘
1292,13:40:36,6.63,-0.01,1153,764471,卖盘
1293,13:40:39,6.63,0.0,102,67626,买盘
1294,13:40:43,6.63,0.0,100,66300,买盘
1295,13:40:45,6.63,0.0,163,108069,买盘
1296,13:40:49,6.63,0.0,49,32487,买盘
1297,13:40:51,6.62,-0.01,687,454897,卖盘
1298,13:40:55,6.63,0.01,100,66300,买盘
1299,13:40:58,6.63,0.0,409,271135,买盘
1300,13:41:01,6.63,0.0,126,83538,买盘
1301,13:41:04,6.63,0.0,51,33833,卖盘
1302,13:41:07,6.62,-0.01,376,249088,卖盘
1303,13:41:10,6.63,0.01,30,19890,买盘
1304,13:41:13,6.62,-0.01,210,139030,卖盘
1305,13:41:16,6.63,0.01,121,80223,买盘
1306,13:41:19,6.62,-0.01,130,86165,卖盘
1307,13:41:21,6.63,0.01,127,84121,中性盘
1308,13:41:25,6.62,-0.01,500,331453,卖盘
1309,13:41:37,6.62,0.0,239,158218,卖盘
1310,13:41:40,6.61,-0.01,1909,1262584,卖盘
1311,13:41:43,6.62,0.01,236,156096,买盘
1312,13:41:46,6.62,0.0,80,52960,卖盘
1313,13:41:49,6.61,-0.01,17,11237,买盘
1314,13:41:51,6.61,0.0,5,3305,买盘
1315,13:41:54,6.6,-0.01,5,3300,卖盘
1316,13:41:58,6.6,0.0,37,24420,卖盘
1317,13:42:10,6.6,0.0,200,132000,卖盘
1318,13:42:16,6.61,0.01,642,424360,买盘
1319,13:42:19,6.61,0.0,579,382719,买盘
1320,13:42:27,6.61,0.0,431,284891,买盘
1321,13:42:31,6.6,-0.01,634,418440,卖盘
1322,13:42:34,6.61,0.01,322,212842,买盘
1323,13:42:37,6.61,0.0,200,132200,买盘
1324,13:42:40,6.61,0.0,93,61436,买盘
1325,13:42:43,6.61,0.0,5,3305,买盘
1326,13:42:46,6.61,0.0,5,3305,买盘
1327,13:42:48,6.61,0.0,31,20491,买盘
1328,13:42:51,6.61,0.0,25,16525,买盘
1329,13:42:55,6.61,0.0,1,661,买盘
1330,13:42:57,6.61,0.0,30,19830,买盘
1331,13:43:00,6.61,0.0,150,99150,买盘
1332,13:43:09,6.61,0.0,568,375448,买盘
1333,13:43:13,6.61,0.0,7,4622,买盘
1334,13:43:19,6.61,0.0,86,56846,买盘
1335,13:43:22,6.61,0.0,226,149386,买盘
1336,13:43:25,6.61,0.0,76,50236,卖盘
1337,13:43:28,6.61,0.0,32,21152,卖盘
1338,13:43:34,6.61,0.0,125,82625,卖盘
1339,13:43:37,6.61,0.0,250,165250,卖盘
1340,13:43:40,6.61,0.0,279,184419,卖盘
1341,13:43:43,6.61,0.0,69,45601,买盘
1342,13:43:49,6.61,0.0,212,140132,买盘
1343,13:43:51,6.6,-0.01,155,102436,卖盘
1344,13:43:54,6.61,0.01,26,17186,买盘
1345,13:43:57,6.61,0.0,1,661,买盘
1346,13:44:01,6.61,0.0,10,6610,买盘
1347,13:44:04,6.61,0.0,206,136166,买盘
1348,13:44:09,6.61,0.0,10,6610,买盘
1349,13:44:19,6.6,-0.01,497,328381,卖盘
1350,13:44:22,6.61,0.01,7,4627,买盘
1351,13:44:25,6.61,0.0,256,169216,买盘
1352,13:44:28,6.61,0.0,40,26440,卖盘
1353,13:44:31,6.61,0.0,75,49575,卖盘
1354,13:44:34,6.61,0.0,48,31728,卖盘
1355,13:44:37,6.61,0.0,241,159301,卖盘
1356,13:44:42,6.61,0.0,107,70727,卖盘
1357,13:44:46,6.61,0.0,30,19830,买盘
1358,13:44:49,6.61,0.0,36,23796,买盘
1359,13:44:52,6.61,0.0,4,2644,买盘
1360,13:44:58,6.61,0.0,60,39660,买盘
1361,13:45:01,6.61,0.0,500,330500,买盘
1362,13:45:04,6.6,-0.01,80,52810,卖盘
1363,13:45:07,6.6,0.0,10,6600,卖盘
1364,13:45:18,6.6,0.0,35,23130,卖盘
1365,13:45:22,6.61,0.01,23,15203,买盘
1366,13:45:25,6.61,0.0,10,6610,买盘
1367,13:45:33,6.61,0.0,11,7271,买盘
1368,13:45:39,6.6,-0.01,91,60060,卖盘
1369,13:45:42,6.61,0.01,131,86474,买盘
1370,13:45:46,6.6,-0.01,40,26400,卖盘
1371,13:45:48,6.61,0.01,49,32389,买盘
1372,13:45:51,6.61,0.0,38,25118,买盘
1373,13:45:54,6.6,-0.01,135,89100,卖盘
1374,13:46:06,6.6,0.0,200,132000,卖盘
1375,13:46:09,6.6,0.0,10,6600,卖盘
1376,13:46:12,6.6,0.0,201,132660,卖盘
1377,13:46:15,6.6,0.0,50,33000,卖盘
1378,13:46:19,6.6,0.0,63,41595,卖盘
1379,13:46:22,6.6,0.0,445,293700,卖盘
1380,13:46:25,6.61,0.01,140,92431,买盘
1381,13:46:28,6.6,-0.01,14,9240,中性盘
1382,13:46:34,6.6,0.0,100,66000,买盘
1383,13:46:37,6.6,0.0,24,15840,买盘
1384,13:46:49,6.6,0.0,26,17160,买盘
1385,13:46:52,6.6,0.0,5,3300,买盘
1386,13:46:55,6.6,0.0,360,237600,买盘
1387,13:46:58,6.6,0.0,100,66000,买盘
1388,13:47:01,6.6,0.0,35,23100,买盘
1389,13:47:07,6.6,0.0,81,53460,卖盘
1390,13:47:13,6.6,0.0,10,6600,卖盘
1391,13:47:16,6.61,0.01,31,20491,买盘
1392,13:47:18,6.6,-0.01,76,50190,卖盘
1393,13:47:24,6.6,0.0,10,6600,卖盘
1394,13:47:27,6.6,0.0,547,361020,卖盘
1395,13:47:34,6.6,0.0,2,1320,买盘
1396,13:47:37,6.6,0.0,1,660,买盘
1397,13:47:39,6.6,0.0,27,17820,买盘
1398,13:47:42,6.6,0.0,9,5940,买盘
1399,13:47:48,6.6,0.0,47,31020,买盘
1400,13:47:51,6.6,0.0,6,3960,买盘
1401,13:47:57,6.6,0.0,157,103620,买盘
1402,13:48:10,6.6,0.0,28,18480,卖盘
1403,13:48:13,6.59,-0.01,100,65929,卖盘
1404,13:48:19,6.61,0.02,24,15864,买盘
1405,13:48:22,6.6,-0.01,1,660,卖盘
1406,13:48:25,6.6,0.0,18,11880,卖盘
1407,13:48:28,6.6,0.0,30,19800,买盘
1408,13:48:34,6.6,0.0,61,40260,买盘
1409,13:48:42,6.6,0.0,23,15180,买盘
1410,13:48:48,6.59,-0.01,218,143780,卖盘
1411,13:48:54,6.6,0.01,8,5280,买盘
1412,13:49:00,6.6,0.0,3,1980,买盘
1413,13:49:06,6.59,-0.01,500,329500,卖盘
1414,13:49:09,6.59,0.0,30,19770,卖盘
1415,13:49:12,6.6,0.01,100,66000,买盘
1416,13:49:18,6.6,0.0,30,19800,买盘
1417,13:49:24,6.59,-0.01,20,13180,卖盘
1418,13:49:40,6.59,0.0,232,152888,卖盘
1419,13:49:46,6.59,0.0,82,54038,卖盘
1420,13:49:48,6.6,0.01,29,19140,买盘
1421,13:49:55,6.6,0.0,642,423720,买盘
1422,13:50:00,6.6,0.0,362,238920,卖盘
1423,13:50:13,6.6,0.0,20,13200,买盘
1424,13:50:19,6.6,0.0,29,19140,买盘
1425,13:50:25,6.6,0.0,10,6600,买盘
1426,13:50:42,6.6,0.0,295,194700,买盘
1427,13:50:48,6.6,0.0,157,103646,卖盘
1428,13:50:55,6.6,0.0,1131,746464,卖盘
1429,13:51:07,6.6,0.0,20,13200,卖盘
1430,13:51:10,6.6,0.0,10,6600,卖盘
1431,13:51:15,6.6,0.0,18,11880,卖盘
1432,13:51:19,6.61,0.01,28,18508,买盘
1433,13:51:43,6.61,0.0,121,79981,买盘
1434,13:51:49,6.61,0.0,24,15864,买盘
1435,13:51:55,6.61,0.0,5,3305,买盘
1436,13:52:04,6.6,-0.01,93,61380,卖盘
1437,13:52:10,6.6,0.0,23,15180,卖盘
1438,13:52:12,6.6,0.0,920,607700,卖盘
1439,13:52:19,6.61,0.01,17,11237,买盘
1440,13:52:31,6.61,0.0,29,19169,买盘
1441,13:52:37,6.6,-0.01,1,660,卖盘
1442,13:52:49,6.61,0.01,17,11237,买盘
1443,13:52:55,6.61,0.0,6,3966,买盘
1444,13:53:01,6.6,-0.01,64,42240,卖盘
1445,13:53:09,6.61,0.01,60,39660,买盘
1446,13:53:12,6.6,-0.01,84,55440,卖盘
1447,13:53:19,6.61,0.01,24,15864,买盘
1448,13:53:48,6.61,0.0,21,13881,买盘
1449,13:53:54,6.61,0.0,6,3966,买盘
1450,13:54:01,6.6,-0.01,5,3300,卖盘
1451,13:54:06,6.6,0.0,87,57420,卖盘
1452,13:54:10,6.6,0.0,114,75240,卖盘
1453,13:54:18,6.61,0.01,28,18508,买盘
1454,13:54:24,6.6,-0.01,10,6600,卖盘
1455,13:54:27,6.61,0.01,10,6610,买盘
1456,13:54:49,6.61,0.0,115,75922,买盘
1457,13:54:55,6.61,0.0,7,4627,买盘
1458,13:55:13,6.6,-0.01,5,3300,卖盘
1459,13:55:18,6.61,0.01,24,15864,买盘
1460,13:55:40,6.6,-0.01,130,85800,卖盘
1461,13:55:42,6.61,0.01,15,9915,买盘
1462,13:55:46,6.6,-0.01,87,57420,卖盘
1463,13:55:49,6.61,0.01,18,11898,买盘
1464,13:55:54,6.61,0.0,36,23766,买盘
1465,13:55:58,6.6,-0.01,6,3960,卖盘
1466,13:56:01,6.6,0.0,300,198000,卖盘
1467,13:56:12,6.6,0.0,8,5280,卖盘
1468,13:56:18,6.6,0.0,38,25102,卖盘
1469,13:56:34,6.6,0.0,107,70620,卖盘
1470,13:56:36,6.6,0.0,121,79860,卖盘
1471,13:56:45,6.6,0.0,15,9900,卖盘
1472,13:56:49,6.61,0.01,74,48868,买盘
1473,13:56:55,6.61,0.0,5,3304,买盘
1474,13:57:07,6.6,-0.01,81,53460,卖盘
1475,13:57:19,6.61,0.01,28,18508,买盘
1476,13:57:25,6.6,-0.01,14,9240,卖盘
1477,13:57:45,6.6,0.0,30,19800,卖盘
1478,13:57:49,6.61,0.01,17,11237,买盘
1479,13:57:58,6.61,0.0,7,4627,买盘
1480,13:58:00,6.6,-0.01,20,13200,卖盘
1481,13:58:06,6.61,0.01,9,5949,买盘
1482,13:58:10,6.6,-0.01,86,56760,卖盘
1483,13:58:19,6.61,0.01,16,10576,买盘
1484,13:58:48,6.61,0.0,134,88469,买盘
1485,13:58:55,6.61,0.0,118,77887,买盘
1486,13:59:06,6.61,0.0,5,3305,买盘
1487,13:59:19,6.61,0.0,54,35664,买盘
1488,13:59:25,6.6,-0.01,10,6600,卖盘
1489,13:59:28,6.61,0.01,20,13220,买盘
1490,13:59:40,6.6,-0.01,94,62040,卖盘
1491,13:59:43,6.61,0.01,10,6610,买盘
1492,13:59:48,6.61,0.0,23,15203,买盘
1493,13:59:58,6.61,0.0,8,5288,买盘
1494,14:00:04,6.6,-0.01,74,48840,卖盘
1495,14:00:19,6.61,0.01,17,11237,买盘
1496,14:00:31,6.6,-0.01,104,68640,卖盘
1497,14:00:49,6.61,0.01,45,29721,买盘
1498,14:00:57,6.6,-0.01,13,8588,卖盘
1499,14:01:04,6.6,0.0,1200,792000,卖盘
1500,14:01:07,6.6,0.0,92,60720,卖盘
1501,14:01:09,6.6,0.0,29,19140,卖盘
1502,14:01:13,6.6,0.0,270,178200,卖盘
1503,14:01:16,6.6,0.0,205,135300,卖盘
1504,14:01:19,6.6,0.0,233,153807,卖盘
1505,14:01:22,6.6,0.0,339,223740,卖盘
1506,14:01:25,6.6,0.0,286,188760,卖盘
1507,14:01:28,6.6,0.0,708,467280,卖盘
1508,14:01:34,6.59,-0.01,87,57333,卖盘
1509,14:01:37,6.6,0.01,30,19800,买盘
1510,14:01:49,6.59,-0.01,943,621464,卖盘
1511,14:01:58,6.6,0.01,7,4620,买盘
1512,14:02:01,6.59,-0.01,50,32950,卖盘
1513,14:02:04,6.59,0.0,78,51402,卖盘
1514,14:02:07,6.59,0.0,65,42835,卖盘
1515,14:02:18,6.59,0.0,20,13180,买盘
1516,14:02:21,6.58,-0.01,30,19740,卖盘
1517,14:02:24,6.59,0.01,53,34927,买盘
1518,14:02:28,6.58,-0.01,10,6580,卖盘
1519,14:02:34,6.58,0.0,117,77006,卖盘
1520,14:02:37,6.58,0.0,5,3290,卖盘
1521,14:02:46,6.58,0.0,20,13160,卖盘
1522,14:02:49,6.58,0.0,28,18442,卖盘
1523,14:02:51,6.58,0.0,24,15792,卖盘
1524,14:02:57,6.59,0.01,5,3295,买盘
1525,14:03:01,6.59,0.0,40,26360,买盘
1526,14:03:16,6.58,-0.01,216,142128,卖盘
1527,14:03:19,6.59,0.01,26,17134,买盘
1528,14:03:27,6.58,-0.01,10,6580,卖盘
1529,14:03:31,6.58,0.0,185,121730,卖盘
1530,14:03:34,6.59,0.01,6,3954,买盘
1531,14:03:43,6.59,0.0,505,332795,买盘
1532,14:03:49,6.59,0.0,70,46080,买盘
1533,14:03:55,6.58,-0.01,5,3290,卖盘
1534,14:03:58,6.59,0.01,8,5272,买盘
1535,14:04:04,6.58,-0.01,2,1316,卖盘
1536,14:04:13,6.58,0.0,18,11844,卖盘
1537,14:04:19,6.59,0.01,67,44153,买盘
1538,14:04:42,6.59,0.0,1,659,买盘
1539,14:04:48,6.59,0.0,16,10544,买盘
1540,14:04:54,6.59,0.0,25,16455,买盘
1541,14:04:57,6.59,0.0,6,3954,买盘
1542,14:05:04,6.58,-0.01,86,56594,卖盘
1543,14:05:18,6.59,0.01,80,52720,买盘
1544,14:05:21,6.59,0.0,302,199016,买盘
1545,14:05:25,6.59,0.0,300,197700,买盘
1546,14:05:28,6.59,0.0,65,42835,买盘
1547,14:05:34,6.6,0.01,125,82500,买盘
1548,14:05:37,6.6,0.0,69,45540,买盘
1549,14:05:43,6.59,-0.01,10,6590,卖盘
1550,14:05:46,6.6,0.01,7,4620,买盘
1551,14:05:49,6.6,0.0,19,12540,买盘
1552,14:05:55,6.6,0.0,71,46860,买盘
1553,14:05:57,6.6,0.0,122,80520,买盘
1554,14:06:00,6.6,0.0,280,184800,买盘
1555,14:06:04,6.6,0.0,208,137280,买盘
1556,14:06:06,6.6,0.0,119,78562,卖盘
1557,14:06:10,6.61,0.01,69,45609,买盘
1558,14:06:19,6.61,0.0,26,17186,买盘
1559,14:06:22,6.61,0.0,1,661,买盘
1560,14:06:34,6.6,-0.01,25,16500,卖盘
1561,14:06:36,6.61,0.01,15,9915,买盘
1562,14:06:40,6.6,-0.01,15,9900,卖盘
1563,14:06:49,6.61,0.01,28,18508,买盘
1564,14:06:58,6.61,0.0,5,3305,买盘
1565,14:07:03,6.61,0.0,6,3966,买盘
1566,14:07:10,6.61,0.0,1850,1222850,买盘
1567,14:07:16,6.61,0.0,21,13881,买盘
1568,14:07:19,6.61,0.0,20,13220,买盘
1569,14:07:25,6.61,0.0,24,15864,买盘
1570,14:07:28,6.61,0.0,10,6610,买盘
1571,14:07:39,6.61,0.0,23,15203,买盘
1572,14:07:49,6.61,0.0,26,17186,买盘
1573,14:07:58,6.61,0.0,148,97828,买盘
1574,14:08:00,6.6,-0.01,17,11227,卖盘
1575,14:08:07,6.61,0.01,204,134753,买盘
1576,14:08:19,6.61,0.0,74,48914,买盘
1577,14:08:37,6.61,0.0,5,3305,买盘
1578,14:08:49,6.61,0.0,22,14542,买盘
1579,14:08:52,6.61,0.0,30,19830,买盘
1580,14:08:58,6.61,0.0,30,19830,买盘
1581,14:09:01,6.61,0.0,500,330500,买盘
1582,14:09:10,6.61,0.0,10,6610,买盘
1583,14:09:13,6.61,0.0,2,1322,买盘
1584,14:09:19,6.61,0.0,16,10576,买盘
1585,14:09:25,6.61,0.0,15,9915,买盘
1586,14:09:28,6.61,0.0,143,94523,买盘
1587,14:09:39,6.61,0.0,73,48253,买盘
1588,14:09:49,6.61,0.0,25,16525,买盘
1589,14:09:58,6.61,0.0,6,3966,买盘
1590,14:10:09,6.61,0.0,73,48253,买盘
1591,14:10:13,6.6,-0.01,81,53460,卖盘
1592,14:10:16,6.6,0.0,25,16500,卖盘
1593,14:10:19,6.61,0.01,37,24457,买盘
1594,14:10:22,6.6,-0.01,201,132660,卖盘
1595,14:10:34,6.6,0.0,12,7923,卖盘
1596,14:10:39,6.6,0.0,20,13200,卖盘
1597,14:10:48,6.61,0.01,18,11898,买盘
1598,14:11:00,6.61,0.0,105,69405,买盘
1599,14:11:06,6.6,-0.01,80,52800,卖盘
1600,14:11:19,6.61,0.01,20,13220,买盘
1601,14:11:36,6.61,0.0,90,59410,买盘
1602,14:11:40,6.61,0.0,39,25779,买盘
1603,14:11:49,6.61,0.0,24,15864,买盘
1604,14:11:52,6.6,-0.01,11,7260,卖盘
1605,14:11:55,6.61,0.01,1,661,买盘
1606,14:12:01,6.61,0.0,4,2644,买盘
1607,14:12:06,6.6,-0.01,90,59400,卖盘
1608,14:12:19,6.61,0.01,20,13220,买盘
1609,14:12:34,6.61,0.0,8,5288,买盘
1610,14:12:49,6.61,0.0,26,17186,买盘
1611,14:13:01,6.61,0.0,7,4627,买盘
1612,14:13:04,6.61,0.0,43,28423,买盘
1613,14:13:13,6.6,-0.01,70,46200,卖盘
1614,14:13:19,6.61,0.01,24,15864,买盘
1615,14:13:21,6.6,-0.01,82,54120,卖盘
1616,14:13:48,6.61,0.01,30,19830,买盘
1617,14:13:51,6.61,0.0,15,9915,买盘
1618,14:14:01,6.61,0.0,5,3305,买盘
1619,14:14:04,6.6,-0.01,10,6600,卖盘
1620,14:14:18,6.61,0.01,19,12559,买盘
1621,14:14:27,6.6,-0.01,10,6600,卖盘
1622,14:14:40,6.6,0.0,91,60060,卖盘
1623,14:14:49,6.61,0.01,22,14542,买盘
1624,14:14:52,6.6,-0.01,3,1980,卖盘
1625,14:14:58,6.6,0.0,7,4620,卖盘
1626,14:15:01,6.61,0.01,7,4627,买盘
1627,14:15:04,6.6,-0.01,104,68640,卖盘
1628,14:15:09,6.61,0.01,29,19169,买盘
1629,14:15:18,6.61,0.0,24,15864,买盘
1630,14:15:30,6.6,-0.01,50,33000,卖盘
1631,14:15:34,6.61,0.01,5,3305,买盘
1632,14:15:49,6.61,0.0,29,19169,买盘
1633,14:16:00,6.61,0.0,5,3305,买盘
1634,14:16:19,6.61,0.0,103,68000,买盘
1635,14:16:34,6.6,-0.01,20,13200,卖盘
1636,14:16:48,6.61,0.01,26,17186,买盘
1637,14:16:58,6.6,-0.01,104,68640,卖盘
1638,14:17:01,6.61,0.01,10,6610,买盘
1639,14:17:04,6.61,0.0,5,3305,买盘
1640,14:17:16,6.6,-0.01,100,66000,卖盘
1641,14:17:18,6.61,0.01,26,17186,买盘
1642,14:17:25,6.6,-0.01,27,17840,卖盘
1643,14:17:49,6.61,0.01,27,17847,买盘
1644,14:17:58,6.6,-0.01,34,22440,卖盘
1645,14:18:04,6.61,0.01,5,3305,买盘
1646,14:18:16,6.6,-0.01,105,69300,卖盘
1647,14:18:19,6.61,0.01,16,10576,买盘
1648,14:18:40,6.6,-0.01,40,26400,卖盘
1649,14:18:49,6.61,0.01,24,15864,买盘
1650,14:18:55,6.6,-0.01,4,2640,卖盘
1651,14:19:01,6.61,0.01,10,6610,买盘
1652,14:19:04,6.61,0.0,7,4627,买盘
1653,14:19:10,6.6,-0.01,79,52140,卖盘
1654,14:19:19,6.61,0.01,21,13881,买盘
1655,14:19:22,6.61,0.0,1000,661000,买盘
1656,14:19:49,6.61,0.0,29,19169,买盘
1657,14:19:51,6.61,0.0,40,26440,买盘
1658,14:20:06,6.6,-0.01,76,50160,卖盘
1659,14:20:10,6.61,0.01,6,3966,买盘
1660,14:20:13,6.61,0.0,32,21152,买盘
1661,14:20:19,6.61,0.0,25,16525,买盘
1662,14:20:21,6.61,0.0,2,1322,买盘
1663,14:20:33,6.6,-0.01,80,52800,卖盘
1664,14:20:49,6.61,0.01,26,17186,买盘
1665,14:21:04,6.6,-0.01,86,56766,卖盘
1666,14:21:15,6.6,0.0,31,20460,卖盘
1667,14:21:19,6.61,0.01,23,15203,买盘
1668,14:21:22,6.6,-0.01,1,660,卖盘
1669,14:21:42,6.61,0.01,100,66100,买盘
1670,14:21:48,6.61,0.0,20,13220,买盘
1671,14:21:52,6.61,0.0,36,23796,买盘
1672,14:21:58,6.61,0.0,1,661,买盘
1673,14:22:04,6.6,-0.01,106,69985,卖盘
1674,14:22:10,6.61,0.01,71,46931,买盘
1675,14:22:16,6.61,0.0,1,661,买盘
1676,14:22:19,6.61,0.0,27,17847,买盘
1677,14:22:22,6.6,-0.01,7,4621,卖盘
1678,14:22:25,6.61,0.01,14,9254,买盘
1679,14:22:28,6.61,0.0,18,11898,买盘
1680,14:22:31,6.61,0.0,3,1983,买盘
1681,14:22:34,6.61,0.0,19,12559,买盘
1682,14:22:36,6.61,0.0,22,14542,买盘
1683,14:22:40,6.61,0.0,43,28423,买盘
1684,14:22:42,6.61,0.0,695,459395,买盘
1685,14:22:46,6.61,0.0,62,40982,买盘
1686,14:22:49,6.61,0.0,218,144098,买盘
1687,14:22:52,6.61,0.0,51,33694,买盘
1688,14:23:04,6.62,0.01,8,5296,买盘
1689,14:23:18,6.62,0.0,385,254748,买盘
1690,14:23:25,6.62,0.0,1,662,买盘
1691,14:23:40,6.62,0.0,10,6620,买盘
1692,14:23:42,6.62,0.0,9,5958,买盘
1693,14:23:49,6.62,0.0,15,9930,买盘
1694,14:23:55,6.62,0.0,13,8606,买盘
1695,14:24:04,6.61,-0.01,118,78032,卖盘
1696,14:24:12,6.62,0.01,20,13240,买盘
1697,14:24:19,6.62,0.0,27,17874,买盘
1698,14:24:25,6.62,0.0,283,187342,买盘
1699,14:24:39,6.62,0.0,10,6620,买盘
1700,14:24:49,6.62,0.0,69,45678,买盘
1701,14:24:51,6.62,0.0,10,6620,买盘
1702,14:24:58,6.62,0.0,31,20522,买盘
1703,14:25:04,6.61,-0.01,91,60161,卖盘
1704,14:25:07,6.62,0.01,6,3972,买盘
1705,14:25:22,6.61,-0.01,200,132200,卖盘
1706,14:25:25,6.62,0.01,36,23832,买盘
1707,14:25:28,6.62,0.0,48,31776,买盘
1708,14:25:33,6.61,-0.01,80,52880,卖盘
1709,14:25:52,6.62,0.01,3,1986,买盘
1710,14:26:04,6.61,-0.01,87,57515,卖盘
1711,14:26:10,6.62,0.01,106,70172,买盘
1712,14:26:18,6.62,0.0,9,5958,买盘
1713,14:26:28,6.61,-0.01,200,132200,卖盘
1714,14:27:04,6.61,0.0,87,57512,卖盘
1715,14:27:10,6.62,0.01,200,132400,买盘
1716,14:27:13,6.61,-0.01,300,198300,卖盘
1717,14:27:16,6.62,0.01,50,33100,买盘
1718,14:27:25,6.62,0.0,16,10592,买盘
1719,14:27:31,6.62,0.0,20,13240,买盘
1720,14:27:34,6.62,0.0,100,66200,买盘
1721,14:27:37,6.62,0.0,80,52960,买盘
1722,14:27:43,6.62,0.0,10,6620,买盘
1723,14:27:52,6.62,0.0,60,39720,买盘
1724,14:27:55,6.61,-0.01,100,66100,卖盘
1725,14:28:04,6.62,0.01,6,3972,买盘
1726,14:28:16,6.62,0.0,40,26480,买盘
1727,14:28:36,6.62,0.0,118,78098,买盘
1728,14:28:46,6.61,-0.01,300,198300,卖盘
1729,14:28:49,6.62,0.01,7,4634,买盘
1730,14:29:07,6.62,0.0,8,5296,买盘
1731,14:29:13,6.62,0.0,91,60242,买盘
1732,14:29:19,6.62,0.0,9,5958,买盘
1733,14:29:25,6.61,-0.01,100,66100,卖盘
1734,14:29:30,6.62,0.01,1,662,买盘
1735,14:29:34,6.62,0.0,103,68103,买盘
1736,14:29:46,6.62,0.0,100,66200,买盘
1737,14:30:00,6.62,0.0,300,198600,买盘
1738,14:30:04,6.62,0.0,80,52960,买盘
1739,14:30:06,6.62,0.0,5,3310,买盘
1740,14:30:13,6.61,-0.01,80,52880,卖盘
1741,14:30:16,6.62,0.01,10,6620,买盘
1742,14:30:22,6.61,-0.01,100,66100,卖盘
1743,14:30:31,6.62,0.01,11,7282,买盘
1744,14:30:40,6.62,0.0,30,19860,买盘
1745,14:30:58,6.61,-0.01,300,198300,卖盘
1746,14:31:28,6.61,0.0,5,3305,卖盘
1747,14:31:33,6.62,0.01,470,311140,买盘
1748,14:31:36,6.62,0.0,500,331000,买盘
1749,14:31:40,6.61,-0.01,100,66100,卖盘
1750,14:31:46,6.62,0.01,1,662,买盘
1751,14:31:52,6.62,0.0,30,19860,买盘
1752,14:31:55,6.62,0.0,1,662,买盘
1753,14:32:01,6.62,0.0,20,13240,买盘
1754,14:32:13,6.62,0.0,25,16550,买盘
1755,14:32:22,6.62,0.0,9,5958,买盘
1756,14:32:24,6.61,-0.01,200,132200,卖盘
1757,14:32:33,6.61,0.0,93,61473,卖盘
1758,14:32:42,6.62,0.01,15,9930,买盘
1759,14:32:51,6.62,0.0,153,101286,买盘
1760,14:33:12,6.61,-0.01,10,6610,卖盘
1761,14:33:22,6.62,0.01,205,135510,买盘
1762,14:33:33,6.61,-0.01,20,13220,卖盘
1763,14:33:36,6.62,0.01,4,2648,买盘
1764,14:33:40,6.61,-0.01,36,23796,卖盘
1765,14:33:46,6.61,0.0,13,8593,卖盘
1766,14:33:55,6.61,0.0,67,44287,卖盘
1767,14:34:00,6.61,0.0,7,4627,买盘
1768,14:34:18,6.6,-0.01,89,58740,卖盘
1769,14:34:22,6.61,0.01,15,9915,买盘
1770,14:34:31,6.6,-0.01,3,1980,卖盘
1771,14:34:46,6.6,0.0,10,6600,卖盘
1772,14:34:58,6.6,0.0,105,69300,卖盘
1773,14:35:09,6.61,0.01,472,311992,买盘
1774,14:35:28,6.61,0.0,15,9915,买盘
1775,14:35:30,6.61,0.0,30,19830,买盘
1776,14:35:43,6.61,0.0,6,3966,买盘
1777,14:35:49,6.61,0.0,1,661,买盘
1778,14:36:00,6.6,-0.01,3,1980,卖盘
1779,14:36:04,6.61,0.01,42,27736,买盘
1780,14:36:31,6.61,0.0,1,661,买盘
1781,14:36:39,6.61,0.0,61,40321,买盘
1782,14:36:51,6.6,-0.01,200,132000,卖盘
1783,14:37:04,6.6,0.0,105,69300,卖盘
1784,14:37:10,6.6,0.0,300,198000,卖盘
1785,14:37:16,6.61,0.01,109,71948,买盘
1786,14:37:19,6.6,-0.01,65,42900,卖盘
1787,14:37:52,6.61,0.01,5,3305,买盘
1788,14:37:58,6.6,-0.01,69,45540,卖盘
1789,14:38:07,6.61,0.01,401,264963,买盘
1790,14:38:42,6.61,0.0,63,41643,买盘
1791,14:38:55,6.61,0.0,10,6610,买盘
1792,14:39:06,6.61,0.0,84,55524,买盘
1793,14:39:31,6.61,0.0,5,3305,买盘
1794,14:39:33,6.61,0.0,17,11237,买盘
1795,14:39:43,6.6,-0.01,2,1320,卖盘
1796,14:39:52,6.61,0.01,10,6610,买盘
1797,14:39:55,6.61,0.0,18,11898,买盘
1798,14:40:15,6.61,0.0,20,13220,买盘
1799,14:40:24,6.61,0.0,15,9915,买盘
1800,14:41:24,6.61,0.0,54,35694,买盘
1801,14:41:31,6.6,-0.01,43,28380,卖盘
1802,14:41:34,6.6,0.0,89,58740,卖盘
1803,14:41:43,6.6,0.0,525,346515,卖盘
1804,14:41:46,6.6,0.0,50,33000,卖盘
1805,14:41:49,6.6,0.0,351,231660,卖盘
1806,14:41:52,6.6,0.0,89,58740,卖盘
1807,14:42:01,6.6,0.0,5,3300,买盘
1808,14:42:19,6.59,-0.01,83,54697,卖盘
1809,14:42:22,6.6,0.01,342,225620,买盘
1810,14:42:25,6.6,0.0,28,18480,卖盘
1811,14:42:28,6.6,0.0,200,132000,卖盘
1812,14:42:30,6.6,0.0,8,5280,卖盘
1813,14:42:33,6.6,0.0,31,20460,卖盘
1814,14:42:40,6.6,0.0,10,6600,买盘
1815,14:42:49,6.6,0.0,163,107580,买盘
1816,14:43:13,6.6,0.0,9,5940,买盘
1817,14:43:25,6.6,0.0,50,33000,买盘
1818,14:43:31,6.59,-0.01,44,28996,卖盘
1819,14:43:36,6.59,0.0,316,208244,卖盘
1820,14:43:46,6.59,0.0,2,1318,卖盘
1821,14:44:01,6.6,0.01,2,1320,买盘
1822,14:44:16,6.59,-0.01,79,52061,卖盘
1823,14:44:21,6.59,0.0,44,28996,卖盘
1824,14:44:27,6.6,0.01,2,1320,买盘
1825,14:44:37,6.6,0.0,5,3300,买盘
1826,14:44:43,6.59,-0.01,340,224060,卖盘
1827,14:45:04,6.59,0.0,7,4613,卖盘
1828,14:45:22,6.59,0.0,109,71831,卖盘
1829,14:45:28,6.59,0.0,181,119279,卖盘
1830,14:45:31,6.59,0.0,18,11862,买盘
1831,14:45:33,6.59,0.0,14,9226,买盘
1832,14:45:46,6.59,0.0,32,21066,买盘
1833,14:45:49,6.59,0.0,137,90283,买盘
1834,14:46:01,6.58,-0.01,124,81592,卖盘
1835,14:46:07,6.59,0.01,10,6590,买盘
1836,14:47:01,6.59,0.0,47,30973,买盘
1837,14:47:04,6.58,-0.01,93,61194,卖盘
1838,14:47:07,6.59,0.01,58,38222,买盘
1839,14:47:09,6.58,-0.01,40,26350,卖盘
1840,14:47:12,6.59,0.01,153,100827,买盘
1841,14:47:46,6.59,0.0,26,17134,卖盘
1842,14:47:52,6.6,0.01,3,1980,买盘
1843,14:47:55,6.6,0.0,10,6600,买盘
1844,14:47:58,6.6,0.0,105,69200,买盘
1845,14:48:09,6.6,0.0,5,3300,买盘
1846,14:48:13,6.59,-0.01,10,6590,卖盘
1847,14:48:25,6.59,0.0,239,157511,卖盘
1848,14:48:28,6.59,0.0,42,27678,买盘
1849,14:48:31,6.59,0.0,15,9883,买盘
1850,14:48:37,6.58,-0.01,16,10528,卖盘
1851,14:48:43,6.58,0.0,10,6580,卖盘
1852,14:48:46,6.58,0.0,15,9875,卖盘
1853,14:48:49,6.58,0.0,1,658,卖盘
1854,14:48:58,6.59,0.01,12,7908,买盘
1855,14:49:04,6.58,-0.01,114,75012,卖盘
1856,14:49:07,6.58,0.0,5,3290,卖盘
1857,14:49:10,6.59,0.01,25,16475,买盘
1858,14:49:16,6.58,-0.01,7,4610,卖盘
1859,14:49:30,6.58,0.0,1957,1287716,卖盘
1860,14:49:58,6.58,0.0,100,65800,买盘
1861,14:50:04,6.57,-0.01,18,11835,卖盘
1862,14:50:06,6.58,0.01,25,16450,买盘
1863,14:50:10,6.58,0.0,39,25662,买盘
1864,14:50:16,6.58,0.0,18,11844,买盘
1865,14:50:28,6.57,-0.01,19,12483,卖盘
1866,14:50:31,6.58,0.01,13,8551,买盘
1867,14:50:39,6.58,0.0,40,26320,买盘
1868,14:50:45,6.58,0.0,6,3948,买盘
1869,14:50:51,6.58,0.0,3,1974,买盘
1870,14:50:54,6.58,0.0,31,20398,买盘
1871,14:50:58,6.58,0.0,54,35486,买盘
1872,14:51:04,6.57,-0.01,320,210260,卖盘
1873,14:51:06,6.57,0.0,9,5913,卖盘
1874,14:51:10,6.57,0.0,42,27594,卖盘
1875,14:51:18,6.58,0.01,10,6580,买盘
1876,14:51:22,6.57,-0.01,591,388287,卖盘
1877,14:51:24,6.57,0.0,23,15091,买盘
1878,14:51:27,6.56,-0.01,160,104960,卖盘
1879,14:51:31,6.57,0.01,20,13140,买盘
1880,14:51:40,6.56,-0.01,26,17056,卖盘
1881,14:51:43,6.57,0.01,14,9198,买盘
1882,14:51:52,6.56,-0.01,329,215824,卖盘
1883,14:51:58,6.56,0.0,61,40016,卖盘
1884,14:52:04,6.56,0.0,10,6560,卖盘
1885,14:52:15,6.56,0.0,6,3936,卖盘
1886,14:52:21,6.56,0.0,18,11818,卖盘
1887,14:52:40,6.56,0.0,117,76752,卖盘
1888,14:52:43,6.57,0.01,3,1971,买盘
1889,14:52:46,6.56,-0.01,50,32800,卖盘
1890,14:52:48,6.56,0.0,57,37392,卖盘
1891,14:52:51,6.57,0.01,220,144340,买盘
1892,14:52:58,6.57,0.0,128,83986,买盘
1893,14:53:04,6.57,0.0,5,3285,买盘
1894,14:53:06,6.56,-0.01,20,13120,卖盘
1895,14:53:10,6.57,0.01,25,16425,买盘
1896,14:53:13,6.57,0.0,51,33507,买盘
1897,14:53:15,6.57,0.0,21,13797,买盘
1898,14:53:22,6.57,0.0,26,17082,买盘
1899,14:53:28,6.56,-0.01,6,3936,卖盘
1900,14:53:33,6.57,0.01,5,3285,买盘
1901,14:53:37,6.57,0.0,5,3285,买盘
1902,14:53:40,6.57,0.0,31,20367,买盘
1903,14:53:46,6.57,0.0,10,6570,买盘
1904,14:53:49,6.56,-0.01,81,53136,卖盘
1905,14:53:52,6.57,0.01,10,6570,买盘
1906,14:53:58,6.57,0.0,35,22995,买盘
1907,14:54:01,6.57,0.0,14,9198,买盘
1908,14:54:04,6.56,-0.01,160,104970,卖盘
1909,14:54:06,6.57,0.01,63,41391,买盘
1910,14:54:10,6.56,-0.01,11,7216,卖盘
1911,14:54:13,6.57,0.01,580,381060,买盘
1912,14:54:16,6.56,-0.01,52,34114,卖盘
1913,14:54:19,6.57,0.01,30,19710,买盘
1914,14:54:22,6.56,-0.01,15,9840,卖盘
1915,14:54:25,6.57,0.01,193,126771,买盘
1916,14:54:28,6.56,-0.01,14,9190,卖盘
1917,14:54:34,6.56,0.0,45,29555,卖盘
1918,14:54:40,6.57,0.01,10,6570,买盘
1919,14:54:43,6.57,0.0,16,10512,买盘
1920,14:54:46,6.57,0.0,61,40077,买盘
1921,14:54:54,6.57,0.0,9,5913,卖盘
1922,14:54:58,6.57,0.0,8,5256,卖盘
1923,14:55:01,6.57,0.0,1009,661998,卖盘
1924,14:55:10,6.57,0.0,33,21681,卖盘
1925,14:55:13,6.57,0.0,40,26280,卖盘
1926,14:55:16,6.58,0.01,20,13160,买盘
1927,14:55:22,6.57,-0.01,1,657,卖盘
1928,14:55:24,6.57,0.0,28,18396,卖盘
1929,14:55:43,6.57,0.0,7,4599,卖盘
1930,14:55:49,6.57,0.0,8,5256,卖盘
1931,14:55:52,6.57,0.0,5,3285,卖盘
1932,14:55:55,6.57,0.0,27,17739,卖盘
1933,14:55:58,6.58,0.01,2,1316,买盘
1934,14:56:04,6.57,-0.01,673,442765,卖盘
1935,14:56:07,6.58,0.01,123,80934,买盘
1936,14:56:13,6.57,-0.01,30,19710,卖盘
1937,14:56:18,6.57,0.0,39,25623,卖盘
1938,14:56:25,6.57,0.0,4,2628,卖盘
1939,14:56:34,6.57,0.0,41,26937,卖盘
1940,14:56:37,6.57,0.0,11,7227,卖盘
1941,14:56:43,6.58,0.01,35,23030,买盘
1942,14:56:46,6.58,0.0,1,658,买盘
1943,14:56:49,6.56,-0.02,395,259280,卖盘
1944,14:57:01,6.57,0.01,7,4599,卖盘
1945,15:00:05,6.58,0.01,1020,670996,卖盘
