,time,price,change,volume,amount,type
0,09:25:04,31.63,-0.22,4,12652,卖盘
1,09:30:00,32.34,0.71,1,3234,中性盘
2,09:30:04,32.34,0.0,14,45136,买盘
3,09:30:28,32.23,-0.11,6,19151,中性盘
4,09:30:33,31.86,-0.37,5,15930,卖盘
5,09:30:40,32.21,0.35,1,3221,中性盘
6,09:30:43,32.21,0.0,5,16015,买盘
7,09:30:52,31.96,-0.25,1,3196,中性盘
8,09:31:01,31.97,0.01,2,6394,卖盘
9,09:31:10,32.02,0.05,3,9606,中性盘
10,09:31:22,32.07,0.05,1,3207,中性盘
11,09:31:28,32.19,0.12,1,3219,买盘
12,09:31:31,32.21,0.02,9,28986,买盘
13,09:31:34,32.25,0.04,3,9667,买盘
14,09:31:36,32.21,-0.04,3,9668,卖盘
15,09:31:40,32.21,0.0,7,22555,卖盘
16,09:31:43,32.07,-0.14,6,19268,卖盘
17,09:31:52,32.08,0.01,4,12844,卖盘
18,09:32:07,32.17,0.09,1,3217,卖盘
19,09:32:21,32.09,-0.08,1,3209,卖盘
20,09:32:25,32.2,0.11,2,6434,买盘
21,09:32:40,32.07,-0.13,1,3207,卖盘
22,09:32:54,32.07,0.0,1,3207,卖盘
23,09:32:57,32.07,0.0,2,7504,卖盘
24,09:33:04,32.07,0.0,1,3207,卖盘
25,09:33:06,32.07,0.0,1,3207,卖盘
26,09:33:10,32.07,0.0,1,3207,卖盘
27,09:33:16,32.07,0.0,1,3207,卖盘
28,09:33:19,32.01,-0.06,2,6412,卖盘
29,09:33:43,32.07,0.06,1,3207,买盘
30,09:33:46,32.12,0.05,11,35252,买盘
31,09:33:49,32.13,0.01,7,22485,买盘
32,09:33:52,32.12,-0.01,6,19272,卖盘
33,09:33:55,32.12,0.0,1,3212,卖盘
34,09:33:58,32.02,-0.1,3,9606,中性盘
35,09:34:06,32.19,0.17,18,57879,买盘
36,09:34:15,32.01,-0.18,5,16017,卖盘
37,09:34:22,31.99,-0.02,4,12796,卖盘
38,09:34:25,31.99,0.0,1,3199,买盘
39,09:34:31,31.98,-0.01,1,3198,卖盘
40,09:34:34,32.0,0.02,2,6400,中性盘
41,09:34:40,32.28,0.28,5,16084,买盘
42,09:34:43,32.02,-0.26,2,6405,卖盘
43,09:34:45,32.02,0.0,2,6404,卖盘
44,09:34:51,32.05,0.03,1,3205,中性盘
45,09:34:58,32.01,-0.04,1,3201,买盘
46,09:35:00,32.01,0.0,1,3201,买盘
47,09:35:25,32.0,-0.01,2,6400,卖盘
48,09:35:34,32.0,0.0,1,3200,卖盘
49,09:35:42,31.99,-0.01,2,6398,卖盘
50,09:35:52,31.99,0.0,1,3199,卖盘
51,09:35:55,31.99,0.0,1,3199,卖盘
52,09:35:58,31.98,-0.01,3,9595,卖盘
53,09:36:06,31.97,-0.01,8,25583,卖盘
54,09:36:16,31.92,-0.05,3,9576,卖盘
55,09:36:21,31.92,0.0,3,9576,卖盘
56,09:36:25,31.98,0.06,5,15984,买盘
57,09:36:34,31.93,-0.05,1,3193,卖盘
58,09:36:39,31.91,-0.02,2,6382,卖盘
59,09:36:43,31.98,0.07,1,3198,买盘
60,09:36:52,31.94,-0.04,1,3194,中性盘
61,09:36:58,31.93,-0.01,2,6386,卖盘
62,09:37:04,31.93,0.0,1,3193,卖盘
63,09:37:06,31.97,0.04,1,3197,买盘
64,09:37:19,31.9,-0.07,1,3190,卖盘
65,09:37:45,31.89,-0.01,2,6379,卖盘
66,09:37:51,31.85,-0.04,1,3185,卖盘
67,09:37:58,31.85,0.0,2,6370,卖盘
68,09:38:01,31.85,0.0,1,3185,卖盘
69,09:38:04,31.89,0.04,7,22323,买盘
70,09:38:07,31.89,0.0,1,3189,卖盘
71,09:38:15,31.89,0.0,1,3189,卖盘
72,09:38:22,31.91,0.02,1,3191,卖盘
73,09:38:25,31.91,0.0,1,3191,卖盘
74,09:38:31,31.91,0.0,1,3191,卖盘
75,09:38:34,31.96,0.05,1,3196,买盘
76,09:38:37,31.96,0.0,1,3196,买盘
77,09:38:58,31.95,-0.01,2,6387,买盘
78,09:39:13,31.92,-0.03,1,3192,卖盘
79,09:39:28,31.93,0.01,1,3193,卖盘
80,09:39:31,31.96,0.03,6,19173,买盘
81,09:39:37,31.96,0.0,1,3196,卖盘
82,09:39:46,31.96,0.0,25,79900,卖盘
83,09:39:49,31.96,0.0,1,3196,买盘
84,09:40:00,31.97,0.01,15,47925,买盘
85,09:40:16,31.97,0.0,6,19182,卖盘
86,09:40:58,32.1,0.13,3,9604,买盘
87,09:41:01,32.1,0.0,28,89880,卖盘
88,09:41:04,31.97,-0.13,2,6414,卖盘
89,09:41:13,31.88,-0.09,8,25517,卖盘
90,09:41:19,31.88,0.0,3,9564,卖盘
91,09:41:21,31.99,0.11,1,3199,买盘
92,09:41:28,31.99,0.0,1,3199,卖盘
93,09:41:40,31.99,0.0,2,6398,卖盘
94,09:41:51,31.97,-0.02,1,3197,卖盘
95,09:41:57,31.97,0.0,2,6394,卖盘
96,09:42:01,31.97,0.0,1,3197,卖盘
97,09:42:06,31.97,0.0,2,6394,卖盘
98,09:42:15,31.97,0.0,2,6394,卖盘
99,09:42:24,31.97,0.0,1,3197,卖盘
100,09:42:34,32.23,0.24,1,3223,买盘
101,09:42:37,32.06,-0.17,2,6418,卖盘
102,09:42:39,32.12,0.06,1,3212,买盘
103,09:42:55,32.12,0.0,2,6423,买盘
104,09:42:58,32.12,0.0,8,25696,卖盘
105,09:43:01,32.12,0.0,1,3212,买盘
106,09:43:04,32.05,-0.07,4,12818,中性盘
107,09:43:13,32.12,0.07,2,6417,买盘
108,09:43:28,32.05,-0.07,10,32050,卖盘
109,09:43:33,32.05,0.0,1,3205,卖盘
110,09:43:37,31.97,-0.08,4,12788,卖盘
111,09:43:43,31.97,0.0,1,3197,卖盘
112,09:43:58,31.97,0.0,2,6394,卖盘
113,09:44:00,32.21,0.24,1,3221,买盘
114,09:44:06,31.97,-0.24,1,3197,卖盘
115,09:44:58,31.97,0.0,2,6394,卖盘
116,09:45:04,31.97,0.0,1,3197,卖盘
117,09:45:13,32.18,0.21,1,3218,买盘
118,09:45:24,32.18,0.0,1,3218,买盘
119,09:45:28,32.18,0.0,4,12872,买盘
120,09:45:36,31.97,-0.21,2,6394,卖盘
121,09:45:40,32.18,0.21,1,3218,买盘
122,09:45:46,32.19,0.01,7,22508,买盘
123,09:45:52,31.98,-0.21,2,6396,卖盘
124,09:46:01,31.99,0.01,1,3199,中性盘
125,09:46:07,32.0,0.01,10,32000,中性盘
126,09:46:16,32.0,0.0,2,6400,卖盘
127,09:46:25,32.02,0.02,1,3202,中性盘
128,09:46:40,32.17,0.15,1,3217,买盘
129,09:46:58,32.03,-0.14,2,6406,卖盘
130,09:47:00,32.03,0.0,2,6406,卖盘
131,09:47:04,32.03,0.0,8,25624,买盘
132,09:47:10,32.03,0.0,1,3203,卖盘
133,09:47:18,32.03,0.0,3,9609,卖盘
134,09:47:49,32.03,0.0,10,32030,卖盘
135,09:47:52,32.16,0.13,14,45019,买盘
136,09:47:57,32.03,-0.13,2,6406,卖盘
137,09:48:01,32.03,0.0,2,6406,卖盘
138,09:48:07,32.03,0.0,3,9609,卖盘
139,09:48:09,32.03,0.0,10,32030,卖盘
140,09:48:13,32.04,0.01,2,6408,中性盘
141,09:48:16,32.04,0.0,3,9612,卖盘
142,09:48:21,32.04,0.0,2,6408,卖盘
143,09:48:28,32.04,0.0,7,22428,卖盘
144,09:48:36,32.03,-0.01,1,3203,卖盘
145,09:48:40,32.04,0.01,5,16017,买盘
146,09:48:54,32.03,-0.01,2,6406,卖盘
147,09:48:58,32.03,0.0,4,12812,卖盘
148,09:49:01,32.04,0.01,2,6408,买盘
149,09:49:04,32.04,0.0,2,6408,卖盘
150,09:49:09,32.04,0.0,2,6408,卖盘
151,09:49:39,32.05,0.01,12,38460,卖盘
152,09:49:49,32.04,-0.01,3,9612,卖盘
153,09:49:58,32.05,0.01,2,6410,卖盘
154,09:50:01,32.05,0.0,1,3205,卖盘
155,09:50:16,32.05,0.0,1,3205,卖盘
156,09:50:31,32.06,0.01,2,6412,卖盘
157,09:50:57,32.06,0.0,2,6412,卖盘
158,09:51:49,32.12,0.06,1,3212,买盘
159,09:51:58,32.09,-0.03,4,12836,卖盘
160,09:52:06,32.12,0.03,6,19272,卖盘
161,09:52:10,32.13,0.01,1,3213,买盘
162,09:52:16,32.12,-0.01,5,16060,卖盘
163,09:52:19,32.13,0.01,2,6426,买盘
164,09:52:22,32.12,-0.01,1,3212,卖盘
165,09:52:24,32.12,0.0,4,12848,卖盘
166,09:52:28,32.12,0.0,20,64240,卖盘
167,09:52:31,32.09,-0.03,31,99562,卖盘
168,09:52:34,32.14,0.05,1,3214,买盘
169,09:52:37,32.04,-0.1,1,3204,卖盘
170,09:52:40,31.98,-0.06,6,19197,卖盘
171,09:52:52,31.98,0.0,1,3198,买盘
172,09:52:55,31.98,0.0,3,9594,卖盘
173,09:53:04,31.98,0.0,2,6397,卖盘
174,09:53:55,31.98,0.0,1,3198,卖盘
175,09:53:58,31.98,0.0,2,6396,卖盘
176,09:54:04,32.12,0.14,3,9624,买盘
177,09:54:06,31.98,-0.14,1,3198,卖盘
178,09:54:16,31.98,0.0,1,3198,卖盘
179,09:54:25,32.11,0.13,1,3211,买盘
180,09:54:31,31.98,-0.13,1,3198,卖盘
181,09:54:51,32.11,0.13,5,16054,买盘
182,09:54:54,31.98,-0.13,1,3198,卖盘
183,09:54:58,31.98,0.0,2,6396,卖盘
184,09:55:01,32.11,0.13,1,3211,买盘
185,09:55:04,31.98,-0.13,1,3198,卖盘
186,09:55:57,32.01,0.03,2,6402,卖盘
187,09:56:07,32.01,0.0,1,3201,卖盘
188,09:56:15,32.01,0.0,1,3201,卖盘
189,09:56:33,32.01,0.0,2,6410,卖盘
190,09:56:40,32.01,0.0,1,3201,卖盘
191,09:56:58,32.01,0.0,2,6402,卖盘
192,09:57:00,32.01,0.0,1,3201,卖盘
193,09:57:04,32.01,0.0,2,6402,卖盘
194,09:57:31,32.08,0.07,2,6416,买盘
195,09:57:58,32.02,-0.06,4,12808,卖盘
196,09:58:01,32.08,0.06,1,3208,买盘
197,09:58:04,32.08,0.0,1,3208,买盘
198,09:58:07,32.02,-0.06,2,6404,卖盘
199,09:59:01,32.07,0.05,8,25646,买盘
200,09:59:04,32.07,0.0,1,3207,卖盘
201,09:59:10,32.08,0.01,7,22456,买盘
202,09:59:13,32.08,0.0,3,9624,卖盘
203,09:59:19,32.08,0.0,3,9624,卖盘
204,09:59:22,32.09,0.01,5,16045,买盘
205,09:59:25,32.09,0.0,1,3209,买盘
206,09:59:28,32.08,-0.01,1,3208,卖盘
207,09:59:34,32.08,0.0,10,32080,卖盘
208,09:59:37,32.09,0.01,2,6418,买盘
209,09:59:43,32.09,0.0,4,12836,卖盘
210,09:59:49,32.1,0.01,4,12840,买盘
211,09:59:52,32.1,0.0,3,9631,卖盘
212,09:59:55,32.11,0.01,1,3211,买盘
213,09:59:58,32.12,0.01,1,3212,买盘
214,10:00:01,32.11,-0.01,2,6422,卖盘
215,10:00:06,32.15,0.04,11,35365,买盘
216,10:00:09,32.15,0.0,15,46618,买盘
217,10:00:13,32.16,0.01,5,16080,买盘
218,10:00:16,32.16,0.0,11,35397,卖盘
219,10:00:18,32.22,0.06,5,16098,买盘
220,10:00:22,32.22,0.0,6,19332,买盘
221,10:00:25,32.21,-0.01,10,32215,卖盘
222,10:00:28,32.3,0.09,1,3230,买盘
223,10:00:31,32.21,-0.09,4,12893,卖盘
224,10:00:34,32.3,0.09,6,19371,买盘
225,10:00:37,32.29,-0.01,2,6459,中性盘
226,10:00:39,32.21,-0.08,7,22592,卖盘
227,10:00:43,32.34,0.13,6,19404,买盘
228,10:00:49,32.17,-0.17,1,3217,卖盘
229,10:00:54,32.17,0.0,3,9651,卖盘
230,10:01:04,32.17,0.0,1,3217,卖盘
231,10:01:19,32.34,0.17,26,84064,买盘
232,10:01:22,32.35,0.01,53,171403,中性盘
233,10:01:25,32.34,-0.01,1,3234,中性盘
234,10:01:28,32.09,-0.25,23,73861,卖盘
235,10:01:37,32.09,0.0,5,16042,中性盘
236,10:01:52,32.12,0.03,3,9636,卖盘
237,10:02:07,32.19,0.07,1,3219,买盘
238,10:02:13,32.19,0.0,1,3219,买盘
239,10:02:16,32.14,-0.05,1,3214,卖盘
240,10:02:24,32.14,0.0,1,3214,卖盘
241,10:02:57,32.14,0.0,1,3214,卖盘
242,10:03:22,32.19,0.05,4,12875,买盘
243,10:03:25,32.3,0.11,1,3230,买盘
244,10:03:28,32.16,-0.14,2,6442,卖盘
245,10:03:37,32.17,0.01,1,3217,中性盘
246,10:04:04,32.29,0.12,1,3229,买盘
247,10:04:16,32.17,-0.12,1,3217,卖盘
248,10:04:31,32.17,0.0,1,3217,卖盘
249,10:04:39,32.17,0.0,1,3217,卖盘
250,10:04:57,32.17,0.0,2,6434,卖盘
251,10:05:58,32.21,0.04,2,6442,卖盘
252,10:06:12,32.21,0.0,3,9663,卖盘
253,10:06:25,32.17,-0.04,1,3217,卖盘
254,10:06:52,32.17,0.0,9,28959,卖盘
255,10:06:55,32.21,0.04,3,9663,买盘
256,10:06:58,32.17,-0.04,2,6434,卖盘
257,10:07:04,32.08,-0.09,4,12841,卖盘
258,10:07:28,32.08,0.0,4,12832,卖盘
259,10:07:36,32.08,0.0,3,9624,卖盘
260,10:07:58,32.08,0.0,2,6416,卖盘
261,10:08:09,32.08,0.0,1,3208,卖盘
262,10:08:30,32.08,0.0,1,3208,卖盘
263,10:08:58,32.08,0.0,1,3208,卖盘
264,10:09:04,32.02,-0.06,4,12825,卖盘
265,10:09:06,32.14,0.12,1,3214,中性盘
266,10:09:13,32.0,-0.14,2,6407,卖盘
267,10:09:58,32.02,0.02,2,6404,卖盘
268,10:10:01,32.02,0.0,2,6404,卖盘
269,10:10:58,32.13,0.11,4,12830,买盘
270,10:11:57,32.02,-0.11,2,6404,卖盘
271,10:12:04,32.12,0.1,1,3212,买盘
272,10:12:10,32.02,-0.1,1,3202,卖盘
273,10:12:19,32.08,0.06,1,3208,买盘
274,10:12:24,32.08,0.0,2,6420,卖盘
275,10:12:42,32.02,-0.06,2,6404,卖盘
276,10:12:48,32.03,0.01,1,3203,中性盘
277,10:12:51,32.03,0.0,1,3203,卖盘
278,10:12:58,32.03,0.0,2,6406,卖盘
279,10:13:58,32.02,-0.01,2,6404,卖盘
280,10:14:01,32.02,0.0,1,3202,卖盘
281,10:14:04,32.02,0.0,2,6409,卖盘
282,10:14:58,32.02,0.0,2,6404,卖盘
283,10:15:58,32.02,0.0,2,6404,卖盘
284,10:16:04,32.02,0.0,2,6404,卖盘
285,10:16:10,32.02,0.0,1,3202,卖盘
286,10:16:19,32.0,-0.02,1,3200,卖盘
287,10:16:34,32.0,0.0,1,3200,卖盘
288,10:16:37,32.0,0.0,2,6400,卖盘
289,10:16:52,32.0,0.0,1,3200,卖盘
290,10:16:57,32.0,0.0,2,6400,卖盘
291,10:17:49,32.0,0.0,2,6400,卖盘
292,10:17:58,32.0,0.0,2,6722,卖盘
293,10:18:00,32.05,0.05,1,3205,买盘
294,10:18:04,32.05,0.0,1,3205,买盘
295,10:18:10,32.0,-0.05,2,6400,卖盘
296,10:18:58,32.0,0.0,2,6400,卖盘
297,10:19:04,32.05,0.05,1,3205,买盘
298,10:19:07,32.0,-0.05,2,6400,卖盘
299,10:19:13,32.0,0.0,1,3200,卖盘
300,10:19:25,32.0,0.0,1,2880,买盘
301,10:19:58,31.97,-0.03,2,6394,卖盘
302,10:20:04,31.97,0.0,1,3197,卖盘
303,10:20:25,31.99,0.02,2,6398,买盘
304,10:20:46,32.04,0.05,1,3204,买盘
305,10:20:52,32.04,0.0,1,3204,卖盘
306,10:21:06,32.06,0.02,4,12824,买盘
307,10:21:15,32.06,0.0,2,6412,卖盘
308,10:21:25,32.06,0.0,1,3206,买盘
309,10:21:45,32.07,0.01,1,3207,买盘
310,10:22:58,32.01,-0.06,1,3201,卖盘
311,10:23:07,32.01,0.0,1,3201,卖盘
312,10:23:13,32.01,0.0,2,6402,卖盘
313,10:23:16,32.01,0.0,2,6402,卖盘
314,10:23:18,32.01,0.0,1,3201,卖盘
315,10:23:31,32.01,0.0,1,3201,卖盘
316,10:23:39,32.01,0.0,1,3201,卖盘
317,10:23:57,32.01,0.0,1,3201,卖盘
318,10:24:10,32.0,-0.01,1,3200,卖盘
319,10:24:58,32.0,0.0,1,3200,卖盘
320,10:25:06,32.0,0.0,1,3200,卖盘
321,10:25:16,32.0,0.0,3,9600,卖盘
322,10:25:25,32.0,0.0,1,3200,卖盘
323,10:25:58,32.0,0.0,1,3200,卖盘
324,10:26:13,32.05,0.05,1,3205,买盘
325,10:26:19,32.0,-0.05,4,12800,卖盘
326,10:26:22,32.05,0.05,1,3205,买盘
327,10:26:28,32.0,-0.05,2,6400,卖盘
328,10:26:40,32.06,0.06,1,3206,买盘
329,10:26:46,32.07,0.01,1,3207,买盘
330,10:26:49,32.08,0.01,1,3208,买盘
331,10:27:01,32.0,-0.08,2,6406,卖盘
332,10:27:13,32.0,0.0,2,6400,卖盘
333,10:27:28,32.12,0.12,4,12836,买盘
334,10:27:33,32.12,0.0,9,28908,卖盘
335,10:27:37,32.13,0.01,6,19278,买盘
336,10:27:39,32.01,-0.12,1,3201,卖盘
337,10:27:49,31.99,-0.02,5,15997,卖盘
338,10:27:55,31.99,0.0,2,6398,卖盘
339,10:28:40,32.01,0.02,4,12804,卖盘
340,10:28:43,32.01,0.0,2,6402,卖盘
341,10:28:58,32.01,0.0,1,3201,卖盘
342,10:29:37,32.01,0.0,1,3201,卖盘
343,10:29:42,32.01,0.0,5,16005,卖盘
344,10:29:46,32.11,0.1,1,3211,买盘
345,10:29:58,32.01,0.0,3,9603,卖盘
346,10:30:12,32.02,0.01,2,6404,卖盘
347,10:30:37,32.12,0.1,2,6424,买盘
348,10:30:55,32.13,0.01,6,19278,买盘
349,10:31:09,32.13,0.0,2,6426,卖盘
350,10:31:12,32.17,0.04,2,6434,买盘
351,10:31:25,32.17,0.0,3,9651,卖盘
352,10:31:30,32.15,-0.02,8,25720,买盘
353,10:31:33,32.15,0.0,1,3215,卖盘
354,10:31:36,32.04,-0.11,4,12843,卖盘
355,10:31:39,32.05,0.01,2,6410,中性盘
356,10:31:48,32.05,0.0,1,3205,卖盘
357,10:32:04,32.05,0.0,1,3205,卖盘
358,10:32:13,32.05,0.0,1,3205,卖盘
359,10:32:55,32.17,0.12,2,6434,买盘
360,10:32:58,32.17,0.0,2,6434,卖盘
361,10:33:03,32.17,0.0,1,3217,卖盘
362,10:33:31,32.17,0.0,1,3217,买盘
363,10:33:39,32.17,0.0,2,6434,卖盘
364,10:33:43,32.17,0.0,2,6435,中性盘
365,10:33:52,32.07,-0.1,4,12828,卖盘
366,10:33:58,32.07,0.0,1,3207,卖盘
367,10:34:04,32.06,-0.01,2,6412,卖盘
368,10:34:58,32.07,0.01,1,3207,卖盘
369,10:35:37,32.07,0.0,4,12828,卖盘
370,10:35:49,32.07,0.0,2,6414,卖盘
371,10:35:58,32.07,0.0,1,3207,卖盘
372,10:36:07,32.06,-0.01,2,6413,卖盘
373,10:36:12,32.06,0.0,1,3206,卖盘
374,10:36:58,32.06,0.0,1,3206,卖盘
375,10:37:01,32.14,0.08,6,19252,买盘
376,10:37:04,32.14,0.0,1,3214,卖盘
377,10:37:10,32.14,0.0,3,9642,卖盘
378,10:37:19,32.14,0.0,1,3214,卖盘
379,10:37:24,32.06,-0.08,1,3206,卖盘
380,10:37:57,32.06,0.0,1,3206,卖盘
381,10:38:57,32.06,0.0,1,3206,卖盘
382,10:39:57,32.06,0.0,1,3206,卖盘
383,10:40:34,32.06,0.0,5,16030,卖盘
384,10:40:37,32.06,0.0,2,6412,卖盘
385,10:40:57,32.06,0.0,1,3206,卖盘
386,10:41:58,32.06,0.0,1,3206,卖盘
387,10:42:57,32.06,0.0,1,3206,卖盘
388,10:43:04,32.06,0.0,2,6412,卖盘
389,10:43:57,32.06,0.0,1,3206,卖盘
390,10:44:01,32.1,0.04,3,9622,买盘
391,10:44:57,32.06,-0.04,1,3206,卖盘
392,10:45:04,32.06,0.0,1,3206,卖盘
393,10:45:13,32.1,0.04,1,3210,买盘
394,10:45:19,32.06,-0.04,1,3206,卖盘
395,10:45:58,32.06,0.0,1,3206,卖盘
396,10:46:58,32.06,0.0,1,3206,卖盘
397,10:47:58,32.06,0.0,1,3206,卖盘
398,10:48:58,32.06,0.0,1,3206,卖盘
399,10:49:13,32.06,0.0,1,3206,卖盘
400,10:49:16,32.06,0.0,1,3206,卖盘
401,10:49:19,32.06,0.0,1,3206,卖盘
402,10:49:27,32.06,0.0,7,22442,卖盘
403,10:49:31,32.09,0.03,5,16039,买盘
404,10:49:33,32.09,0.0,3,9627,卖盘
405,10:49:37,32.06,-0.03,6,19242,卖盘
406,10:49:39,32.06,0.0,2,6412,卖盘
407,10:49:43,32.0,-0.06,2,6400,卖盘
408,10:49:51,32.0,0.0,3,9600,卖盘
409,10:50:13,31.97,-0.03,3,9591,卖盘
410,10:50:24,31.9,-0.07,2,6380,卖盘
411,10:50:27,31.88,-0.02,16,51012,卖盘
412,10:50:31,31.86,-0.02,1,3186,中性盘
413,10:50:36,31.82,-0.04,4,12728,卖盘
414,10:50:40,31.82,0.0,4,12728,卖盘
415,10:50:49,31.75,-0.07,3,9532,卖盘
416,10:50:54,31.75,0.0,1,3175,卖盘
417,10:50:58,31.75,0.0,1,3175,卖盘
418,10:51:04,31.75,0.0,1,3175,卖盘
419,10:51:45,31.83,0.08,1,3183,买盘
420,10:51:57,31.78,-0.05,1,3178,卖盘
421,10:52:01,31.77,-0.01,1,3177,卖盘
422,10:52:04,31.83,0.06,1,3183,买盘
423,10:52:19,31.84,0.01,3,9552,买盘
424,10:52:21,31.85,0.01,1,3185,买盘
425,10:52:30,31.85,0.0,1,3185,卖盘
426,10:52:40,31.85,0.0,1,3185,卖盘
427,10:53:57,31.87,0.02,1,3187,卖盘
428,10:54:58,31.88,0.01,1,3188,卖盘
429,10:55:57,31.9,0.02,1,3190,卖盘
430,10:56:57,31.9,0.0,1,3190,卖盘
431,10:57:03,31.9,0.0,1,3190,卖盘
432,10:57:12,31.9,0.0,1,3190,卖盘
433,10:57:28,31.97,0.07,2,6394,买盘
434,10:57:30,31.98,0.01,1,3198,买盘
435,10:57:33,31.99,0.01,1,3199,买盘
436,10:57:36,31.99,0.0,1,3199,买盘
437,10:57:39,31.99,0.0,1,3199,买盘
438,10:57:45,31.97,-0.02,1,3197,卖盘
439,10:57:55,31.99,0.02,1,3199,买盘
440,10:58:51,32.0,0.01,1,3200,买盘
441,10:58:57,31.98,-0.02,1,3198,卖盘
442,10:59:58,31.98,0.0,1,3198,卖盘
443,11:00:15,32.0,0.02,1,3200,买盘
444,11:00:46,32.0,0.0,1,3200,买盘
445,11:00:48,32.01,0.01,1,3201,买盘
446,11:00:51,32.01,0.0,1,3201,买盘
447,11:00:57,32.02,0.01,2,6404,中性盘
448,11:01:42,32.06,0.04,1,3206,买盘
449,11:01:57,32.03,-0.03,1,3203,卖盘
450,11:02:39,32.05,0.02,2,6410,买盘
451,11:02:46,32.03,-0.02,3,9609,卖盘
452,11:02:48,32.03,0.0,1,3203,卖盘
453,11:03:31,32.03,0.0,3,9609,卖盘
454,11:03:36,32.03,0.0,2,6406,卖盘
455,11:03:45,32.03,0.0,1,3203,卖盘
456,11:03:57,32.03,0.0,1,3203,卖盘
457,11:04:57,32.03,0.0,1,3203,卖盘
458,11:05:07,32.03,0.0,1,3203,卖盘
459,11:05:22,32.03,0.0,4,12812,卖盘
460,11:05:57,32.03,0.0,1,3203,卖盘
461,11:06:30,32.03,0.0,10,32030,卖盘
462,11:06:42,32.03,0.0,4,12812,卖盘
463,11:06:45,32.08,0.05,1,3208,买盘
464,11:06:51,32.03,-0.05,1,3203,卖盘
465,11:06:57,32.03,0.0,1,3203,卖盘
466,11:07:57,32.03,0.0,1,3203,卖盘
467,11:08:15,32.03,0.0,1,3203,卖盘
468,11:08:27,32.03,0.0,1,3203,卖盘
469,11:08:57,32.03,0.0,1,3203,卖盘
470,11:09:09,32.03,0.0,2,6406,卖盘
471,11:09:16,32.03,0.0,2,6406,卖盘
472,11:09:58,32.03,0.0,1,3203,卖盘
473,11:10:12,32.04,0.01,1,3204,卖盘
474,11:10:57,32.04,0.0,1,3204,卖盘
475,11:11:57,32.04,0.0,1,3204,卖盘
476,11:12:03,32.04,0.0,1,3204,卖盘
477,11:12:15,32.04,0.0,1,3204,卖盘
478,11:12:57,32.04,0.0,1,3204,卖盘
479,11:13:30,32.05,0.01,4,12820,买盘
480,11:13:33,32.06,0.01,1,3206,买盘
481,11:13:36,32.06,0.0,2,6412,买盘
482,11:13:40,32.05,-0.01,4,12821,卖盘
483,11:13:49,32.08,0.03,2,6413,买盘
484,11:13:52,32.08,0.0,1,3208,买盘
485,11:13:55,32.08,0.0,1,3208,买盘
486,11:13:57,32.07,-0.01,1,3207,买盘
487,11:14:01,32.08,0.01,1,3208,买盘
488,11:14:04,32.08,0.0,1,3208,买盘
489,11:14:06,32.09,0.01,1,3209,买盘
490,11:14:09,32.09,0.0,1,3209,买盘
491,11:14:13,32.09,0.0,2,6414,买盘
492,11:14:19,32.05,-0.04,1,3205,卖盘
493,11:14:22,32.04,-0.01,4,12818,卖盘
494,11:14:28,32.04,0.0,2,6408,卖盘
495,11:14:48,32.1,0.06,1,3210,买盘
496,11:14:52,32.15,0.05,1,3215,买盘
497,11:14:55,32.15,0.0,7,22505,买盘
498,11:14:58,32.15,0.0,2,6430,买盘
499,11:15:01,32.17,0.02,5,16033,买盘
500,11:15:07,32.04,-0.13,1,3204,卖盘
501,11:15:10,32.17,0.13,1,3217,买盘
502,11:15:21,32.17,0.0,1,3217,买盘
503,11:15:25,32.17,0.0,1,3217,买盘
504,11:15:27,32.17,0.0,1,3217,买盘
505,11:15:31,32.17,0.0,1,3217,买盘
506,11:15:34,32.17,0.0,1,3217,买盘
507,11:15:37,32.17,0.0,1,3217,买盘
508,11:15:40,32.1,-0.07,2,6427,卖盘
509,11:15:46,32.18,0.08,1,3218,买盘
510,11:15:49,32.18,0.0,3,9638,买盘
511,11:16:04,32.11,-0.07,1,3211,卖盘
512,11:16:43,32.13,0.02,2,6426,卖盘
513,11:16:57,32.13,0.0,1,3213,卖盘
514,11:17:57,32.15,0.02,1,3215,卖盘
515,11:18:25,32.15,0.0,4,12860,卖盘
516,11:18:36,32.15,0.0,1,3215,卖盘
517,11:18:43,32.15,0.0,1,3215,卖盘
518,11:18:51,32.15,0.0,1,3215,卖盘
519,11:18:57,32.13,-0.02,1,3213,卖盘
520,11:19:07,32.13,0.0,1,3213,卖盘
521,11:19:49,32.17,0.04,1,3217,买盘
522,11:19:52,32.17,0.0,1,3217,买盘
523,11:19:55,32.18,0.01,2,6436,买盘
524,11:19:58,32.2,0.02,24,77280,买盘
525,11:20:00,32.3,0.1,2,6449,买盘
526,11:20:04,32.15,-0.15,8,25720,卖盘
527,11:20:07,32.3,0.15,3,9690,买盘
528,11:20:10,32.33,0.03,1,3233,买盘
529,11:20:12,32.3,-0.03,7,22628,卖盘
530,11:20:19,32.33,0.03,4,12932,卖盘
531,11:20:21,32.3,-0.03,4,12929,卖盘
532,11:20:24,32.34,0.04,4,12933,买盘
533,11:20:28,32.3,-0.04,5,16167,卖盘
534,11:20:37,32.34,0.04,7,22594,买盘
535,11:20:40,32.13,-0.21,13,41916,卖盘
536,11:20:51,32.15,0.02,5,16075,卖盘
537,11:21:01,32.16,0.01,1,3216,中性盘
538,11:21:10,32.24,0.08,1,3224,中性盘
539,11:21:28,32.32,0.08,12,38768,买盘
540,11:21:36,32.16,-0.16,4,12864,卖盘
541,11:21:39,32.16,0.0,1,3216,卖盘
542,11:21:42,32.32,0.16,1,3232,买盘
543,11:21:48,32.16,-0.16,1,3216,卖盘
544,11:22:07,32.31,0.15,2,6462,买盘
545,11:22:37,32.3,-0.01,2,6460,买盘
546,11:22:52,32.23,-0.07,2,6446,卖盘
547,11:22:57,32.23,0.0,2,6446,卖盘
548,11:23:28,32.16,-0.07,1,3216,卖盘
549,11:23:57,32.17,0.01,1,3217,卖盘
550,11:24:25,32.28,0.11,1,3228,买盘
551,11:24:57,32.17,-0.11,1,3217,卖盘
552,11:25:37,32.27,0.1,2,6454,买盘
553,11:25:51,32.17,-0.1,1,3217,卖盘
554,11:25:57,32.17,0.0,1,3217,卖盘
555,11:26:28,32.27,0.1,1,3227,买盘
556,11:26:42,32.28,0.01,1,3228,买盘
557,11:26:57,32.17,-0.11,1,3217,卖盘
558,11:27:04,32.17,0.0,2,6434,卖盘
559,11:27:40,32.17,0.0,3,9651,卖盘
560,11:27:57,32.17,0.0,1,3217,卖盘
561,11:28:04,32.28,0.11,1,3228,买盘
562,11:28:57,32.18,-0.1,1,3218,卖盘
563,11:29:21,32.17,-0.01,1,3217,卖盘
564,11:29:25,32.17,0.0,2,6434,卖盘
565,11:29:28,32.27,0.1,1,3227,买盘
566,13:00:05,32.15,-0.12,5,16400,卖盘
567,13:00:57,32.16,0.01,2,6432,卖盘
568,13:01:00,32.16,0.0,1,3216,买盘
569,13:01:57,32.15,-0.01,3,9645,卖盘
570,13:02:57,32.16,0.01,3,9648,卖盘
571,13:03:51,32.15,-0.01,42,134714,卖盘
572,13:03:54,32.15,0.0,1,3215,买盘
573,13:03:57,32.13,-0.02,3,9641,卖盘
574,13:04:57,32.13,0.0,3,9639,卖盘
575,13:05:42,32.13,0.0,3,9639,卖盘
576,13:05:45,32.13,0.0,1,3213,卖盘
577,13:05:57,32.13,0.0,3,9639,卖盘
578,13:06:00,32.14,0.01,1,3214,买盘
579,13:06:57,32.13,-0.01,3,9639,卖盘
580,13:07:16,32.13,0.0,8,25704,卖盘
581,13:07:19,32.13,0.0,1,3213,卖盘
582,13:07:21,32.13,0.0,5,16065,卖盘
583,13:07:30,32.1,-0.03,5,16050,卖盘
584,13:07:33,32.1,0.0,2,6420,卖盘
585,13:07:36,32.1,0.0,1,3210,卖盘
586,13:07:57,32.1,0.0,2,6420,卖盘
587,13:08:58,32.05,-0.05,4,12820,卖盘
588,13:09:09,32.05,0.0,12,38780,卖盘
589,13:09:57,32.05,0.0,3,9615,卖盘
590,13:10:33,32.05,0.0,1,3205,卖盘
591,13:10:36,32.13,0.08,1,3213,买盘
592,13:10:57,32.06,-0.07,2,6412,卖盘
593,13:11:33,32.05,-0.01,1,3205,卖盘
594,13:11:58,32.05,0.0,2,6410,卖盘
595,13:12:12,32.03,-0.02,1,3203,卖盘
596,13:12:54,32.06,0.03,1,3206,买盘
597,13:12:57,32.04,-0.02,2,6408,卖盘
598,13:13:12,32.05,0.01,5,16025,买盘
599,13:13:52,32.06,0.01,1,3206,卖盘
600,13:14:57,32.06,0.0,3,9618,卖盘
601,13:15:36,32.06,0.0,1,3206,卖盘
602,13:15:57,32.06,0.0,3,9618,卖盘
603,13:16:58,32.06,0.0,3,9618,卖盘
604,13:17:13,32.06,0.0,1,3206,卖盘
605,13:17:57,32.07,0.01,3,9621,卖盘
606,13:18:51,32.07,0.0,1,3207,卖盘
607,13:18:57,32.07,0.0,3,9621,卖盘
608,13:19:58,32.07,0.0,3,9621,卖盘
609,13:20:24,32.07,0.0,3,9621,卖盘
610,13:20:31,32.07,0.0,2,6414,卖盘
611,13:20:34,32.05,-0.02,1,3205,卖盘
612,13:20:58,32.05,0.0,3,9615,卖盘
613,13:21:13,32.05,0.0,1,3205,卖盘
614,13:21:57,32.05,0.0,3,9615,卖盘
615,13:22:13,32.05,0.0,1,3205,卖盘
616,13:22:16,32.08,0.03,1,3208,买盘
617,13:22:57,32.03,-0.05,1,3203,卖盘
618,13:23:04,32.02,-0.01,1,3202,卖盘
619,13:23:09,32.02,0.0,1,3202,卖盘
620,13:23:13,32.02,0.0,2,6404,卖盘
621,13:23:22,32.02,0.0,1,3202,卖盘
622,13:23:48,32.02,0.0,5,16010,卖盘
623,13:23:51,32.02,0.0,1,3202,买盘
624,13:23:54,31.95,-0.07,1,3195,中性盘
625,13:23:57,31.96,0.01,3,9588,中性盘
626,13:24:57,31.99,0.03,3,9597,卖盘
627,13:25:12,31.96,-0.03,1,3196,卖盘
628,13:25:33,31.96,0.0,1,3196,卖盘
629,13:25:57,31.91,-0.05,4,12779,卖盘
630,13:26:45,31.91,0.0,1,3191,卖盘
631,13:26:57,31.91,0.0,3,9573,卖盘
632,13:27:13,31.89,-0.02,2,6380,卖盘
633,13:27:49,31.88,-0.01,3,9564,卖盘
634,13:27:57,31.88,0.0,3,9564,卖盘
635,13:28:31,31.88,0.0,1,3188,卖盘
636,13:28:54,31.88,0.0,1,3188,卖盘
637,13:28:57,31.87,-0.01,3,9561,卖盘
638,13:29:42,31.87,0.0,1,3187,卖盘
639,13:29:57,31.87,0.0,3,9561,卖盘
640,13:30:22,31.87,0.0,1,3187,卖盘
641,13:30:30,31.88,0.01,1,3188,卖盘
642,13:30:58,31.89,0.01,3,9567,卖盘
643,13:31:00,31.98,0.09,1,3198,买盘
644,13:31:55,31.92,-0.06,7,22352,卖盘
645,13:31:57,31.95,0.03,3,9585,中性盘
646,13:32:12,31.95,0.0,2,6390,卖盘
647,13:32:16,31.94,-0.01,1,3194,卖盘
648,13:32:57,31.92,-0.02,4,12768,卖盘
649,13:33:04,31.92,0.0,1,3192,卖盘
650,13:33:06,31.92,0.0,1,3192,卖盘
651,13:33:12,31.92,0.0,1,3192,卖盘
652,13:33:30,31.93,0.01,2,6386,买盘
653,13:33:54,31.91,-0.02,1,3191,卖盘
654,13:33:57,31.91,0.0,2,6382,卖盘
655,13:34:30,31.91,0.0,1,3191,买盘
656,13:34:39,31.92,0.01,9,28723,买盘
657,13:35:33,31.9,-0.02,1,3190,卖盘
658,13:35:58,31.9,0.0,3,9570,卖盘
659,13:36:04,31.9,0.0,1,3190,买盘
660,13:36:27,31.89,-0.01,12,38268,卖盘
661,13:36:30,31.89,0.0,1,3189,买盘
662,13:36:39,31.88,-0.01,4,12752,卖盘
663,13:36:54,31.88,0.0,6,19128,卖盘
664,13:36:58,31.88,0.0,1,3188,卖盘
665,13:37:06,31.88,0.0,2,6376,买盘
666,13:37:18,31.86,-0.02,1,3186,卖盘
667,13:37:49,31.87,0.01,1,3187,买盘
668,13:37:57,31.87,0.0,3,9561,卖盘
669,13:38:00,31.87,0.0,1,3187,卖盘
670,13:38:19,31.88,0.01,5,15940,买盘
671,13:38:22,31.9,0.02,1,3190,买盘
672,13:38:58,31.88,-0.02,1,3188,卖盘
673,13:39:01,31.88,0.0,4,12752,卖盘
674,13:39:34,31.88,0.0,5,15940,卖盘
675,13:39:51,31.86,-0.02,60,190632,卖盘
676,13:39:55,31.84,-0.02,5,15922,卖盘
677,13:39:57,31.84,0.0,1,3184,卖盘
678,13:40:34,31.83,-0.01,5,15919,卖盘
679,13:40:37,31.85,0.02,7,22295,买盘
680,13:40:40,31.85,0.0,1,3185,买盘
681,13:40:43,31.85,0.0,1,3185,买盘
682,13:40:46,31.85,0.0,13,41405,买盘
683,13:40:49,31.85,0.0,4,12740,买盘
684,13:40:51,31.85,0.0,5,15925,买盘
685,13:41:15,31.84,-0.01,1,3184,卖盘
686,13:41:57,31.84,0.0,3,9552,卖盘
687,13:42:06,31.85,0.01,9,28665,买盘
688,13:42:10,31.85,0.0,3,9555,买盘
689,13:42:12,31.84,-0.01,1,3184,卖盘
690,13:42:36,31.84,0.0,5,15920,卖盘
691,13:42:58,31.84,0.0,3,9552,卖盘
692,13:43:01,31.84,0.0,1,3184,卖盘
693,13:43:19,31.84,0.0,1,3184,卖盘
694,13:43:54,31.84,0.0,1,3184,卖盘
695,13:43:57,31.84,0.0,3,9552,卖盘
696,13:44:57,31.84,0.0,4,12736,卖盘
697,13:45:21,31.84,0.0,1,3184,卖盘
698,13:45:27,31.85,0.01,1,3185,买盘
699,13:45:30,31.85,0.0,1,3185,买盘
700,13:45:34,31.84,-0.01,1,3184,卖盘
701,13:45:58,31.84,0.0,2,6368,卖盘
702,13:46:55,31.83,-0.01,2,6366,卖盘
703,13:46:58,31.83,0.0,3,9549,卖盘
704,13:47:00,31.83,0.0,1,3183,卖盘
705,13:47:04,31.82,-0.01,1,3182,卖盘
706,13:47:15,31.82,0.0,1,3182,卖盘
707,13:47:25,31.82,0.0,1,3182,卖盘
708,13:47:40,31.82,0.0,1,3182,卖盘
709,13:47:54,31.83,0.01,1,3183,买盘
710,13:47:57,31.82,-0.01,3,9546,卖盘
711,13:48:00,31.84,0.02,1,3184,买盘
712,13:48:51,31.84,0.0,1,3184,卖盘
713,13:48:57,31.84,0.0,2,6368,卖盘
714,13:49:04,31.85,0.01,10,31850,买盘
715,13:49:06,31.85,0.0,1,3185,买盘
716,13:49:21,31.85,0.0,10,31850,买盘
717,13:49:31,31.82,-0.03,12,38185,卖盘
718,13:49:58,31.82,0.0,1,3182,卖盘
719,13:50:31,31.81,-0.01,1,3181,卖盘
720,13:50:34,31.81,0.0,1,3181,卖盘
721,13:50:37,31.81,0.0,1,3181,卖盘
722,13:50:40,31.84,0.03,2,6368,买盘
723,13:50:42,31.81,-0.03,5,15905,卖盘
724,13:50:57,31.81,0.0,2,6362,卖盘
725,13:51:25,31.85,0.04,20,63700,买盘
726,13:51:27,31.84,-0.01,1,3184,买盘
727,13:51:45,31.84,0.0,1,3184,买盘
728,13:51:58,31.82,-0.02,2,6364,卖盘
729,13:52:13,31.82,0.0,1,3182,卖盘
730,13:52:19,31.82,0.0,4,12728,卖盘
731,13:52:25,31.85,0.03,1,3185,买盘
732,13:54:01,31.88,0.03,2,6373,买盘
733,13:54:52,31.85,-0.03,1,3185,卖盘
734,13:55:31,31.86,0.01,1,3186,卖盘
735,13:55:46,31.88,0.02,4,12744,买盘
736,13:56:46,31.82,-0.06,8,25478,卖盘
737,13:57:21,31.83,0.01,1,3183,中性盘
738,13:57:31,31.88,0.05,1,3188,买盘
739,13:58:51,31.84,-0.04,1,3184,卖盘
740,13:59:04,31.89,0.05,1,3189,买盘
741,14:00:22,31.88,-0.01,1,3188,买盘
742,14:00:46,31.89,0.01,1,3189,买盘
743,14:02:31,31.87,-0.02,1,3187,买盘
744,14:03:19,31.84,-0.03,3,9552,卖盘
745,14:03:22,31.86,0.02,1,3186,买盘
746,14:03:49,31.84,-0.02,3,9552,卖盘
747,14:03:58,31.83,-0.01,5,15915,卖盘
748,14:04:15,31.86,0.03,1,3186,买盘
749,14:04:18,31.83,-0.03,3,9549,卖盘
750,14:04:37,31.87,0.04,1,3187,买盘
751,14:05:19,31.84,-0.03,1,3184,卖盘
752,14:05:22,31.84,0.0,2,6368,买盘
753,14:05:36,31.87,0.03,2,6373,买盘
754,14:06:19,31.84,-0.03,1,3184,卖盘
755,14:06:22,31.84,0.0,2,6368,买盘
756,14:06:58,31.87,0.03,3,9561,买盘
757,14:07:01,31.87,0.0,2,6374,买盘
758,14:07:04,31.88,0.01,1,3188,买盘
759,14:07:12,31.89,0.01,1,3189,买盘
760,14:07:31,31.89,0.0,3,9567,买盘
761,14:07:34,31.88,-0.01,1,3188,卖盘
762,14:07:54,31.89,0.01,1,3189,买盘
763,14:08:19,31.88,-0.01,1,3188,卖盘
764,14:08:57,31.92,0.04,4,12768,卖盘
765,14:09:06,31.92,0.0,1,3192,卖盘
766,14:09:16,31.94,0.02,1,3194,买盘
767,14:09:18,31.92,-0.02,1,3192,卖盘
768,14:09:25,31.92,0.0,2,6384,买盘
769,14:09:36,31.93,0.01,1,3193,卖盘
770,14:10:18,31.93,0.0,3,9579,卖盘
771,14:10:45,31.94,0.01,1,3194,买盘
772,14:10:55,31.93,-0.01,8,25544,卖盘
773,14:10:58,31.93,0.0,2,6386,买盘
774,14:11:18,31.91,-0.02,2,6382,卖盘
775,14:11:21,31.91,0.0,1,3191,买盘
776,14:11:37,31.92,0.01,1,3192,卖盘
777,14:12:19,31.9,-0.02,3,9570,卖盘
778,14:13:19,31.9,0.0,3,9570,卖盘
779,14:14:19,31.9,0.0,2,6380,卖盘
780,14:14:22,31.9,0.0,1,3190,买盘
781,14:14:48,31.89,-0.01,1,3189,卖盘
782,14:15:07,31.9,0.01,1,3190,卖盘
783,14:15:10,31.91,0.01,1,3191,卖盘
784,14:15:18,31.89,-0.02,1,3189,卖盘
785,14:15:25,31.92,0.03,1,3192,买盘
786,14:16:00,31.91,-0.01,1,3191,买盘
787,14:16:18,31.87,-0.04,3,9561,卖盘
788,14:17:18,31.9,0.03,3,9570,卖盘
789,14:17:45,31.91,0.01,1,3191,买盘
790,14:17:51,31.92,0.01,2,6384,买盘
791,14:18:18,31.91,-0.01,3,9573,卖盘
792,14:18:30,31.9,-0.01,4,12761,卖盘
793,14:18:52,31.9,0.0,2,6380,买盘
794,14:19:18,31.9,0.0,3,9570,卖盘
795,14:19:24,31.93,0.03,4,12772,买盘
796,14:19:27,31.93,0.0,1,3193,买盘
797,14:20:19,31.88,-0.05,1,3188,卖盘
798,14:21:07,31.92,0.04,1,3192,买盘
799,14:21:19,31.83,-0.09,3,9549,卖盘
800,14:21:25,31.93,0.1,4,12772,买盘
801,14:22:13,31.96,0.03,1,3196,买盘
802,14:22:18,31.96,0.0,2,6392,卖盘
803,14:22:31,31.93,-0.03,20,63860,卖盘
804,14:23:18,31.93,0.0,3,9579,卖盘
805,14:24:04,31.93,0.0,3,9579,卖盘
806,14:24:19,31.93,0.0,2,6386,卖盘
807,14:24:54,31.88,-0.05,1,3188,卖盘
808,14:25:18,31.84,-0.04,3,9552,卖盘
809,14:25:34,31.88,0.04,10,31880,买盘
810,14:25:36,31.88,0.0,1,3188,买盘
811,14:25:48,31.87,-0.01,1,3187,中性盘
812,14:26:18,31.84,-0.03,3,9552,卖盘
813,14:26:25,31.88,0.04,1,3188,买盘
814,14:27:18,31.84,-0.04,3,9552,卖盘
815,14:28:19,31.84,0.0,3,9552,卖盘
816,14:29:18,31.83,-0.01,3,9549,卖盘
817,14:29:30,31.88,0.05,1,3188,买盘
818,14:29:39,31.83,-0.05,1,3183,卖盘
819,14:29:58,31.83,0.0,1,3183,卖盘
820,14:30:18,31.87,0.04,4,12736,买盘
821,14:30:49,31.86,-0.01,5,15930,中性盘
822,14:31:16,31.9,0.04,4,12760,买盘
823,14:32:06,31.92,0.02,1,3192,买盘
824,14:32:19,31.86,-0.06,3,9558,中性盘
825,14:32:43,31.93,0.07,1,3193,买盘
826,14:33:01,31.93,0.0,1,3193,买盘
827,14:33:12,31.93,0.0,1,3193,买盘
828,14:33:19,31.89,-0.04,1,3189,卖盘
829,14:33:36,31.93,0.04,1,3193,买盘
830,14:34:09,31.92,-0.01,1,3192,买盘
831,14:34:15,31.87,-0.05,3,9561,卖盘
832,14:34:19,31.87,0.0,3,9567,卖盘
833,14:34:48,31.97,0.1,5,15985,买盘
834,14:34:52,31.97,0.0,9,28773,卖盘
835,14:35:04,32.0,0.03,2,6397,买盘
836,14:35:07,32.0,0.0,1,3200,买盘
837,14:35:12,31.97,-0.03,1,3197,卖盘
838,14:35:18,32.0,0.03,13,41600,买盘
839,14:35:31,32.0,0.0,1,3200,买盘
840,14:35:57,31.96,-0.04,1,3196,卖盘
841,14:36:01,31.99,0.03,1,3199,中性盘
842,14:36:09,32.05,0.06,1,3205,买盘
843,14:36:13,31.99,-0.06,1,3199,中性盘
844,14:36:16,32.05,0.06,1,3205,买盘
845,14:36:19,31.93,-0.12,3,9579,卖盘
846,14:36:25,32.05,0.12,16,51280,买盘
847,14:36:27,32.06,0.01,1,3206,买盘
848,14:36:33,31.98,-0.08,1,3198,中性盘
849,14:36:37,31.97,-0.01,1,3197,中性盘
850,14:36:39,32.03,0.06,1,3203,买盘
851,14:37:10,31.98,-0.05,2,6396,买盘
852,14:37:18,31.9,-0.08,3,9570,卖盘
853,14:38:04,31.97,0.07,1,3197,买盘
854,14:38:07,31.98,0.01,2,6396,买盘
855,14:38:19,31.97,-0.01,1,3197,卖盘
856,14:38:57,31.98,0.01,1,3198,买盘
857,14:39:10,31.98,0.0,1,3198,买盘
858,14:39:18,31.95,-0.03,3,9585,卖盘
859,14:39:30,31.98,0.03,1,3198,买盘
860,14:39:52,31.98,0.0,1,3198,买盘
861,14:39:58,31.9,-0.08,8,25542,卖盘
862,14:40:10,31.9,0.0,1,3190,买盘
863,14:40:19,31.88,-0.02,3,9564,卖盘
864,14:40:49,31.9,0.02,36,113373,买盘
865,14:40:51,31.98,0.08,2,6396,买盘
866,14:41:04,31.98,0.0,1,3198,买盘
867,14:41:09,32.0,0.02,1,3200,买盘
868,14:41:19,32.0,0.0,14,44800,买盘
869,14:41:37,32.0,0.0,12,38398,买盘
870,14:41:40,32.0,0.0,1,3200,买盘
871,14:41:55,32.0,0.0,3,9600,买盘
872,14:42:10,32.06,0.06,1,3206,买盘
873,14:42:13,32.06,0.0,3,9618,买盘
874,14:42:16,32.08,0.02,2,6416,买盘
875,14:42:19,32.08,0.0,2,6416,买盘
876,14:42:21,32.08,0.0,2,6416,买盘
877,14:42:24,32.08,0.0,1,3208,买盘
878,14:42:28,32.08,0.0,3,9624,买盘
879,14:42:31,32.09,0.01,6,19251,买盘
880,14:42:34,32.09,0.0,6,19253,买盘
881,14:42:46,32.16,0.07,10,32160,买盘
882,14:42:49,32.14,-0.02,7,22510,卖盘
883,14:42:51,32.17,0.03,3,9645,买盘
884,14:42:54,32.13,-0.04,1,3213,卖盘
885,14:42:57,32.1,-0.03,2,6420,卖盘
886,14:43:04,32.17,0.07,12,38604,买盘
887,14:43:10,32.09,-0.08,2,6424,中性盘
888,14:43:13,32.08,-0.01,7,22456,卖盘
889,14:43:19,32.15,0.07,14,44995,买盘
890,14:43:25,32.07,-0.08,1,3207,卖盘
891,14:43:28,32.06,-0.01,7,22442,卖盘
892,14:43:31,32.15,0.09,1,3215,买盘
893,14:43:36,32.15,0.0,11,35355,买盘
894,14:43:54,32.15,0.0,13,41795,买盘
895,14:44:10,32.16,0.01,11,35376,买盘
896,14:44:28,32.15,-0.01,2,6430,买盘
897,14:44:31,32.15,0.0,3,9645,卖盘
898,14:44:43,32.15,0.0,5,16075,卖盘
899,14:44:58,32.17,0.02,8,25736,卖盘
900,14:45:00,32.18,0.01,12,38616,买盘
901,14:45:04,32.18,0.0,2,6436,卖盘
902,14:45:07,32.17,-0.01,3,9651,卖盘
903,14:45:09,32.17,0.0,1,3217,买盘
904,14:45:13,32.19,0.02,4,12873,买盘
905,14:45:19,32.18,-0.01,1,3218,买盘
906,14:45:31,32.18,0.0,10,32180,卖盘
907,14:45:33,32.19,0.01,1,3219,买盘
908,14:45:37,32.19,0.0,12,38628,买盘
909,14:45:52,32.19,0.0,11,35409,买盘
910,14:45:55,32.2,0.01,2,6440,买盘
911,14:45:57,32.2,0.0,2,6440,买盘
912,14:46:04,32.2,0.0,1,3220,买盘
913,14:46:06,32.2,0.0,3,9660,买盘
914,14:46:09,32.2,0.0,12,38640,买盘
915,14:46:13,32.2,0.0,1,3220,买盘
916,14:46:16,32.2,0.0,1,3220,买盘
917,14:46:22,32.19,-0.01,2,6438,卖盘
918,14:46:28,32.2,0.01,14,45080,买盘
919,14:46:30,32.19,-0.01,3,9657,卖盘
920,14:46:33,32.19,0.0,5,16091,买盘
921,14:46:37,32.18,-0.01,2,6436,卖盘
922,14:46:43,32.19,0.01,11,35403,买盘
923,14:47:01,32.19,0.0,8,25752,买盘
924,14:47:04,32.19,0.0,5,16095,卖盘
925,14:47:10,32.17,-0.02,2,6436,卖盘
926,14:47:19,32.19,0.02,6,19310,买盘
927,14:47:21,32.19,0.0,5,16095,卖盘
928,14:47:34,32.19,0.0,12,38628,买盘
929,14:47:37,32.18,-0.01,7,22526,卖盘
930,14:47:42,32.18,0.0,7,22526,买盘
931,14:47:49,32.17,-0.01,1,3217,卖盘
932,14:47:52,32.17,0.0,18,57898,中性盘
933,14:47:58,32.16,-0.01,2,6432,买盘
934,14:48:07,32.16,0.0,1,3216,买盘
935,14:48:10,32.16,0.0,8,25728,买盘
936,14:48:19,32.17,0.01,1,3217,中性盘
937,14:48:22,32.16,-0.01,2,6432,卖盘
938,14:48:24,32.18,0.02,6,19308,买盘
939,14:48:37,32.17,-0.01,1,3217,卖盘
940,14:48:40,32.2,0.03,51,164143,买盘
941,14:48:43,32.19,-0.01,2,6438,中性盘
942,14:49:01,32.19,0.0,11,35409,买盘
943,14:49:04,32.19,0.0,2,6438,卖盘
944,14:49:13,32.18,-0.01,12,38616,卖盘
945,14:49:16,32.18,0.0,10,32180,买盘
946,14:49:33,32.18,0.0,11,35398,买盘
947,14:49:52,32.19,0.01,2,6438,买盘
948,14:50:07,32.2,0.01,12,38640,买盘
949,14:50:10,32.2,0.0,13,41860,买盘
950,14:50:13,32.25,0.05,1,3225,买盘
951,14:50:22,32.19,-0.06,9,28971,卖盘
952,14:50:24,32.25,0.06,10,32250,买盘
953,14:50:28,32.29,0.04,2,6457,买盘
954,14:50:33,32.28,-0.01,1,3228,买盘
955,14:50:43,32.28,0.0,2,6456,买盘
956,14:50:54,32.29,0.01,1,3229,买盘
957,14:50:57,32.29,0.0,19,61341,买盘
958,14:51:07,32.3,0.01,1,3230,买盘
959,14:51:15,32.3,0.0,10,32300,买盘
960,14:51:18,32.29,-0.01,10,32290,卖盘
961,14:51:28,32.29,0.0,6,19374,卖盘
962,14:51:31,32.29,0.0,1,3229,卖盘
963,14:51:34,32.25,-0.04,4,12900,卖盘
964,14:51:55,32.27,0.02,1,3227,卖盘
965,14:51:58,32.27,0.0,3,11520,卖盘
966,14:52:19,32.26,-0.01,2,4614,买盘
967,14:52:22,32.26,0.0,5,16130,买盘
968,14:52:54,32.24,-0.02,2,6448,买盘
969,14:53:00,32.11,-0.13,1,3211,中性盘
970,14:53:04,32.24,0.13,5,16120,买盘
971,14:53:12,32.25,0.01,1,3225,买盘
972,14:53:18,32.25,0.0,13,41865,买盘
973,14:53:51,32.2,-0.05,7,22540,买盘
974,14:53:54,32.24,0.04,2,6448,买盘
975,14:54:12,32.24,0.0,8,25792,买盘
976,14:54:19,32.14,-0.1,4,12856,卖盘
977,14:54:22,32.24,0.1,1,3224,中性盘
978,14:54:31,32.12,-0.12,11,35332,卖盘
979,14:54:37,32.25,0.13,10,32250,买盘
980,14:54:39,32.19,-0.06,5,16095,卖盘
981,14:54:46,32.12,-0.07,10,32120,买盘
982,14:55:10,32.26,0.14,11,36941,买盘
983,14:55:13,32.26,0.0,28,90328,买盘
984,14:56:13,32.27,0.01,1,3227,买盘
985,14:56:21,32.27,0.0,3,9681,买盘
986,14:56:24,32.3,0.03,35,112992,买盘
987,14:56:27,32.3,0.0,2,6460,买盘
988,14:56:34,32.19,-0.11,1,3219,卖盘
989,14:56:36,32.19,0.0,5,16117,卖盘
990,14:56:48,32.32,0.13,3,8305,卖盘
991,14:56:55,32.3,-0.02,4,14309,卖盘
992,15:00:04,32.25,-0.05,12,37313,卖盘
