,time,price,change,volume,amount,type
0,09:25:04,26.65,-0.08,68,181220,卖盘
1,09:30:05,26.7,0.05,11,29340,买盘
2,09:30:07,26.7,0.0,9,24039,卖盘
3,09:30:10,26.7,0.0,2,5340,卖盘
4,09:30:13,26.7,0.0,1,2670,卖盘
5,09:30:28,26.9,0.2,38,101992,买盘
6,09:30:49,26.85,-0.05,5,13425,买盘
7,09:30:58,26.84,-0.01,2,5361,买盘
8,09:31:10,26.85,0.01,18,48317,买盘
9,09:31:13,26.83,-0.02,9,24149,卖盘
10,09:31:19,26.77,-0.06,2,5354,卖盘
11,09:31:25,26.77,0.0,8,21416,卖盘
12,09:31:28,26.73,-0.04,7,18711,卖盘
13,09:31:31,26.73,0.0,10,26730,买盘
14,09:31:37,26.73,0.0,3,8019,买盘
15,09:31:40,26.72,-0.01,8,21376,卖盘
16,09:31:43,26.73,0.01,8,21384,买盘
17,09:31:49,26.71,-0.02,15,40068,卖盘
18,09:31:52,26.72,0.01,9,24048,买盘
19,09:31:55,26.71,-0.01,3,8013,卖盘
20,09:32:07,26.72,0.01,7,18703,买盘
21,09:32:10,26.73,0.01,18,48097,买盘
22,09:32:16,26.71,-0.02,16,42746,卖盘
23,09:32:19,26.7,-0.01,21,56082,卖盘
24,09:32:22,26.7,0.0,21,56076,卖盘
25,09:32:25,26.73,0.03,19,50788,卖盘
26,09:32:37,26.77,0.04,4,10708,买盘
27,09:32:43,26.78,0.01,1,2678,买盘
28,09:32:46,26.77,-0.01,18,48186,卖盘
29,09:32:49,26.77,0.0,15,40145,买盘
30,09:32:52,26.77,0.0,5,13385,买盘
31,09:32:55,26.75,-0.02,1,2675,买盘
32,09:33:01,26.77,0.02,11,29447,买盘
33,09:33:05,26.77,0.0,11,29451,买盘
34,09:33:07,26.74,-0.03,10,26759,卖盘
35,09:33:16,26.78,0.04,1,2678,买盘
36,09:33:19,26.78,0.0,3,8034,买盘
37,09:33:22,26.78,0.0,5,13390,买盘
38,09:33:25,26.78,0.0,1,2678,买盘
39,09:33:28,26.77,-0.01,13,34805,卖盘
40,09:33:37,26.79,0.02,3,8037,买盘
41,09:33:40,26.79,0.0,3,8037,买盘
42,09:33:43,26.79,0.0,2,5358,买盘
43,09:33:46,26.79,0.0,4,10716,买盘
44,09:33:52,26.78,-0.01,7,18752,卖盘
45,09:33:58,26.78,0.0,7,18746,卖盘
46,09:34:01,26.83,0.05,6,16098,买盘
47,09:34:07,26.79,-0.04,10,26790,卖盘
48,09:34:10,26.83,0.04,1,2683,买盘
49,09:34:19,26.83,0.0,3,8049,卖盘
50,09:34:22,26.84,0.01,9,24152,买盘
51,09:34:25,26.81,-0.03,11,29511,卖盘
52,09:34:31,26.81,0.0,1,2681,买盘
53,09:34:37,26.81,0.0,30,80398,买盘
54,09:34:49,26.81,0.0,12,33781,卖盘
55,09:34:52,26.83,0.02,18,48294,买盘
56,09:34:55,26.84,0.01,3,8050,买盘
57,09:35:04,26.83,-0.01,8,21464,卖盘
58,09:35:07,26.84,0.01,2,5368,买盘
59,09:35:10,26.85,0.01,2,5370,买盘
60,09:35:13,26.85,0.0,1,2685,卖盘
61,09:35:16,26.86,0.01,7,18801,买盘
62,09:35:19,26.86,0.0,26,69836,卖盘
63,09:35:25,26.85,-0.01,8,21486,卖盘
64,09:35:31,26.83,-0.02,11,29513,卖盘
65,09:35:34,26.84,0.01,9,24152,买盘
66,09:35:37,26.81,-0.03,30,80484,卖盘
67,09:35:40,26.88,0.07,90,241714,买盘
68,09:35:43,26.81,-0.07,12,32172,卖盘
69,09:35:46,26.82,0.01,1,2682,买盘
70,09:35:55,26.81,-0.01,2,5362,卖盘
71,09:36:04,26.82,0.01,8,21456,买盘
72,09:36:10,26.83,0.01,7,18781,买盘
73,09:36:13,26.81,-0.02,8,21451,卖盘
74,09:36:16,26.81,0.0,12,32172,卖盘
75,09:36:19,26.83,0.02,15,40245,买盘
76,09:36:25,26.83,0.0,6,16098,卖盘
77,09:36:28,26.83,0.0,11,29513,卖盘
78,09:36:31,26.84,0.01,1,2684,买盘
79,09:36:34,26.83,-0.01,16,42938,卖盘
80,09:36:37,26.83,0.0,9,24147,卖盘
81,09:36:46,26.83,0.0,1,2683,卖盘
82,09:36:52,26.83,0.0,1,2683,买盘
83,09:36:58,26.81,-0.02,82,219928,卖盘
84,09:37:01,26.81,0.0,1,2681,卖盘
85,09:37:04,26.81,0.0,1,2681,卖盘
86,09:37:07,26.81,0.0,20,52011,卖盘
87,09:37:10,26.8,-0.01,4,10720,卖盘
88,09:37:13,26.81,0.01,10,26789,买盘
89,09:37:16,26.78,-0.03,13,34816,卖盘
90,09:37:19,26.78,0.0,5,13390,卖盘
91,09:37:22,26.77,-0.01,5,14461,卖盘
92,09:37:28,26.78,0.01,1,2678,买盘
93,09:37:31,26.77,-0.01,6,16062,卖盘
94,09:37:34,26.77,0.0,1,2677,卖盘
95,09:37:43,26.77,0.0,5,12314,卖盘
96,09:37:58,26.77,0.0,1,2677,买盘
97,09:38:04,26.75,-0.02,11,29425,卖盘
98,09:38:07,26.77,0.02,39,104403,买盘
99,09:38:16,26.75,-0.02,2,5350,卖盘
100,09:38:19,26.75,0.0,3,8025,卖盘
101,09:38:22,26.77,0.02,3,8030,买盘
102,09:38:25,26.77,0.0,2,5354,买盘
103,09:38:37,26.77,0.0,46,123671,买盘
104,09:38:40,26.74,-0.03,14,37447,卖盘
105,09:38:46,26.74,0.0,1,2674,卖盘
106,09:38:55,26.77,0.03,8,21409,买盘
107,09:39:01,26.77,0.0,7,18739,买盘
108,09:39:07,26.77,0.0,1,2677,卖盘
109,09:39:13,26.8,0.03,14,37520,买盘
110,09:39:16,26.8,0.0,3,8040,卖盘
111,09:39:25,26.85,0.05,4,10740,买盘
112,09:39:31,26.85,0.0,1,2685,中性盘
113,09:39:37,26.9,0.05,33,88722,买盘
114,09:39:40,26.85,-0.05,1,2685,卖盘
115,09:39:43,26.85,0.0,2,5370,买盘
116,09:39:49,26.86,0.01,20,53720,卖盘
117,09:39:52,26.85,-0.01,22,59055,买盘
118,09:39:55,26.85,0.0,1,2685,买盘
119,09:39:58,26.85,0.0,9,24165,买盘
120,09:40:04,26.85,0.0,25,67025,买盘
121,09:40:13,26.8,-0.05,37,99170,卖盘
122,09:40:19,26.8,0.0,2,5360,买盘
123,09:40:22,26.8,0.0,12,32160,买盘
124,09:40:28,26.8,0.0,1,2680,买盘
125,09:40:34,26.77,-0.03,12,32140,卖盘
126,09:40:58,26.83,0.06,1,2683,买盘
127,09:41:04,26.8,-0.03,1,2680,卖盘
128,09:41:13,26.77,-0.03,5,13385,卖盘
129,09:41:19,26.83,0.06,15,40200,买盘
130,09:41:22,26.8,-0.03,13,34845,卖盘
131,09:41:25,26.75,-0.05,3,8025,卖盘
132,09:41:31,26.77,0.02,4,10708,买盘
133,09:41:34,26.77,0.0,19,50863,买盘
134,09:41:52,26.8,0.03,12,32160,卖盘
135,09:41:58,26.81,0.01,1,2681,买盘
136,09:42:04,26.8,-0.01,20,53600,卖盘
137,09:42:13,26.82,0.02,15,40220,买盘
138,09:42:25,26.83,0.01,15,40245,买盘
139,09:42:28,26.83,0.0,2,6976,买盘
140,09:42:31,26.84,0.01,5,13420,买盘
141,09:42:37,26.83,-0.01,1,2683,卖盘
142,09:42:49,26.84,0.01,2,5368,买盘
143,09:42:52,26.84,0.0,3,8052,买盘
144,09:43:04,26.85,0.01,5,13425,买盘
145,09:43:13,26.85,0.0,1,2685,买盘
146,09:43:25,26.84,-0.01,33,88579,卖盘
147,09:43:28,26.85,0.01,10,26842,买盘
148,09:43:43,26.85,0.0,26,69810,买盘
149,09:43:46,26.85,0.0,1,2685,买盘
150,09:44:07,26.85,0.0,1,2685,买盘
151,09:44:10,26.84,-0.01,2,5368,卖盘
152,09:44:16,26.84,0.0,1,2684,买盘
153,09:44:25,26.83,-0.01,2,5366,卖盘
154,09:44:28,26.84,0.01,4,10736,买盘
155,09:44:31,26.83,-0.01,10,25220,卖盘
156,09:44:40,26.8,-0.03,12,32160,卖盘
157,09:44:49,26.8,0.0,3,8040,卖盘
158,09:44:58,26.81,0.01,8,21441,买盘
159,09:45:01,26.82,0.01,1,2682,卖盘
160,09:45:04,26.82,0.0,3,8046,卖盘
161,09:45:25,26.77,-0.05,10,26770,卖盘
162,09:45:28,26.8,0.03,1,2680,买盘
163,09:45:37,26.7,-0.1,79,211244,卖盘
164,09:45:55,26.77,0.07,1,2677,买盘
165,09:45:58,26.7,-0.07,2,5340,卖盘
166,09:46:28,26.76,0.06,1,2676,买盘
167,09:46:37,26.76,0.0,2,5352,买盘
168,09:46:40,26.83,0.07,33,88461,买盘
169,09:46:46,26.82,-0.01,4,10728,卖盘
170,09:46:58,26.84,0.02,7,18788,买盘
171,09:47:01,26.83,-0.01,5,13415,卖盘
172,09:47:04,26.82,-0.01,8,21457,卖盘
173,09:47:22,26.78,-0.04,1,2678,卖盘
174,09:47:31,26.82,0.04,2,5364,买盘
175,09:47:46,26.78,-0.04,2,5356,卖盘
176,09:47:58,26.82,0.04,1,2682,买盘
177,09:48:01,26.78,-0.04,10,26780,卖盘
178,09:48:25,26.8,0.02,1,2680,买盘
179,09:48:28,26.82,0.02,29,77760,买盘
180,09:48:43,26.82,0.0,17,45594,卖盘
181,09:48:46,26.82,0.0,59,158238,卖盘
182,09:48:49,26.82,0.0,1,2682,买盘
183,09:49:01,26.82,0.0,1,2682,买盘
184,09:49:19,26.82,0.0,5,13410,买盘
185,09:49:28,26.81,-0.01,1,2681,买盘
186,09:49:43,26.81,0.0,7,18763,买盘
187,09:49:55,26.81,0.0,1,2681,买盘
188,09:49:58,26.81,0.0,24,64344,买盘
189,09:50:16,26.81,0.0,17,45577,卖盘
190,09:50:28,26.81,0.0,3,8041,买盘
191,09:50:55,26.8,-0.01,7,18762,卖盘
192,09:51:04,26.8,0.0,7,18760,卖盘
193,09:51:16,26.78,-0.02,9,24102,卖盘
194,09:51:31,26.78,0.0,1,2678,买盘
195,09:51:34,26.78,0.0,10,26780,买盘
196,09:51:43,26.78,0.0,8,21409,买盘
197,09:51:52,26.78,0.0,23,61594,卖盘
198,09:52:01,26.8,0.02,1,2680,买盘
199,09:52:22,26.8,0.0,24,64320,买盘
200,09:52:46,26.83,0.03,30,80472,买盘
201,09:52:49,26.81,-0.02,29,77749,卖盘
202,09:52:58,26.83,0.02,24,64392,买盘
203,09:53:01,26.83,0.0,1,2683,买盘
204,09:53:07,26.82,-0.01,1,2682,卖盘
205,09:53:13,26.82,0.0,3,8046,买盘
206,09:53:22,26.82,0.0,5,13410,买盘
207,09:53:25,26.83,0.01,15,40234,买盘
208,09:53:28,26.81,-0.02,2,5364,卖盘
209,09:53:31,26.82,0.01,1,2682,中性盘
210,09:53:58,26.83,0.01,2,5366,买盘
211,09:54:01,26.81,-0.02,30,80430,卖盘
212,09:54:04,26.8,-0.01,75,201051,卖盘
213,09:54:07,26.81,0.01,24,64344,买盘
214,09:54:10,26.81,0.0,14,37534,买盘
215,09:54:13,26.81,0.0,3,8043,买盘
216,09:54:16,26.8,-0.01,1,2680,卖盘
217,09:54:22,26.8,0.0,1,2680,卖盘
218,09:54:28,26.81,0.01,3,8041,买盘
219,09:54:31,26.8,-0.01,16,42880,卖盘
220,09:54:40,26.78,-0.02,14,37492,卖盘
221,09:54:52,26.78,0.0,4,10712,卖盘
222,09:54:58,26.78,0.0,24,64274,卖盘
223,09:55:04,26.78,0.0,3,8034,卖盘
224,09:55:10,26.78,0.0,56,149968,卖盘
225,09:55:13,26.78,0.0,5,13390,买盘
226,09:55:19,26.78,0.0,2,5356,买盘
227,09:55:22,26.76,-0.02,11,29436,卖盘
228,09:55:28,26.76,0.0,35,93516,买盘
229,09:55:40,26.71,-0.05,19,50749,卖盘
230,09:55:43,26.71,0.0,10,26710,卖盘
231,09:55:52,26.71,0.0,12,32052,卖盘
232,09:55:55,26.71,0.0,3,8013,卖盘
233,09:55:58,26.71,0.0,1,2671,买盘
234,09:56:04,26.71,0.0,9,24039,买盘
235,09:56:07,26.71,0.0,10,26710,卖盘
236,09:56:10,26.7,-0.01,10,26709,卖盘
237,09:56:16,26.7,0.0,30,80104,卖盘
238,09:56:22,26.72,0.02,3,8016,卖盘
239,09:56:28,26.71,-0.01,1,2671,买盘
240,09:56:34,26.7,-0.01,16,42720,卖盘
241,09:56:37,26.71,0.01,3,8013,买盘
242,09:56:43,26.71,0.0,3,8013,卖盘
243,09:56:52,26.72,0.01,5,13360,买盘
244,09:57:01,26.74,0.02,10,26740,买盘
245,09:57:04,26.72,-0.02,9,24048,卖盘
246,09:57:07,26.72,0.0,8,21369,买盘
247,09:57:13,26.71,-0.01,2,5342,卖盘
248,09:57:28,26.72,0.01,18,48096,卖盘
249,09:57:31,26.74,0.02,1,2674,买盘
250,09:57:37,26.72,-0.02,5,13360,卖盘
251,09:57:46,26.73,0.01,3,8019,卖盘
252,09:57:49,26.73,0.0,16,42768,卖盘
253,09:57:52,26.72,-0.01,1,2672,卖盘
254,09:57:58,26.72,0.0,7,18704,卖盘
255,09:58:01,26.73,0.01,3,8017,买盘
256,09:58:13,26.72,-0.01,2,5344,卖盘
257,09:58:19,26.73,0.01,4,10692,买盘
258,09:58:25,26.72,-0.01,26,69472,卖盘
259,09:58:28,26.0,-0.72,431,1141939,卖盘
260,09:58:31,26.73,0.73,3,8019,买盘
261,09:58:40,26.12,-0.61,3,7836,中性盘
262,09:59:04,26.65,0.53,1,2665,买盘
263,09:59:31,26.6,-0.05,7,18620,买盘
264,09:59:40,26.35,-0.25,5,13175,卖盘
265,09:59:46,26.59,0.24,64,170083,买盘
266,09:59:52,26.61,0.02,8,21288,卖盘
267,09:59:55,26.64,0.03,15,39924,买盘
268,09:59:58,26.61,-0.03,3,7983,卖盘
269,10:00:01,26.61,0.0,23,61209,卖盘
270,10:00:13,26.6,-0.01,1,2660,买盘
271,10:00:16,26.6,0.0,11,29260,买盘
272,10:00:19,26.42,-0.18,1,2642,卖盘
273,10:00:28,26.41,-0.01,30,79230,卖盘
274,10:00:34,26.45,0.04,3,7935,卖盘
275,10:00:43,26.45,0.0,4,10580,卖盘
276,10:00:55,26.45,0.0,10,26460,卖盘
277,10:01:04,26.45,0.0,4,10580,买盘
278,10:01:07,26.42,-0.03,9,23778,卖盘
279,10:01:19,26.42,0.0,10,26440,卖盘
280,10:01:25,26.42,0.0,1,2642,卖盘
281,10:01:31,26.42,0.0,17,44914,买盘
282,10:01:37,26.42,0.0,1,2642,买盘
283,10:01:40,26.42,0.0,11,29062,买盘
284,10:01:43,26.43,0.01,6,15856,买盘
285,10:01:46,26.43,0.0,11,29060,买盘
286,10:01:49,26.45,0.02,22,58188,买盘
287,10:02:04,26.58,0.13,10,26577,买盘
288,10:02:13,26.47,-0.11,13,34427,卖盘
289,10:02:16,26.47,0.0,3,7941,买盘
290,10:02:22,26.47,0.0,35,92645,买盘
291,10:02:25,26.47,0.0,3,7941,买盘
292,10:02:28,26.47,0.0,2,5294,买盘
293,10:02:31,26.47,0.0,7,18526,买盘
294,10:02:43,26.47,0.0,8,21171,买盘
295,10:02:46,26.47,0.0,12,31759,买盘
296,10:02:58,26.56,0.09,10,26558,买盘
297,10:03:19,26.54,-0.02,2,5308,买盘
298,10:03:22,26.47,-0.07,13,34411,卖盘
299,10:03:28,26.53,0.06,3,7959,买盘
300,10:03:31,26.54,0.01,27,71652,买盘
301,10:03:34,26.47,-0.07,1,2647,卖盘
302,10:03:40,26.53,0.06,2,5306,卖盘
303,10:03:43,26.53,0.0,1,2653,买盘
304,10:03:58,26.53,0.0,1,2653,买盘
305,10:04:13,26.54,0.01,7,18572,买盘
306,10:04:19,26.53,-0.01,5,13265,卖盘
307,10:04:22,26.54,0.01,9,23886,买盘
308,10:04:25,26.53,-0.01,20,53060,卖盘
309,10:04:28,26.53,0.0,7,18571,卖盘
310,10:04:31,26.54,0.01,8,21232,买盘
311,10:04:34,26.53,-0.01,1,2653,卖盘
312,10:04:40,26.53,0.0,4,10612,卖盘
313,10:04:43,26.53,0.0,2,5306,卖盘
314,10:04:46,26.54,0.01,15,39809,买盘
315,10:04:52,26.54,0.0,22,58388,卖盘
316,10:04:55,26.54,0.0,11,29194,卖盘
317,10:04:58,26.54,0.0,6,15924,买盘
318,10:05:13,26.53,-0.01,7,18571,卖盘
319,10:05:16,26.54,0.01,1,2654,买盘
320,10:05:25,26.53,-0.01,13,34489,卖盘
321,10:05:28,26.53,0.0,5,13265,卖盘
322,10:05:31,26.54,0.01,4,10616,买盘
323,10:05:34,26.54,0.0,23,61042,买盘
324,10:05:46,26.55,0.01,1,2655,买盘
325,10:05:49,26.55,0.0,2,5310,买盘
326,10:05:58,26.55,0.0,1,2655,买盘
327,10:06:01,26.54,-0.01,10,26542,卖盘
328,10:06:52,26.57,0.03,20,53140,买盘
329,10:07:04,26.57,0.0,6,15942,买盘
330,10:07:07,26.56,-0.01,10,26569,中性盘
331,10:07:19,26.56,0.0,1,2656,买盘
332,10:07:34,26.56,0.0,12,31877,卖盘
333,10:07:37,26.56,0.0,2,5312,买盘
334,10:07:46,26.56,0.0,20,53120,买盘
335,10:08:04,26.54,-0.02,6,15925,卖盘
336,10:08:10,26.54,0.0,4,10618,卖盘
337,10:08:22,26.54,0.0,3,7964,卖盘
338,10:08:43,26.54,0.0,2,5308,卖盘
339,10:08:55,26.53,-0.01,16,42448,卖盘
340,10:09:04,26.53,0.0,3,7959,卖盘
341,10:09:07,26.53,0.0,3,7959,卖盘
342,10:09:16,26.5,-0.03,10,26500,卖盘
343,10:09:31,26.49,-0.01,3,7947,卖盘
344,10:09:46,26.46,-0.03,16,42366,卖盘
345,10:09:55,26.46,0.0,7,18522,卖盘
346,10:10:01,26.46,0.0,12,31752,卖盘
347,10:10:07,26.45,-0.01,4,10580,卖盘
348,10:10:16,26.45,0.0,2,5290,买盘
349,10:10:22,26.43,-0.02,18,47574,卖盘
350,10:10:34,26.45,0.02,3,7935,买盘
351,10:10:52,26.45,0.0,2,5290,买盘
352,10:10:55,26.42,-0.03,4,10575,卖盘
353,10:10:58,26.45,0.03,5,13225,买盘
354,10:11:10,26.45,0.0,28,74042,买盘
355,10:11:16,26.45,0.0,2,5290,卖盘
356,10:11:19,26.42,-0.03,30,79260,卖盘
357,10:11:22,26.42,0.0,4,10568,卖盘
358,10:11:25,26.43,0.01,2,5286,买盘
359,10:11:28,26.43,0.0,4,10572,卖盘
360,10:11:34,26.42,-0.01,8,21137,卖盘
361,10:11:46,26.43,0.01,11,29064,卖盘
362,10:11:55,26.42,-0.01,2,5284,卖盘
363,10:11:58,26.43,0.01,8,21144,买盘
364,10:12:07,26.42,-0.01,15,39630,卖盘
365,10:12:13,26.43,0.01,10,26430,买盘
366,10:12:22,26.43,0.0,1,2643,买盘
367,10:12:25,26.43,0.0,2,5286,买盘
368,10:12:28,26.43,0.0,2,5286,买盘
369,10:12:40,26.43,0.0,16,42288,买盘
370,10:12:55,26.43,0.0,3,7929,卖盘
371,10:13:01,26.45,0.02,6,15870,买盘
372,10:13:04,26.43,-0.02,24,63432,卖盘
373,10:13:13,26.45,0.02,6,15870,买盘
374,10:13:22,26.45,0.0,8,21160,买盘
375,10:13:25,26.44,-0.01,5,13222,卖盘
376,10:13:28,26.44,0.0,2,5288,卖盘
377,10:13:31,26.46,0.02,26,68766,买盘
378,10:13:34,26.44,-0.02,1,2644,中性盘
379,10:13:37,26.46,0.02,12,31752,买盘
380,10:13:52,26.45,-0.01,1,2645,买盘
381,10:13:58,26.45,0.0,13,34385,买盘
382,10:14:04,26.45,0.0,1,2645,买盘
383,10:14:10,26.45,0.0,1,2645,买盘
384,10:14:13,26.44,-0.01,7,18508,卖盘
385,10:14:16,26.45,0.01,2,5290,买盘
386,10:14:28,26.46,0.01,1,2646,买盘
387,10:14:46,26.46,0.0,24,63524,卖盘
388,10:14:52,26.53,0.07,13,34489,买盘
389,10:15:04,26.55,0.02,10,26550,买盘
390,10:15:31,26.55,0.0,9,23905,卖盘
391,10:15:34,26.55,0.0,2,5310,买盘
392,10:16:10,26.55,0.0,4,10620,卖盘
393,10:16:13,26.59,0.04,10,26590,买盘
394,10:16:22,26.58,-0.01,5,13290,买盘
395,10:16:28,26.55,-0.03,2,5310,卖盘
396,10:16:34,26.55,0.0,1,2655,买盘
397,10:16:37,26.55,0.0,1,2655,买盘
398,10:16:40,26.55,0.0,3,7965,买盘
399,10:16:43,26.55,0.0,1,2655,买盘
400,10:16:46,26.55,0.0,2,5310,买盘
401,10:17:01,26.59,0.04,4,10636,买盘
402,10:17:19,26.59,0.0,1,2659,买盘
403,10:17:25,26.59,0.0,5,13295,买盘
404,10:17:34,26.59,0.0,2,5318,买盘
405,10:17:55,26.6,0.01,1,2660,买盘
406,10:18:07,26.59,-0.01,6,15954,卖盘
407,10:18:13,26.59,0.0,6,15957,卖盘
408,10:18:16,26.59,0.0,2,5318,买盘
409,10:18:19,26.59,0.0,2,5318,买盘
410,10:18:25,26.59,0.0,1,2659,买盘
411,10:18:28,26.59,0.0,3,7977,买盘
412,10:18:37,26.59,0.0,5,13295,买盘
413,10:18:49,26.57,-0.02,2,5314,卖盘
414,10:19:40,26.58,0.01,8,21264,卖盘
415,10:19:58,26.57,-0.01,8,21256,卖盘
416,10:20:01,26.58,0.01,1,2658,买盘
417,10:20:07,26.58,0.0,12,31896,卖盘
418,10:20:10,26.56,-0.02,15,39831,买盘
419,10:20:31,26.53,-0.03,14,37148,卖盘
420,10:20:52,26.53,0.0,108,286450,买盘
421,10:20:58,26.52,-0.01,6,15912,买盘
422,10:21:01,26.53,0.01,4,10612,买盘
423,10:21:04,26.53,0.0,1,2653,买盘
424,10:21:34,26.56,0.03,2,5312,买盘
425,10:21:37,26.53,-0.03,1,2653,卖盘
426,10:21:46,26.53,0.0,4,10612,买盘
427,10:21:49,26.56,0.03,8,21236,买盘
428,10:22:04,26.53,-0.03,2,5306,卖盘
429,10:22:07,26.56,0.03,13,34528,买盘
430,10:22:10,26.56,0.0,10,26560,买盘
431,10:22:13,26.56,0.0,1,2656,买盘
432,10:22:19,26.58,0.02,10,26580,买盘
433,10:22:31,26.59,0.01,26,69110,买盘
434,10:22:37,26.59,0.0,2,5318,买盘
435,10:22:43,26.61,0.02,16,42565,买盘
436,10:23:01,26.61,0.0,2,5322,买盘
437,10:23:13,26.62,0.01,7,18634,买盘
438,10:23:28,26.63,0.01,5,13315,卖盘
439,10:23:36,26.62,-0.01,10,26620,卖盘
440,10:23:43,26.62,0.0,2,5324,卖盘
441,10:23:52,26.62,0.0,1,2662,卖盘
442,10:24:04,26.61,-0.01,7,18627,卖盘
443,10:24:07,26.62,0.01,10,26620,买盘
444,10:24:25,26.62,0.0,20,53240,卖盘
445,10:24:31,26.63,0.01,2,5326,买盘
446,10:24:49,26.63,0.0,1,2663,买盘
447,10:24:52,26.63,0.0,9,23967,买盘
448,10:25:31,26.63,0.0,5,13315,卖盘
449,10:25:39,26.63,0.0,2,5326,买盘
450,10:25:49,26.64,0.01,4,10656,买盘
451,10:25:55,26.64,0.0,5,13320,买盘
452,10:25:57,26.64,0.0,1,2664,买盘
453,10:26:01,26.64,0.0,1,2664,买盘
454,10:26:04,26.64,0.0,2,5328,买盘
455,10:26:10,26.64,0.0,5,13320,买盘
456,10:26:25,26.65,0.01,9,23985,买盘
457,10:26:37,26.65,0.0,1,2665,买盘
458,10:27:04,26.68,0.03,2,5336,买盘
459,10:27:28,26.7,0.02,9,24030,买盘
460,10:27:34,26.7,0.0,3,8008,买盘
461,10:27:58,26.75,0.05,2,5350,买盘
462,10:28:13,26.7,-0.05,5,13350,卖盘
463,10:28:19,26.7,0.0,1,2670,买盘
464,10:28:22,26.73,0.03,3,8019,买盘
465,10:28:28,26.71,-0.02,8,21368,卖盘
466,10:28:34,26.73,0.02,7,18711,买盘
467,10:28:43,26.73,0.0,7,18711,卖盘
468,10:28:49,26.73,0.0,5,13365,卖盘
469,10:28:55,26.73,0.0,3,8019,卖盘
470,10:29:01,26.73,0.0,1,2673,买盘
471,10:29:05,26.73,0.0,6,16038,买盘
472,10:29:13,26.73,0.0,3,8019,买盘
473,10:29:25,26.74,0.01,3,8022,买盘
474,10:29:33,26.74,0.0,5,13370,买盘
475,10:29:37,26.74,0.0,3,8022,买盘
476,10:29:46,26.74,0.0,2,5348,买盘
477,10:30:04,26.74,0.0,2,5348,卖盘
478,10:30:07,26.74,0.0,4,10696,卖盘
479,10:30:16,26.74,0.0,20,53480,卖盘
480,10:30:19,26.74,0.0,5,13370,卖盘
481,10:30:22,26.74,0.0,5,13370,卖盘
482,10:30:25,26.75,0.01,2,5350,买盘
483,10:30:28,26.74,-0.01,5,13370,卖盘
484,10:30:37,26.74,0.0,2,5348,卖盘
485,10:30:40,26.76,0.02,6,16056,买盘
486,10:30:43,26.76,0.0,21,56196,卖盘
487,10:30:46,26.77,0.01,3,8029,买盘
488,10:30:58,26.76,-0.01,1,2676,买盘
489,10:31:10,26.77,0.01,6,16062,买盘
490,10:31:16,26.77,0.0,2,5354,卖盘
491,10:31:21,26.77,0.0,31,82987,卖盘
492,10:31:40,26.77,0.0,2,5354,买盘
493,10:31:43,26.74,-0.03,28,74872,卖盘
494,10:31:46,26.77,0.03,1,2677,买盘
495,10:31:51,26.77,0.0,6,16062,卖盘
496,10:31:55,26.77,0.0,8,21416,卖盘
497,10:32:00,26.77,0.0,2,5354,卖盘
498,10:32:10,26.77,0.0,1,2677,买盘
499,10:32:16,26.74,-0.03,12,32088,卖盘
500,10:32:22,26.74,0.0,1,2674,买盘
501,10:33:19,26.73,-0.01,3,8019,卖盘
502,10:33:40,26.74,0.01,12,32088,买盘
503,10:33:52,26.77,0.03,17,45484,买盘
504,10:33:54,26.77,0.0,1,2677,买盘
505,10:33:58,26.77,0.0,3,8031,买盘
506,10:34:01,26.75,-0.02,11,29428,卖盘
507,10:34:04,26.78,0.03,1,2678,买盘
508,10:34:40,26.79,0.01,13,34826,买盘
509,10:34:46,26.8,0.01,27,72360,买盘
510,10:34:49,26.8,0.0,3,8040,买盘
511,10:34:52,26.8,0.0,10,26800,买盘
512,10:34:55,26.81,0.01,12,32172,买盘
513,10:34:58,26.83,0.02,15,40239,买盘
514,10:35:01,26.79,-0.04,18,48258,卖盘
515,10:35:04,26.84,0.05,4,10736,买盘
516,10:35:10,26.84,0.0,6,16104,买盘
517,10:35:13,26.84,0.0,3,8052,买盘
518,10:35:19,26.87,0.03,23,61765,买盘
519,10:35:25,26.88,0.01,1,2688,买盘
520,10:35:31,26.87,-0.01,3,8062,卖盘
521,10:35:34,26.88,0.01,2,5376,买盘
522,10:35:37,26.88,0.0,5,13440,买盘
523,10:35:40,26.88,0.0,7,18816,买盘
524,10:35:43,26.9,0.02,32,86066,买盘
525,10:35:49,26.9,0.0,13,34982,卖盘
526,10:35:52,26.92,0.02,6,16152,买盘
527,10:35:55,26.9,-0.02,4,10765,卖盘
528,10:35:58,26.92,0.02,2,5384,买盘
529,10:36:01,26.92,0.0,8,21536,买盘
530,10:36:04,26.93,0.01,1,2693,买盘
531,10:36:07,26.93,0.0,1,2693,买盘
532,10:36:10,26.95,0.02,1,2695,买盘
533,10:36:13,26.95,0.0,4,10780,买盘
534,10:36:16,26.95,0.0,1,2695,买盘
535,10:36:22,26.94,-0.01,12,32339,卖盘
536,10:36:25,26.94,0.0,29,78151,卖盘
537,10:36:34,26.92,-0.02,17,45793,卖盘
538,10:36:37,26.97,0.05,30,80866,买盘
539,10:36:46,26.97,0.0,7,18879,卖盘
540,10:36:52,26.97,0.0,3,8091,卖盘
541,10:36:55,26.99,0.02,24,64751,买盘
542,10:36:58,27.0,0.01,30,80981,买盘
543,10:37:01,26.98,-0.02,9,24282,卖盘
544,10:37:10,26.98,0.0,5,13490,卖盘
545,10:37:13,27.0,0.02,16,43186,买盘
546,10:37:16,27.0,0.0,15,40500,买盘
547,10:37:19,26.98,-0.02,27,72846,卖盘
548,10:37:25,27.0,0.02,19,51276,买盘
549,10:37:28,26.98,-0.02,10,26980,中性盘
550,10:37:40,26.98,0.0,10,26980,买盘
551,10:37:58,26.95,-0.03,3,8085,买盘
552,10:38:01,26.9,-0.05,2,5380,卖盘
553,10:38:13,26.9,0.0,4,10760,卖盘
554,10:38:31,26.88,-0.02,15,40332,卖盘
555,10:38:40,26.88,0.0,13,34944,卖盘
556,10:38:43,26.89,0.01,1,2689,买盘
557,10:38:55,26.88,-0.01,8,21504,卖盘
558,10:39:43,26.85,-0.03,10,26850,卖盘
559,10:39:58,26.87,0.02,10,26870,卖盘
560,10:40:16,26.87,0.0,10,26870,买盘
561,10:40:43,26.87,0.0,7,18809,买盘
562,10:40:49,26.87,0.0,8,21496,买盘
563,10:40:51,26.87,0.0,1,2687,卖盘
564,10:41:01,26.87,0.0,2,5374,卖盘
565,10:41:04,26.87,0.0,5,13435,买盘
566,10:41:07,26.87,0.0,5,13435,买盘
567,10:41:19,26.87,0.0,4,10748,买盘
568,10:41:31,26.85,-0.02,10,26850,卖盘
569,10:41:49,26.85,0.0,2,5370,买盘
570,10:42:22,26.85,0.0,2,5370,买盘
571,10:42:28,26.83,-0.02,12,32207,卖盘
572,10:42:49,26.83,0.0,1,2683,卖盘
573,10:43:04,26.83,0.0,12,32196,卖盘
574,10:43:52,26.83,0.0,2,5366,买盘
575,10:44:07,26.83,0.0,2,5366,买盘
576,10:44:22,26.85,0.02,2,5370,买盘
577,10:44:43,26.85,0.0,2,5370,买盘
578,10:44:52,26.85,0.0,2,5370,买盘
579,10:45:22,26.85,0.0,5,13425,买盘
580,10:45:37,26.85,0.0,3,8055,买盘
581,10:45:52,26.85,0.0,5,13424,买盘
582,10:46:10,26.84,-0.01,1,2684,买盘
583,10:46:22,26.85,0.01,2,5370,买盘
584,10:46:46,26.85,0.0,1,2685,买盘
585,10:46:49,26.9,0.05,19,51072,买盘
586,10:46:52,26.85,-0.05,3,8055,卖盘
587,10:47:01,26.84,-0.01,4,10739,卖盘
588,10:47:22,26.9,0.06,2,5380,买盘
589,10:47:37,26.9,0.0,8,21520,买盘
590,10:47:40,26.9,0.0,2,5380,卖盘
591,10:47:51,26.89,-0.01,2,5378,买盘
592,10:48:04,26.89,0.0,5,13445,买盘
593,10:48:16,26.89,0.0,1,2689,买盘
594,10:48:21,26.84,-0.05,18,48337,卖盘
595,10:48:28,26.84,0.0,1,2684,买盘
596,10:48:31,26.84,0.0,3,8052,买盘
597,10:48:49,26.89,0.05,4,10753,买盘
598,10:49:01,26.86,-0.03,7,18802,卖盘
599,10:49:16,26.89,0.03,1,2689,买盘
600,10:49:22,26.89,0.0,2,5378,买盘
601,10:49:31,26.89,0.0,1,2689,买盘
602,10:49:40,26.9,0.01,2,5380,买盘
603,10:49:52,26.9,0.0,2,5380,买盘
604,10:50:07,26.9,0.0,2,5380,买盘
605,10:50:09,26.9,0.0,4,10760,卖盘
606,10:50:22,26.93,0.03,2,5386,买盘
607,10:50:34,26.9,-0.03,1,2690,买盘
608,10:50:52,26.9,0.0,7,18828,买盘
609,10:51:22,26.9,0.0,2,5380,买盘
610,10:51:27,26.89,-0.01,1,2689,中性盘
611,10:51:52,26.9,0.01,4,10760,买盘
612,10:51:54,26.8,-0.1,22,59006,卖盘
613,10:52:01,26.8,0.0,9,24120,买盘
614,10:52:22,26.8,0.0,3,8040,买盘
615,10:52:37,26.8,0.0,1,2680,买盘
616,10:52:43,26.8,0.0,1,2680,买盘
617,10:52:46,26.8,0.0,1,2680,买盘
618,10:52:49,26.8,0.0,1,2680,买盘
619,10:52:52,26.8,0.0,1,2680,买盘
620,10:52:55,26.8,0.0,1,2680,买盘
621,10:53:01,26.8,0.0,1,2680,买盘
622,10:53:04,26.8,0.0,5,13400,买盘
623,10:53:07,26.8,0.0,11,29480,买盘
624,10:53:10,26.8,0.0,3,8040,买盘
625,10:53:13,26.8,0.0,8,21440,买盘
626,10:53:39,26.9,0.1,2,5380,买盘
627,10:54:00,26.9,0.0,39,104910,买盘
628,10:54:04,26.9,0.0,17,45730,卖盘
629,10:54:10,26.9,0.0,3,8070,卖盘
630,10:54:13,26.9,0.0,31,83390,卖盘
631,10:54:58,26.9,0.0,1,2690,买盘
632,10:55:01,26.95,0.05,35,94278,买盘
633,10:55:07,26.95,0.0,6,16170,卖盘
634,10:55:10,26.95,0.0,1,2695,卖盘
635,10:55:13,26.98,0.03,10,26974,买盘
636,10:55:34,26.98,0.0,7,18881,买盘
637,10:55:49,26.98,0.0,1,2698,买盘
638,10:56:04,26.96,-0.02,5,13480,卖盘
639,10:56:13,26.95,-0.01,35,94340,卖盘
640,10:56:25,26.96,0.01,2,5392,买盘
641,10:56:49,26.92,-0.04,5,13460,卖盘
642,10:57:04,26.92,0.0,30,80760,卖盘
643,10:57:10,26.92,0.0,1,2692,卖盘
644,10:57:37,26.92,0.0,17,45764,卖盘
645,10:57:48,26.92,0.0,3,8076,卖盘
646,10:58:57,26.9,-0.02,10,26900,卖盘
647,10:59:13,26.91,0.01,2,5382,买盘
648,10:59:25,26.91,0.0,5,13455,卖盘
649,10:59:43,26.92,0.01,5,13460,买盘
650,10:59:46,26.92,0.0,10,26920,买盘
651,11:00:13,26.92,0.0,2,5384,买盘
652,11:00:19,26.92,0.0,6,16152,买盘
653,11:00:25,26.91,-0.01,1,2691,卖盘
654,11:00:49,26.9,-0.01,5,13450,卖盘
655,11:01:37,26.91,0.01,50,134643,卖盘
656,11:01:40,26.91,0.0,4,10764,买盘
657,11:01:43,26.91,0.0,1,2691,买盘
658,11:01:49,26.92,0.01,2,5384,卖盘
659,11:01:57,26.92,0.0,8,21536,卖盘
660,11:02:07,26.91,-0.01,6,16146,卖盘
661,11:02:16,26.92,0.01,16,43072,买盘
662,11:02:19,26.9,-0.02,10,26900,卖盘
663,11:02:46,26.92,0.02,1,2692,买盘
664,11:03:22,26.92,0.0,13,34996,买盘
665,11:03:28,26.92,0.0,4,10768,卖盘
666,11:03:31,26.9,-0.02,13,34980,卖盘
667,11:03:39,26.95,0.05,1,2695,买盘
668,11:05:01,26.9,-0.05,8,21520,卖盘
669,11:05:28,26.9,0.0,1,2690,买盘
670,11:05:34,26.88,-0.02,4,10754,卖盘
671,11:05:37,26.9,0.02,10,26900,买盘
672,11:05:43,26.9,0.0,1,2690,卖盘
673,11:06:13,26.9,0.0,2,5380,买盘
674,11:06:34,26.9,0.0,1,2690,买盘
675,11:06:37,26.89,-0.01,25,67247,卖盘
676,11:06:40,26.9,0.01,4,10760,买盘
677,11:06:43,26.9,0.0,10,26900,买盘
678,11:07:12,26.89,-0.01,12,32268,卖盘
679,11:07:25,26.9,0.01,4,10760,买盘
680,11:07:34,26.89,-0.01,13,34967,卖盘
681,11:07:43,26.89,0.0,1,2689,买盘
682,11:07:45,26.89,0.0,5,13445,买盘
683,11:08:07,26.88,-0.01,2,5376,卖盘
684,11:08:10,26.89,0.01,9,24198,买盘
685,11:08:49,26.89,0.0,4,10754,买盘
686,11:08:52,26.77,-0.12,57,152705,卖盘
687,11:09:28,26.78,0.01,5,13390,卖盘
688,11:09:40,26.87,0.09,2,5374,买盘
689,11:09:52,26.87,0.0,9,24183,卖盘
690,11:10:31,26.9,0.03,22,59148,买盘
691,11:10:52,26.78,-0.12,2,5356,卖盘
692,11:11:24,26.87,0.09,4,10748,买盘
693,11:11:42,26.87,0.0,1,2687,买盘
694,11:12:04,26.88,0.01,2,5376,买盘
695,11:12:12,26.88,0.0,2,5376,卖盘
696,11:12:25,26.88,0.0,3,8064,卖盘
697,11:12:28,26.88,0.0,5,12365,卖盘
698,11:12:46,26.87,-0.01,8,21496,卖盘
699,11:12:52,26.78,-0.09,10,26781,卖盘
700,11:13:42,26.85,0.07,11,29535,买盘
701,11:13:52,26.88,0.03,22,59126,买盘
702,11:14:42,26.78,-0.1,3,8034,卖盘
703,11:15:13,26.78,0.0,22,58919,卖盘
704,11:15:28,26.78,0.0,5,13390,卖盘
705,11:16:10,26.87,0.09,25,67175,买盘
706,11:16:55,26.78,-0.09,5,13390,卖盘
707,11:17:39,26.85,0.07,11,29535,买盘
708,11:17:46,26.78,-0.07,25,66950,卖盘
709,11:18:13,26.78,0.0,1,2678,买盘
710,11:20:01,26.77,-0.01,9,24093,卖盘
711,11:20:25,26.77,0.0,17,45509,卖盘
712,11:20:49,26.77,0.0,3,8031,买盘
713,11:20:55,26.76,-0.01,1,2676,卖盘
714,11:21:07,26.75,-0.01,15,40125,卖盘
715,11:21:25,26.76,0.01,23,61543,买盘
716,11:21:31,26.76,0.0,2,5352,买盘
717,11:21:36,26.77,0.01,1,2677,买盘
718,11:22:13,26.76,-0.01,7,18732,卖盘
719,11:23:31,26.85,0.09,22,59060,买盘
720,11:24:01,26.77,-0.08,2,5354,卖盘
721,11:24:46,26.83,0.06,1,2683,买盘
722,11:24:49,26.88,0.05,22,59093,买盘
723,11:25:04,26.78,-0.1,6,16068,卖盘
724,11:25:09,26.78,0.0,3,8034,买盘
725,11:25:13,26.88,0.1,23,61798,买盘
726,11:26:09,26.88,0.0,7,18816,买盘
727,11:26:19,26.89,0.01,7,18819,买盘
728,11:26:54,26.87,-0.02,1,2687,卖盘
729,11:26:57,26.87,0.0,5,13435,卖盘
730,11:27:40,26.88,0.01,3,8064,买盘
731,11:28:22,26.78,-0.1,3,8034,卖盘
732,11:29:18,26.78,0.0,3,8034,卖盘
733,13:00:07,26.88,0.1,11,29502,买盘
734,13:00:15,26.88,0.0,2,5376,卖盘
735,13:00:21,26.88,0.0,2,5376,卖盘
736,13:00:27,26.88,0.0,2,5376,卖盘
737,13:00:33,26.88,0.0,2,5376,卖盘
738,13:01:00,26.8,-0.08,4,10720,卖盘
739,13:01:19,26.8,0.0,8,21440,买盘
740,13:01:28,26.89,0.09,7,18823,买盘
741,13:02:00,26.88,-0.01,4,10752,买盘
742,13:02:24,26.89,0.01,7,18818,买盘
743,13:07:04,26.85,-0.04,1,2685,买盘
744,13:07:31,26.85,0.0,1,2685,卖盘
745,13:07:58,26.85,0.0,3,8055,卖盘
746,13:08:55,26.8,-0.05,3,8040,卖盘
747,13:09:12,26.8,0.0,3,8040,买盘
748,13:09:42,26.8,0.0,1,2680,买盘
749,13:10:19,26.79,-0.01,1,2679,卖盘
750,13:10:40,26.78,-0.01,4,10712,卖盘
751,13:11:00,26.78,0.0,1,2678,买盘
752,13:12:40,26.78,0.02,1,2678,买盘
753,13:12:42,26.77,-0.01,5,13385,卖盘
754,13:13:46,26.76,-0.01,1,2248,卖盘
755,13:13:58,26.76,0.0,1,2676,卖盘
756,13:14:19,26.76,0.0,1,2676,卖盘
757,13:14:31,26.76,0.0,9,24084,卖盘
758,13:15:31,26.77,0.01,3,8031,买盘
759,13:15:48,26.77,0.0,2,5354,买盘
760,13:15:54,26.76,-0.01,31,81787,卖盘
761,13:16:10,26.76,0.0,1,3853,买盘
762,13:16:13,26.77,0.01,1,2677,卖盘
763,13:16:25,26.78,0.01,1,2678,买盘
764,13:16:34,26.78,0.0,2,5356,买盘
765,13:16:40,26.78,0.0,1,2678,买盘
766,13:16:43,26.78,0.0,5,13390,买盘
767,13:17:04,26.8,0.02,4,10720,买盘
768,13:17:31,26.8,0.0,2,5360,卖盘
769,13:17:37,26.8,0.0,1,2680,卖盘
770,13:18:31,26.8,0.0,2,4824,卖盘
771,13:19:51,26.84,0.04,4,10736,买盘
772,13:20:16,26.85,0.01,14,37590,买盘
773,13:20:22,26.84,-0.01,7,18792,卖盘
774,13:20:52,26.8,-0.04,45,120600,卖盘
775,13:23:00,26.83,0.03,1,2683,买盘
776,13:23:49,26.83,0.0,1,2683,买盘
777,13:24:13,26.83,0.0,1,2683,买盘
778,13:24:24,26.84,0.01,12,32206,买盘
779,13:24:46,26.84,0.0,1,2684,买盘
780,13:24:52,26.83,-0.01,2,5366,卖盘
781,13:25:01,26.83,0.0,50,134150,卖盘
782,13:25:04,26.84,0.01,4,10736,买盘
783,13:25:13,26.84,0.0,3,8052,买盘
784,13:25:40,26.83,-0.01,3,8049,卖盘
785,13:25:43,26.83,0.0,4,10732,买盘
786,13:25:58,26.84,0.01,4,10736,买盘
787,13:26:01,26.83,-0.01,1,2683,卖盘
788,13:26:07,26.84,0.01,1,2684,买盘
789,13:26:16,26.84,0.0,1,2684,买盘
790,13:26:30,26.84,0.0,1,2684,买盘
791,13:26:34,26.84,0.0,2,5368,买盘
792,13:26:43,26.84,0.0,10,26840,买盘
793,13:26:51,26.85,0.01,10,26844,买盘
794,13:27:10,26.85,0.0,1,2685,买盘
795,13:27:58,26.85,0.0,4,10740,卖盘
796,13:28:07,26.85,0.0,1,2685,卖盘
797,13:29:07,26.85,0.0,5,13425,买盘
798,13:29:13,26.84,-0.01,2,5368,卖盘
799,13:30:51,26.84,0.0,12,32208,买盘
800,13:31:07,26.85,0.01,9,24165,卖盘
801,13:31:52,26.85,0.0,4,10740,卖盘
802,13:31:55,26.85,0.0,10,26850,买盘
803,13:32:45,26.85,0.0,10,26850,买盘
804,13:33:43,26.84,-0.01,1,2684,卖盘
805,13:34:10,26.84,0.0,1,2684,卖盘
806,13:35:04,26.84,0.0,1,2684,卖盘
807,13:35:27,26.83,-0.01,1,2683,卖盘
808,13:35:46,26.83,0.0,2,5366,卖盘
809,13:35:49,26.83,0.0,4,10732,卖盘
810,13:36:31,26.82,-0.01,3,8046,卖盘
811,13:36:40,26.81,-0.01,4,10724,卖盘
812,13:36:46,26.81,0.0,10,26810,卖盘
813,13:36:51,26.79,-0.02,16,43411,卖盘
814,13:37:04,26.77,-0.02,6,16062,卖盘
815,13:37:12,26.76,-0.01,1,2676,卖盘
816,13:37:45,26.76,0.0,4,10704,卖盘
817,13:37:48,26.76,0.0,3,8028,卖盘
818,13:38:04,26.76,0.0,2,5352,卖盘
819,13:38:07,26.76,0.0,2,5352,卖盘
820,13:38:15,26.76,0.0,13,34788,买盘
821,13:38:25,26.76,0.0,4,10704,买盘
822,13:38:36,26.77,0.01,5,13381,买盘
823,13:38:43,26.77,0.0,2,5354,买盘
824,13:39:07,26.8,0.03,3,8040,买盘
825,13:39:10,26.8,0.0,2,5360,买盘
826,13:39:13,26.8,0.0,2,5360,买盘
827,13:39:16,26.8,0.0,9,24120,买盘
828,13:39:27,26.8,0.0,26,69144,买盘
829,13:39:37,26.81,0.01,1,2681,买盘
830,13:39:40,26.81,0.0,7,18767,买盘
831,13:39:42,26.8,-0.01,5,13400,卖盘
832,13:39:52,26.81,0.01,2,5362,买盘
833,13:39:55,26.8,-0.01,30,80408,卖盘
834,13:40:07,26.84,0.04,19,50996,买盘
835,13:40:27,26.85,0.01,7,18795,买盘
836,13:40:37,26.85,0.0,5,13425,买盘
837,13:41:01,26.85,0.0,6,16110,买盘
838,13:41:04,26.84,-0.01,3,8054,卖盘
839,13:41:19,26.84,0.0,2,5368,卖盘
840,13:41:34,26.86,0.02,33,88638,买盘
841,13:41:37,26.86,0.0,1,2686,卖盘
842,13:42:34,26.86,0.0,6,16116,卖盘
843,13:43:04,26.86,0.0,40,107440,卖盘
844,13:43:19,26.88,0.02,14,37632,买盘
845,13:43:34,26.88,0.0,37,99461,卖盘
846,13:44:07,26.86,-0.02,2,5372,卖盘
847,13:44:25,26.86,0.0,5,13430,卖盘
848,13:44:57,26.84,-0.02,1,2684,卖盘
849,13:45:40,26.84,0.0,3,8052,卖盘
850,13:46:52,26.84,0.0,1,2684,买盘
851,13:48:22,26.81,-0.03,5,13405,卖盘
852,13:48:37,26.81,0.0,1,2681,卖盘
853,13:48:51,26.8,-0.01,8,21440,卖盘
854,13:49:58,26.82,0.02,1,2682,卖盘
855,13:51:07,26.82,0.0,10,26820,买盘
856,13:51:22,26.83,0.01,2,5366,卖盘
857,13:51:34,26.83,0.0,1,2683,卖盘
858,13:52:16,26.83,0.0,6,16103,卖盘
859,13:52:19,26.83,0.0,6,16098,卖盘
860,13:52:21,26.83,0.0,3,8049,买盘
861,13:52:43,26.82,-0.01,1,2682,卖盘
862,13:53:10,26.81,-0.01,3,8043,卖盘
863,13:53:21,26.8,-0.01,12,32160,卖盘
864,13:53:40,26.8,0.0,3,8040,卖盘
865,13:53:58,26.8,0.0,11,29480,卖盘
866,13:57:31,26.8,0.0,5,13400,卖盘
867,13:58:13,26.81,0.01,4,10724,卖盘
868,13:58:36,26.82,0.01,12,32174,买盘
869,13:58:52,26.82,0.0,1,2682,买盘
870,14:00:28,26.82,0.0,14,37548,买盘
871,14:01:04,26.82,0.0,1,2682,卖盘
872,14:01:18,26.84,0.02,3,8052,买盘
873,14:01:40,26.82,-0.02,5,13410,卖盘
874,14:02:04,26.82,0.0,3,8047,卖盘
875,14:02:22,26.82,0.0,1,2682,卖盘
876,14:02:28,26.84,0.02,5,13420,买盘
877,14:02:36,26.84,0.0,4,10736,买盘
878,14:03:04,26.82,-0.02,3,8046,卖盘
879,14:03:19,26.81,-0.01,30,80452,卖盘
880,14:03:22,26.83,0.02,2,5366,买盘
881,14:03:57,26.81,-0.02,8,21448,卖盘
882,14:04:21,26.82,0.01,5,13410,买盘
883,14:04:45,26.81,-0.01,2,5362,卖盘
884,14:05:04,26.81,0.0,2,5362,卖盘
885,14:05:43,26.8,-0.01,82,219760,卖盘
886,14:06:25,26.78,-0.02,9,24102,卖盘
887,14:06:37,26.78,0.0,5,13390,卖盘
888,14:06:49,26.78,0.0,1,2678,买盘
889,14:07:01,26.77,-0.01,12,32124,卖盘
890,14:07:19,26.77,0.0,9,24093,卖盘
891,14:07:40,26.76,-0.01,1,2676,卖盘
892,14:07:52,26.74,-0.02,9,24066,卖盘
893,14:07:58,26.76,0.02,1,2676,买盘
894,14:08:04,26.74,-0.02,10,26740,卖盘
895,14:08:30,26.74,0.0,11,29414,卖盘
896,14:09:00,26.73,-0.01,2,5346,卖盘
897,14:09:16,26.74,0.01,9,24066,买盘
898,14:09:37,26.75,0.01,1,2675,卖盘
899,14:09:39,26.75,0.0,2,5350,卖盘
900,14:09:42,26.75,0.0,3,8025,卖盘
901,14:11:49,26.75,0.0,49,131075,卖盘
902,14:12:19,26.74,-0.01,5,13370,卖盘
903,14:13:06,26.74,0.0,1,2674,买盘
904,14:13:13,26.75,0.01,6,16050,买盘
905,14:13:16,26.74,-0.01,2,5348,卖盘
906,14:14:22,26.72,-0.02,28,74839,卖盘
907,14:14:28,26.75,0.03,1,2675,买盘
908,14:14:30,26.75,0.0,4,10700,卖盘
909,14:15:43,26.75,0.0,5,13375,卖盘
910,14:15:49,26.75,0.0,20,53500,卖盘
911,14:15:55,26.75,0.0,1,2675,卖盘
912,14:16:01,26.75,0.0,1,2675,卖盘
913,14:16:07,26.76,0.01,2,5351,买盘
914,14:16:39,26.75,-0.01,1,2675,卖盘
915,14:17:04,26.75,0.0,5,13375,卖盘
916,14:17:10,26.75,0.0,1,2675,买盘
917,14:17:52,26.75,0.0,7,18725,买盘
918,14:18:13,26.74,-0.01,14,37440,卖盘
919,14:18:46,26.74,0.0,10,26740,卖盘
920,14:19:22,26.75,0.01,4,10700,买盘
921,14:20:30,26.75,0.0,8,21400,卖盘
922,14:20:57,26.75,0.0,2,5350,买盘
923,14:21:40,26.74,-0.01,16,42784,卖盘
924,14:21:54,26.72,-0.02,4,10688,卖盘
925,14:22:10,26.74,0.02,4,10696,买盘
926,14:22:19,26.74,0.0,12,32088,卖盘
927,14:22:34,26.73,-0.01,2,5346,卖盘
928,14:22:55,26.72,-0.01,2,5344,卖盘
929,14:23:04,26.72,0.0,1,2672,卖盘
930,14:23:34,26.7,-0.02,30,80100,卖盘
931,14:24:21,26.7,0.0,15,40050,买盘
932,14:24:25,26.69,-0.01,7,18688,卖盘
933,14:24:37,26.7,0.01,5,13350,卖盘
934,14:24:43,26.7,0.0,1,2670,买盘
935,14:25:22,26.72,0.02,2,5344,买盘
936,14:25:31,26.72,0.0,2,5344,卖盘
937,14:25:39,26.71,-0.01,8,21373,卖盘
938,14:25:51,26.72,0.01,1,2672,卖盘
939,14:26:07,26.74,0.02,3,8022,买盘
940,14:26:28,26.73,-0.01,5,13369,卖盘
941,14:26:37,26.72,-0.01,13,34737,卖盘
942,14:26:43,26.72,0.0,2,5344,卖盘
943,14:26:45,26.73,0.01,1,2673,买盘
944,14:27:10,26.72,-0.01,30,80160,卖盘
945,14:27:39,26.72,0.0,1,2672,卖盘
946,14:29:09,26.71,-0.01,3,8013,卖盘
947,14:29:16,26.7,-0.01,2,5340,卖盘
948,14:29:19,26.7,0.0,2,5340,卖盘
949,14:29:25,26.7,0.0,1,2670,卖盘
950,14:29:28,26.7,0.0,2,5340,卖盘
951,14:29:31,26.7,0.0,3,8010,卖盘
952,14:29:34,26.7,0.0,4,10680,卖盘
953,14:29:37,26.7,0.0,1,2670,卖盘
954,14:29:39,26.7,0.0,3,8009,买盘
955,14:29:42,26.69,-0.01,1,2669,卖盘
956,14:30:04,26.69,0.0,4,10677,卖盘
957,14:30:34,26.69,0.0,30,80070,卖盘
958,14:30:46,26.69,0.0,20,53380,卖盘
959,14:31:04,26.69,0.0,3,8007,卖盘
960,14:31:10,26.7,0.01,11,29362,买盘
961,14:31:33,26.7,0.0,9,24030,买盘
962,14:31:43,26.7,0.0,12,32040,买盘
963,14:31:46,26.7,0.0,8,21360,卖盘
964,14:31:49,26.71,0.01,2,5342,买盘
965,14:32:01,26.71,0.0,3,8013,买盘
966,14:32:16,26.71,0.0,1,2671,买盘
967,14:32:18,26.7,-0.01,2,5340,卖盘
968,14:32:31,26.71,0.01,21,56091,买盘
969,14:32:37,26.71,0.0,4,10684,卖盘
970,14:33:07,26.71,0.0,2,5342,卖盘
971,14:34:04,26.71,0.0,33,88143,卖盘
972,14:34:07,26.71,0.0,1,2671,卖盘
973,14:34:16,26.71,0.0,1,2671,买盘
974,14:34:22,26.7,-0.01,5,13350,卖盘
975,14:34:31,26.7,0.0,5,13350,卖盘
976,14:34:43,26.71,0.01,2,5342,买盘
977,14:34:46,26.7,-0.01,6,16020,卖盘
978,14:35:18,26.7,0.0,1,2670,卖盘
979,14:35:22,26.7,0.0,18,48066,卖盘
980,14:35:49,26.7,0.0,4,10680,买盘
981,14:36:04,26.69,-0.01,6,16014,卖盘
982,14:36:34,26.69,0.0,10,26690,卖盘
983,14:37:34,26.69,0.0,2,5338,卖盘
984,14:38:01,26.7,0.01,1,2670,卖盘
985,14:38:04,26.71,0.01,3,8013,买盘
986,14:38:07,26.7,-0.01,20,53407,卖盘
987,14:39:01,26.72,0.02,2,5344,买盘
988,14:39:46,26.69,-0.03,34,90763,卖盘
989,14:40:10,26.66,-0.03,20,53320,卖盘
990,14:40:25,26.65,-0.01,8,21320,卖盘
991,14:40:28,26.66,0.01,3,7998,买盘
992,14:40:31,26.66,0.0,5,13330,买盘
993,14:40:46,26.66,0.0,10,26660,买盘
994,14:40:52,26.65,-0.01,2,5330,卖盘
995,14:41:09,26.65,0.0,6,15990,卖盘
996,14:41:13,26.65,0.0,1,2665,卖盘
997,14:41:16,26.65,0.0,5,13325,买盘
998,14:41:28,26.64,-0.01,17,45292,卖盘
999,14:41:40,26.64,0.0,3,7992,买盘
1000,14:41:46,26.64,0.0,4,10656,卖盘
1001,14:41:52,26.63,-0.01,10,26633,卖盘
1002,14:42:19,26.62,-0.01,4,10648,卖盘
1003,14:42:22,26.62,0.0,2,5324,卖盘
1004,14:42:25,26.62,0.0,9,23953,买盘
1005,14:42:37,26.63,0.01,5,13315,卖盘
1006,14:42:46,26.63,0.0,4,10655,卖盘
1007,14:42:52,26.64,0.01,11,29294,买盘
1008,14:43:01,26.63,-0.01,16,42610,卖盘
1009,14:43:25,26.63,0.0,22,58586,卖盘
1010,14:43:28,26.62,-0.01,3,7986,卖盘
1011,14:43:34,26.63,0.01,4,10657,卖盘
1012,14:43:43,26.63,0.0,5,13315,买盘
1013,14:43:52,26.61,-0.02,1,2661,卖盘
1014,14:44:07,26.61,0.0,8,21288,卖盘
1015,14:44:13,26.61,0.0,3,7983,卖盘
1016,14:44:16,26.61,0.0,4,10644,买盘
1017,14:44:25,26.61,0.0,1,2661,买盘
1018,14:44:31,26.6,-0.01,3,7980,卖盘
1019,14:44:40,26.6,0.0,4,10640,卖盘
1020,14:45:04,26.6,0.0,17,45220,卖盘
1021,14:45:07,26.6,0.0,17,45220,买盘
1022,14:45:10,26.6,0.0,4,10640,买盘
1023,14:45:22,26.59,-0.01,1,2659,卖盘
1024,14:45:25,26.6,0.01,7,18619,买盘
1025,14:45:43,26.6,0.0,2,5320,买盘
1026,14:45:55,26.61,0.01,24,63841,买盘
1027,14:46:01,26.6,-0.01,43,114383,卖盘
1028,14:46:04,26.61,0.01,12,31922,买盘
1029,14:46:07,26.61,0.0,11,29271,买盘
1030,14:46:13,26.61,0.0,1,2661,卖盘
1031,14:46:25,26.63,0.02,4,10652,买盘
1032,14:46:37,26.65,0.02,10,26650,买盘
1033,14:46:43,26.72,0.07,4,10688,卖盘
1034,14:46:55,26.73,0.01,3,8019,买盘
1035,14:47:07,26.74,0.01,3,8022,买盘
1036,14:47:10,26.74,0.0,1,2674,卖盘
1037,14:47:13,26.73,-0.01,7,18717,卖盘
1038,14:47:22,26.74,0.01,1,2674,卖盘
1039,14:47:52,26.75,0.01,25,66874,买盘
1040,14:47:55,26.73,-0.02,17,45441,卖盘
1041,14:48:37,26.73,0.0,3,8020,卖盘
1042,14:48:49,26.74,0.01,3,8022,买盘
1043,14:48:58,26.74,0.0,2,5348,买盘
1044,14:49:01,26.73,-0.01,8,21384,卖盘
1045,14:49:04,26.73,0.0,2,5346,买盘
1046,14:49:13,26.73,0.0,1,2673,买盘
1047,14:49:22,26.74,0.01,14,37436,买盘
1048,14:49:25,26.74,0.0,19,50806,卖盘
1049,14:49:34,26.74,0.0,10,26740,卖盘
1050,14:49:37,26.76,0.02,9,24084,买盘
1051,14:49:43,26.76,0.0,10,26760,买盘
1052,14:49:46,26.74,-0.02,8,21402,卖盘
1053,14:49:58,26.79,0.05,35,93759,买盘
1054,14:50:16,26.81,0.02,8,21448,买盘
1055,14:50:49,26.83,0.02,2,5365,买盘
1056,14:50:52,26.83,0.0,5,13415,卖盘
1057,14:51:01,26.83,0.0,5,13415,卖盘
1058,14:51:04,26.83,0.0,4,10732,卖盘
1059,14:51:07,26.83,0.0,25,67075,卖盘
1060,14:51:13,26.84,0.01,6,16103,买盘
1061,14:51:19,26.83,-0.01,20,53672,卖盘
1062,14:51:25,26.83,0.0,13,34879,买盘
1063,14:51:40,26.83,0.0,13,34879,买盘
1064,14:51:43,26.83,0.0,1,2683,买盘
1065,14:51:49,26.83,0.0,7,18781,买盘
1066,14:52:01,26.83,0.0,6,16098,中性盘
1067,14:52:04,26.83,0.0,1,2683,买盘
1068,14:52:19,26.82,-0.01,38,101928,卖盘
1069,14:52:43,26.82,0.0,7,18774,卖盘
1070,14:52:46,26.83,0.01,1,2683,买盘
1071,14:52:55,26.82,-0.01,1,2682,卖盘
1072,14:52:58,26.83,0.01,31,83173,买盘
1073,14:53:04,26.82,-0.01,33,88521,卖盘
1074,14:53:19,26.82,0.0,1,2682,买盘
1075,14:53:22,26.82,0.0,5,13410,买盘
1076,14:53:28,26.82,0.0,42,112614,买盘
1077,14:53:31,26.82,0.0,4,10728,买盘
1078,14:53:46,26.82,0.0,8,21456,买盘
1079,14:54:01,26.81,-0.01,1,2681,买盘
1080,14:54:10,26.79,-0.02,20,53580,卖盘
1081,14:54:19,26.81,0.02,2,5362,买盘
1082,14:54:25,26.81,0.0,2,5362,买盘
1083,14:54:31,26.81,0.0,10,26810,买盘
1084,14:54:40,26.79,-0.02,36,96445,卖盘
1085,14:54:55,26.8,0.01,2,5360,卖盘
1086,14:54:58,26.81,0.01,2,5362,买盘
1087,14:55:01,26.8,-0.01,3,8040,卖盘
1088,14:55:07,26.81,0.01,22,58980,买盘
1089,14:55:10,26.81,0.0,10,26810,买盘
1090,14:55:13,26.8,-0.01,7,18765,卖盘
1091,14:55:16,26.8,0.0,5,13400,卖盘
1092,14:55:22,26.8,0.0,35,93826,卖盘
1093,14:55:28,26.8,0.0,2,5360,买盘
1094,14:55:34,26.79,-0.01,4,10716,卖盘
1095,14:55:37,26.8,0.01,1,2680,买盘
1096,14:55:46,26.8,0.0,2,5360,买盘
1097,14:55:49,26.8,0.0,2,5360,买盘
1098,14:55:52,26.8,0.0,1,2680,买盘
1099,14:56:07,26.8,0.0,6,16080,买盘
1100,14:56:10,26.8,0.0,2,5360,买盘
1101,14:56:13,26.8,0.0,5,13400,买盘
1102,14:56:22,26.82,0.02,2,5364,买盘
1103,14:56:28,26.79,-0.03,110,294738,卖盘
1104,14:56:31,26.79,0.0,1,2679,买盘
1105,14:56:34,26.82,0.03,10,25736,买盘
1106,14:56:43,26.82,0.0,1,2682,卖盘
1107,14:56:46,26.82,0.0,8,21456,卖盘
1108,14:56:49,26.8,-0.02,12,32161,买盘
1109,14:56:58,26.83,0.03,14,37562,买盘
1110,15:00:05,26.85,0.02,196,526260,卖盘
