,time,price,change,volume,amount,type
0,09:25:04,39.8,0.12,7,27860,卖盘
1,09:30:16,39.57,-0.23,7,27699,买盘
2,09:30:22,39.57,0.0,3,11871,买盘
3,09:30:28,39.66,0.09,11,43616,买盘
4,09:30:40,39.7,0.04,1,3970,买盘
5,09:30:52,39.7,0.0,1,3970,卖盘
6,09:30:58,39.67,-0.03,2,7934,卖盘
7,09:31:01,39.67,0.0,2,7934,卖盘
8,09:31:04,39.65,-0.02,3,11901,中性盘
9,09:31:10,39.72,0.07,1,3972,中性盘
10,09:31:13,39.73,0.01,2,7946,买盘
11,09:31:16,39.73,0.0,1,3973,买盘
12,09:31:28,39.7,-0.03,10,39688,买盘
13,09:31:34,39.7,0.0,15,59550,卖盘
14,09:31:40,39.69,-0.01,1,3969,买盘
15,09:31:43,39.58,-0.11,8,31664,卖盘
16,09:31:46,39.58,0.0,1,3958,买盘
17,09:31:49,39.55,-0.03,3,11868,卖盘
18,09:31:55,39.58,0.03,7,27705,买盘
19,09:32:01,39.58,0.0,2,7916,卖盘
20,09:32:04,39.58,0.0,5,19790,卖盘
21,09:32:07,39.58,0.0,1,3958,卖盘
22,09:32:10,39.59,0.01,5,19795,卖盘
23,09:32:16,39.64,0.05,6,23784,买盘
24,09:32:43,39.65,0.01,1,3965,买盘
25,09:33:07,39.65,0.0,5,19825,买盘
26,09:33:10,39.66,0.01,1,3966,卖盘
27,09:33:28,39.66,0.0,2,7932,卖盘
28,09:33:34,39.69,0.03,2,7935,买盘
29,09:33:43,39.69,0.0,3,11907,买盘
30,09:34:07,39.67,-0.02,4,15868,买盘
31,09:34:25,39.67,0.0,4,15868,买盘
32,09:34:31,39.67,0.0,1,3967,卖盘
33,09:34:37,39.65,-0.02,1,3965,卖盘
34,09:34:40,39.65,0.0,4,15860,卖盘
35,09:34:43,39.65,0.0,1,3965,买盘
36,09:34:46,39.64,-0.01,2,7928,卖盘
37,09:34:58,39.59,-0.05,14,55430,卖盘
38,09:35:01,39.6,0.01,1,3960,买盘
39,09:35:04,39.6,0.0,3,11880,卖盘
40,09:35:07,39.6,0.0,6,23760,卖盘
41,09:35:10,39.6,0.0,2,7920,卖盘
42,09:35:13,39.59,-0.01,2,7918,卖盘
43,09:35:16,39.59,0.0,2,7918,卖盘
44,09:35:19,39.59,0.0,6,23754,卖盘
45,09:35:22,39.58,-0.01,10,39585,卖盘
46,09:35:25,39.59,0.01,2,7917,中性盘
47,09:35:28,39.58,-0.01,8,31664,卖盘
48,09:35:31,39.58,0.0,15,59383,卖盘
49,09:35:34,39.58,0.0,7,27706,卖盘
50,09:35:37,39.58,0.0,1,3958,买盘
51,09:35:40,39.42,-0.16,6,23682,卖盘
52,09:35:46,39.42,0.0,2,7884,卖盘
53,09:35:49,39.5,0.08,1,3950,买盘
54,09:36:01,39.5,0.0,1,3950,买盘
55,09:36:04,39.5,0.0,2,7900,买盘
56,09:36:07,39.46,-0.04,3,11838,买盘
57,09:36:10,39.46,0.0,1,3946,买盘
58,09:36:19,39.42,-0.04,9,35499,卖盘
59,09:36:28,39.42,0.0,3,11826,买盘
60,09:36:31,39.42,0.0,7,27594,买盘
61,09:36:34,39.33,-0.09,67,263867,卖盘
62,09:36:37,39.52,0.19,2,7904,买盘
63,09:36:40,39.52,0.0,1,3952,买盘
64,09:36:49,39.49,-0.03,1,3949,买盘
65,09:36:52,39.46,-0.03,4,15784,卖盘
66,09:37:04,39.46,0.0,1,3946,买盘
67,09:37:07,39.46,0.0,1,3946,中性盘
68,09:37:10,39.42,-0.04,1,3942,买盘
69,09:37:16,39.46,0.04,1,3946,买盘
70,09:37:43,39.48,0.02,1,3948,中性盘
71,09:37:55,39.57,0.09,1,3957,买盘
72,09:37:58,39.57,0.0,1,3957,买盘
73,09:38:05,39.57,0.0,2,7914,卖盘
74,09:38:07,39.53,-0.04,3,11854,中性盘
75,09:38:13,39.58,0.05,3,11874,买盘
76,09:38:16,39.46,-0.12,9,35540,卖盘
77,09:38:25,39.6,0.14,1,3960,买盘
78,09:38:34,39.6,0.0,2,7917,买盘
79,09:38:43,39.63,0.03,2,7926,买盘
80,09:38:49,39.63,0.0,2,7926,卖盘
81,09:38:52,39.63,0.0,5,19815,卖盘
82,09:39:13,39.63,0.0,2,7926,买盘
83,09:39:16,39.63,0.0,1,3963,买盘
84,09:39:37,39.62,-0.01,1,3962,买盘
85,09:39:46,39.62,0.0,1,3962,买盘
86,09:40:07,39.61,-0.01,2,7922,买盘
87,09:40:19,39.61,0.0,1,3961,买盘
88,09:40:25,39.61,0.0,1,3961,买盘
89,09:40:43,39.6,-0.01,3,11880,买盘
90,09:40:46,39.6,0.0,1,3960,买盘
91,09:41:01,39.6,0.0,30,118800,买盘
92,09:41:16,39.62,0.02,11,43575,买盘
93,09:41:37,39.56,-0.06,2,7912,卖盘
94,09:41:49,39.62,0.06,1,3962,买盘
95,09:41:52,39.62,0.0,1,3962,买盘
96,09:42:04,39.6,-0.02,1,3960,卖盘
97,09:42:07,39.67,0.07,2,7930,买盘
98,09:42:13,39.63,-0.04,1,3963,中性盘
99,09:42:16,39.67,0.04,1,3967,买盘
100,09:42:19,39.6,-0.07,10,39609,卖盘
101,09:42:37,39.67,0.07,1,3967,买盘
102,09:42:49,39.69,0.02,1,3969,中性盘
103,09:42:52,39.69,0.0,1,3969,买盘
104,09:43:16,39.69,0.0,1,3969,买盘
105,09:43:22,39.69,0.0,1,3969,买盘
106,09:43:37,39.69,0.0,2,7938,买盘
107,09:43:46,39.7,0.01,1,3970,买盘
108,09:44:07,39.7,0.0,2,7940,买盘
109,09:44:19,39.77,0.07,1,3977,买盘
110,09:44:22,39.77,0.0,1,3977,买盘
111,09:44:25,39.77,0.0,1,3977,买盘
112,09:44:37,39.78,0.01,2,7956,买盘
113,09:44:43,39.78,0.0,3,11934,卖盘
114,09:44:52,39.77,-0.01,1,3977,买盘
115,09:44:55,39.79,0.02,21,83525,买盘
116,09:44:58,39.79,0.0,3,11937,卖盘
117,09:45:04,39.79,0.0,13,51727,卖盘
118,09:45:16,39.79,0.0,2,7958,买盘
119,09:45:28,39.77,-0.02,13,51721,卖盘
120,09:45:49,39.77,0.0,1,3977,卖盘
121,09:45:52,39.77,0.0,2,7954,买盘
122,09:46:07,39.79,0.02,2,7958,买盘
123,09:46:13,39.78,-0.01,8,31824,卖盘
124,09:46:19,39.77,-0.01,1,3977,买盘
125,09:46:52,39.76,-0.01,1,3976,买盘
126,09:47:13,39.71,-0.05,1,3971,卖盘
127,09:47:22,39.71,0.0,1,3971,买盘
128,09:47:52,39.71,0.0,1,3971,买盘
129,09:48:07,39.71,0.0,2,7942,买盘
130,09:48:19,39.71,0.0,1,3971,买盘
131,09:48:22,39.71,0.0,1,3971,卖盘
132,09:48:25,39.71,0.0,1,3971,卖盘
133,09:48:31,39.65,-0.06,3,11895,卖盘
134,09:48:34,39.65,0.0,1,3965,卖盘
135,09:48:37,39.65,0.0,1,3965,卖盘
136,09:48:40,39.65,0.0,1,3965,中性盘
137,09:48:43,39.64,-0.01,1,3964,卖盘
138,09:48:46,39.64,0.0,1,3964,卖盘
139,09:48:49,39.63,-0.01,2,7926,卖盘
140,09:48:52,39.62,-0.01,1,3962,卖盘
141,09:48:55,39.62,0.0,1,3962,卖盘
142,09:48:58,39.55,-0.07,5,19777,卖盘
143,09:49:16,39.61,0.06,1,3961,买盘
144,09:49:19,39.6,-0.01,1,3960,卖盘
145,09:49:22,39.6,0.0,1,3960,买盘
146,09:49:46,39.59,-0.01,1,3959,买盘
147,09:50:07,39.71,0.12,4,15866,买盘
148,09:50:16,39.71,0.0,1,3971,买盘
149,09:50:40,39.7,-0.01,5,19850,买盘
150,09:50:46,39.7,0.0,1,3970,买盘
151,09:50:58,39.56,-0.14,3,11868,卖盘
152,09:51:19,39.7,0.14,1,3970,买盘
153,09:51:22,39.7,0.0,5,19850,中性盘
154,09:51:34,39.7,0.0,1,3970,中性盘
155,09:51:49,39.7,0.0,1,3970,买盘
156,09:51:52,39.7,0.0,1,3970,买盘
157,09:52:07,39.7,0.0,2,7940,买盘
158,09:52:40,39.67,-0.03,2,7934,买盘
159,09:52:43,39.67,0.0,1,3967,买盘
160,09:53:10,39.67,0.0,1,3967,买盘
161,09:53:40,39.67,0.0,2,7934,买盘
162,09:53:58,39.67,0.0,2,7934,买盘
163,09:54:07,39.69,0.02,2,7938,买盘
164,09:54:10,39.69,0.0,1,3969,买盘
165,09:54:13,39.68,-0.01,1,3968,买盘
166,09:55:01,39.61,-0.07,8,31688,卖盘
167,09:55:13,39.67,0.06,2,7934,买盘
168,09:55:52,39.66,-0.01,1,3966,买盘
169,09:56:10,39.66,0.0,1,3966,买盘
170,09:56:16,39.66,0.0,1,3966,买盘
171,09:56:34,39.66,0.0,1,3966,买盘
172,09:56:37,39.63,-0.03,2,7926,卖盘
173,09:56:40,39.66,0.03,1,3966,买盘
174,09:56:43,39.66,0.0,1,3966,买盘
175,09:56:49,39.66,0.0,1,3966,买盘
176,09:56:55,39.66,0.0,3,11898,买盘
177,09:56:58,39.63,-0.03,2,7926,卖盘
178,09:57:01,39.63,0.0,1,3963,买盘
179,09:57:04,39.63,0.0,1,3963,买盘
180,09:57:07,39.63,0.0,4,15852,买盘
181,09:57:13,39.66,0.03,2,7932,卖盘
182,09:57:19,39.66,0.0,1,3966,买盘
183,09:57:25,39.62,-0.04,7,27746,卖盘
184,09:57:34,39.62,0.0,3,11886,买盘
185,09:57:40,39.61,-0.01,8,31688,卖盘
186,09:57:55,39.61,0.0,2,7922,买盘
187,09:57:58,39.62,0.01,1,3962,买盘
188,09:58:10,39.62,0.0,2,7924,买盘
189,09:58:13,39.62,0.0,14,55468,买盘
190,09:58:46,39.68,0.06,1,3968,买盘
191,09:59:07,39.68,0.0,2,7935,买盘
192,09:59:15,39.67,-0.01,1,3967,买盘
193,10:01:07,39.67,0.0,2,7934,中性盘
194,10:02:06,39.67,0.0,1,3967,买盘
195,10:02:34,39.62,-0.05,11,43589,卖盘
196,10:02:52,39.61,-0.01,2,7922,卖盘
197,10:03:04,39.59,-0.02,2,7918,卖盘
198,10:03:07,39.61,0.02,2,7922,中性盘
199,10:03:25,39.56,-0.05,6,23740,卖盘
200,10:04:01,39.55,-0.01,10,39552,卖盘
201,10:04:52,39.63,0.08,5,19810,买盘
202,10:05:07,39.63,0.0,2,7926,买盘
203,10:07:07,39.59,-0.04,2,7918,买盘
204,10:07:28,39.62,0.03,5,19810,买盘
205,10:07:37,39.63,0.01,5,19812,买盘
206,10:07:43,39.63,0.0,1,3963,买盘
207,10:07:46,39.63,0.0,1,3963,买盘
208,10:07:48,39.63,0.0,1,3963,买盘
209,10:07:52,39.63,0.0,1,3963,买盘
210,10:07:55,39.63,0.0,1,3963,买盘
211,10:07:58,39.63,0.0,1,3963,买盘
212,10:08:01,39.63,0.0,1,3963,买盘
213,10:08:04,39.63,0.0,1,3963,买盘
214,10:08:07,39.63,0.0,1,3963,买盘
215,10:08:10,39.63,0.0,1,3963,买盘
216,10:08:13,39.63,0.0,5,19815,买盘
217,10:08:19,39.63,0.0,11,43588,买盘
218,10:08:25,39.63,0.0,1,3963,买盘
219,10:08:40,39.59,-0.04,3,11877,卖盘
220,10:08:46,39.59,0.0,1,3959,买盘
221,10:08:48,39.59,0.0,1,3959,买盘
222,10:09:10,39.63,0.04,2,7922,买盘
223,10:09:15,39.58,-0.05,6,23748,卖盘
224,10:09:28,39.58,0.0,4,15832,卖盘
225,10:09:34,39.57,-0.01,1,3957,卖盘
226,10:09:37,39.58,0.01,10,39580,买盘
227,10:09:39,39.58,0.0,3,11874,卖盘
228,10:09:52,39.62,0.04,11,43558,买盘
229,10:09:58,39.62,0.0,3,11886,卖盘
230,10:10:04,39.58,-0.04,5,19790,卖盘
231,10:10:28,39.57,-0.01,6,23744,卖盘
232,10:10:37,39.57,0.0,6,23742,卖盘
233,10:10:43,39.56,-0.01,1,3956,卖盘
234,10:10:58,39.56,0.0,2,7912,卖盘
235,10:11:01,39.56,0.0,1,3956,卖盘
236,10:11:04,39.56,0.0,6,23736,卖盘
237,10:11:10,39.58,0.02,2,7916,买盘
238,10:11:40,39.56,-0.02,5,19780,卖盘
239,10:11:49,39.55,-0.01,5,19775,卖盘
240,10:11:52,39.56,0.01,1,3956,买盘
241,10:12:01,39.62,0.06,4,15846,买盘
242,10:12:16,39.56,-0.06,6,23736,卖盘
243,10:12:25,39.63,0.07,1,3963,买盘
244,10:12:31,39.63,0.0,1,3963,买盘
245,10:12:49,39.62,-0.01,3,11886,买盘
246,10:12:52,39.56,-0.06,4,15824,卖盘
247,10:12:58,39.56,0.0,2,7912,买盘
248,10:13:10,39.62,0.06,2,7924,买盘
249,10:13:22,39.62,0.0,2,7924,买盘
250,10:13:28,39.56,-0.06,6,23742,卖盘
251,10:14:04,39.58,0.02,5,19790,卖盘
252,10:14:07,39.56,-0.02,1,3956,卖盘
253,10:14:31,39.56,0.0,3,11868,卖盘
254,10:14:40,39.56,0.0,1,3956,卖盘
255,10:15:04,39.55,-0.01,7,27685,卖盘
256,10:15:10,39.56,0.01,2,7912,买盘
257,10:15:13,39.56,0.0,1,3956,买盘
258,10:15:15,39.55,-0.01,6,23730,卖盘
259,10:15:25,39.55,0.0,5,19775,卖盘
260,10:15:52,39.51,-0.04,5,19755,卖盘
261,10:16:01,39.5,-0.01,9,35550,卖盘
262,10:16:16,39.51,0.01,1,3951,买盘
263,10:16:22,39.5,-0.01,6,23700,卖盘
264,10:16:28,39.49,-0.01,3,11847,卖盘
265,10:16:37,39.49,0.0,1,3949,买盘
266,10:16:43,39.49,0.0,2,7898,买盘
267,10:16:52,39.48,-0.01,40,157927,卖盘
268,10:17:01,39.49,0.01,8,31597,卖盘
269,10:17:09,39.49,0.0,9,35541,买盘
270,10:17:13,39.49,0.0,2,7898,卖盘
271,10:17:16,39.48,-0.01,10,39481,卖盘
272,10:17:40,39.48,0.0,6,23688,卖盘
273,10:18:16,39.48,0.0,6,23688,卖盘
274,10:18:52,39.49,0.01,6,23694,卖盘
275,10:19:28,39.49,0.0,4,15796,卖盘
276,10:19:46,39.49,0.0,2,7898,买盘
277,10:20:04,39.49,0.0,1,3949,卖盘
278,10:20:16,39.49,0.0,5,19745,买盘
279,10:20:40,39.49,0.0,6,23694,卖盘
280,10:21:04,39.48,-0.01,5,19740,卖盘
281,10:21:13,39.46,-0.02,9,35518,卖盘
282,10:21:52,39.46,0.0,5,19730,卖盘
283,10:22:07,39.46,0.0,1,3946,买盘
284,10:22:10,39.44,-0.02,3,11834,卖盘
285,10:22:27,39.44,0.0,2,7888,卖盘
286,10:22:51,39.41,-0.03,3,11823,卖盘
287,10:22:54,39.44,0.03,4,15776,买盘
288,10:23:04,39.41,-0.03,1,3941,卖盘
289,10:23:07,39.41,0.0,1,3941,买盘
290,10:23:18,39.41,0.0,4,15764,买盘
291,10:23:28,39.41,0.0,1,3941,卖盘
292,10:23:37,39.44,0.03,1,3944,买盘
293,10:23:40,39.4,-0.04,7,27588,卖盘
294,10:23:52,39.41,0.01,5,19705,买盘
295,10:24:16,39.4,-0.01,2,7880,卖盘
296,10:24:28,39.39,-0.01,1,3939,卖盘
297,10:24:37,39.39,0.0,1,3939,买盘
298,10:24:40,39.35,-0.04,27,106284,卖盘
299,10:24:49,39.35,0.0,7,27545,买盘
300,10:24:51,39.34,-0.01,5,19670,卖盘
301,10:24:54,39.35,0.01,2,7869,买盘
302,10:24:58,39.35,0.0,1,3935,买盘
303,10:25:28,39.33,-0.02,6,23598,卖盘
304,10:25:46,39.39,0.06,1,3939,买盘
305,10:26:04,39.34,-0.05,5,19670,卖盘
306,10:26:07,39.34,0.0,1,3934,买盘
307,10:26:40,39.35,0.01,7,27560,卖盘
308,10:26:58,39.4,0.05,4,15760,买盘
309,10:27:04,39.35,-0.05,30,118051,卖盘
310,10:27:16,39.33,-0.02,6,23608,卖盘
311,10:27:43,39.35,0.02,14,55090,卖盘
312,10:27:49,39.35,0.0,4,15739,买盘
313,10:27:52,39.33,-0.02,3,11799,卖盘
314,10:27:58,39.33,0.0,5,19665,买盘
315,10:28:07,39.33,0.0,1,3933,买盘
316,10:28:09,39.33,0.0,3,11799,买盘
317,10:28:13,39.32,-0.01,24,94370,卖盘
318,10:28:19,39.31,-0.01,5,19655,卖盘
319,10:28:28,39.31,0.0,9,35382,卖盘
320,10:28:34,39.31,0.0,4,15724,卖盘
321,10:28:37,39.31,0.0,1,3931,卖盘
322,10:29:04,39.31,0.0,4,15724,卖盘
323,10:29:10,39.3,-0.01,1,3930,卖盘
324,10:29:13,39.3,0.0,3,11790,卖盘
325,10:29:16,39.3,0.0,1,3930,卖盘
326,10:29:18,39.29,-0.01,1,3929,卖盘
327,10:29:22,39.31,0.02,4,15719,买盘
328,10:29:25,39.3,-0.01,9,35375,中性盘
329,10:29:40,39.3,0.0,7,27510,卖盘
330,10:29:46,39.29,-0.01,5,19647,卖盘
331,10:30:10,39.26,-0.03,1,3926,卖盘
332,10:30:16,39.26,0.0,1,3926,卖盘
333,10:30:19,39.26,0.0,1,3926,买盘
334,10:30:31,39.21,-0.05,1,3921,卖盘
335,10:30:36,39.21,0.0,1,3921,卖盘
336,10:30:40,39.21,0.0,1,3921,买盘
337,10:30:43,39.2,-0.01,5,19604,卖盘
338,10:30:52,39.21,0.01,1,3921,卖盘
339,10:30:58,39.21,0.0,3,11763,买盘
340,10:31:04,39.21,0.0,2,7842,买盘
341,10:31:07,39.21,0.0,2,7842,中性盘
342,10:31:28,39.21,0.0,4,15684,卖盘
343,10:31:30,39.21,0.0,2,7842,买盘
344,10:31:49,39.25,0.04,1,3925,买盘
345,10:32:04,39.25,0.0,10,39254,卖盘
346,10:32:40,39.26,0.01,6,23556,卖盘
347,10:32:52,39.26,0.0,4,15704,卖盘
348,10:32:58,39.25,-0.01,1,3925,卖盘
349,10:33:04,39.26,0.01,5,19630,买盘
350,10:33:07,39.25,-0.01,1,3925,卖盘
351,10:33:16,39.25,0.0,2,7850,卖盘
352,10:33:19,39.26,0.01,10,39257,买盘
353,10:33:40,39.25,-0.01,4,15700,买盘
354,10:33:49,39.25,0.0,5,19625,卖盘
355,10:33:51,39.25,0.0,1,3925,卖盘
356,10:33:55,39.3,0.05,10,39274,买盘
357,10:34:16,39.31,0.01,41,161171,买盘
358,10:34:28,39.31,0.0,6,23594,卖盘
359,10:35:04,39.35,0.04,6,23610,卖盘
360,10:35:07,39.35,0.0,1,3935,卖盘
361,10:35:31,39.31,-0.04,25,98280,卖盘
362,10:35:40,39.26,-0.05,5,19630,卖盘
363,10:35:46,39.25,-0.01,1,3925,卖盘
364,10:35:49,39.25,0.0,12,47100,卖盘
365,10:36:00,39.25,0.0,48,188400,卖盘
366,10:36:04,39.25,0.0,10,39250,买盘
367,10:36:07,39.24,-0.01,2,7848,卖盘
368,10:36:16,39.24,0.0,6,23544,卖盘
369,10:36:22,39.25,0.01,6,23550,买盘
370,10:36:33,39.25,0.0,7,27475,买盘
371,10:36:49,39.25,0.0,1,3925,卖盘
372,10:36:58,39.25,0.0,4,15700,买盘
373,10:37:01,39.24,-0.01,1,3924,卖盘
374,10:37:07,39.25,0.01,1,3925,买盘
375,10:37:13,39.25,0.0,1,3925,买盘
376,10:37:25,39.25,0.0,2,7850,买盘
377,10:37:28,39.24,-0.01,6,23546,卖盘
378,10:38:04,39.25,0.01,2,7850,卖盘
379,10:38:07,39.24,-0.01,1,3924,卖盘
380,10:38:10,39.25,0.01,1,3925,买盘
381,10:38:13,39.25,0.0,1,3925,买盘
382,10:38:16,39.25,0.0,1,3925,买盘
383,10:38:19,39.25,0.0,1,3925,买盘
384,10:38:22,39.26,0.01,1,3926,买盘
385,10:38:40,39.26,0.0,2,7852,卖盘
386,10:38:46,39.26,0.0,2,7852,买盘
387,10:38:49,39.26,0.0,2,7852,买盘
388,10:39:01,39.27,0.01,4,15724,中性盘
389,10:39:06,39.35,0.08,1,3935,买盘
390,10:39:16,39.3,-0.05,1,3930,卖盘
391,10:39:22,39.3,0.0,1,3930,买盘
392,10:39:28,39.3,0.0,1,3930,买盘
393,10:39:31,39.3,0.0,6,23579,买盘
394,10:39:34,39.3,0.0,1,3930,买盘
395,10:39:52,39.3,0.0,9,35395,卖盘
396,10:40:10,39.46,0.16,2,7892,买盘
397,10:40:28,39.31,-0.15,5,19655,卖盘
398,10:40:31,39.31,0.0,1,3931,买盘
399,10:41:04,39.3,-0.01,6,23580,卖盘
400,10:41:25,39.4,0.1,2,7880,买盘
401,10:41:40,39.4,0.0,6,23640,卖盘
402,10:41:46,39.4,0.0,2,7880,卖盘
403,10:41:52,39.4,0.0,3,11820,卖盘
404,10:42:15,39.28,-0.12,6,23568,卖盘
405,10:42:42,39.4,0.12,4,15760,买盘
406,10:42:52,39.33,-0.07,6,23598,卖盘
407,10:43:28,39.33,0.0,5,19667,卖盘
408,10:43:43,39.4,0.07,2,7880,买盘
409,10:44:04,39.34,-0.06,6,23604,卖盘
410,10:44:10,39.45,0.11,44,173400,买盘
411,10:44:18,39.45,0.0,1,3945,买盘
412,10:44:40,39.34,-0.11,6,23604,卖盘
413,10:45:07,39.35,0.01,1,3935,卖盘
414,10:45:16,39.35,0.0,6,23610,卖盘
415,10:45:52,39.35,0.0,6,23610,卖盘
416,10:46:28,39.35,0.0,2,7870,卖盘
417,10:46:43,39.35,0.0,1,3935,买盘
418,10:46:58,39.35,0.0,1,3935,买盘
419,10:47:04,39.34,-0.01,4,15736,卖盘
420,10:47:16,39.34,0.0,1,3934,买盘
421,10:47:40,39.33,-0.01,10,39330,卖盘
422,10:47:43,39.3,-0.03,3,11796,卖盘
423,10:47:52,39.33,0.03,1,3933,买盘
424,10:48:16,39.28,-0.05,2,7856,卖盘
425,10:48:19,39.29,0.01,6,23574,卖盘
426,10:48:51,39.28,-0.01,6,23568,卖盘
427,10:49:07,39.29,0.01,1,3929,卖盘
428,10:49:27,39.29,0.0,2,7858,卖盘
429,10:49:42,39.29,0.0,1,3929,买盘
430,10:49:46,39.29,0.0,2,7858,买盘
431,10:50:05,39.28,-0.01,6,23568,卖盘
432,10:50:39,39.28,0.0,6,23568,卖盘
433,10:50:48,39.29,0.01,1,3929,买盘
434,10:51:15,39.28,-0.01,5,19640,卖盘
435,10:51:52,39.27,-0.01,6,23562,卖盘
436,10:52:15,39.28,0.01,1,3928,买盘
437,10:52:28,39.27,-0.01,6,23562,卖盘
438,10:52:55,39.29,0.02,6,23572,买盘
439,10:53:04,39.3,0.01,5,19650,卖盘
440,10:53:28,39.27,-0.03,8,31416,卖盘
441,10:53:40,39.25,-0.02,5,19625,卖盘
442,10:54:24,39.26,0.01,1,3926,卖盘
443,10:54:30,39.27,0.01,2,7854,买盘
444,10:54:33,39.27,0.0,1,3927,买盘
445,10:54:45,39.27,0.0,13,51051,买盘
446,10:54:51,39.27,0.0,2,7854,买盘
447,10:54:55,39.27,0.0,7,27477,买盘
448,10:55:18,39.27,0.0,3,11781,买盘
449,10:57:12,39.27,0.0,1,3927,卖盘
450,10:58:18,39.27,0.0,2,7854,卖盘
451,10:58:28,39.27,0.0,1,3927,卖盘
452,10:58:37,39.25,-0.02,12,47100,卖盘
453,10:58:43,39.26,0.01,7,27482,中性盘
454,10:58:58,39.26,0.0,30,117780,卖盘
455,10:59:04,39.26,0.0,1,3926,卖盘
456,10:59:10,39.25,-0.01,1,3925,卖盘
457,10:59:12,39.24,-0.01,2,7849,卖盘
458,10:59:16,39.26,0.02,5,19630,买盘
459,10:59:28,39.24,-0.02,1,3924,卖盘
460,10:59:31,39.23,-0.01,1,3923,卖盘
461,10:59:39,39.23,0.0,6,23538,卖盘
462,11:00:01,39.23,0.0,1,3923,卖盘
463,11:00:07,39.26,0.03,1,3926,买盘
464,11:00:13,39.27,0.01,2,7853,买盘
465,11:00:19,39.27,0.0,1,3927,买盘
466,11:00:25,39.27,0.0,1,3927,买盘
467,11:00:28,39.27,0.0,1,3927,买盘
468,11:00:31,39.26,-0.01,2,7853,卖盘
469,11:00:34,39.27,0.01,2,7853,买盘
470,11:00:37,39.29,0.02,1,3929,买盘
471,11:00:40,39.29,0.0,1,3929,买盘
472,11:00:43,39.3,0.01,1,3930,买盘
473,11:00:46,39.32,0.02,1,3932,买盘
474,11:00:49,39.32,0.0,1,3932,买盘
475,11:00:52,39.33,0.01,4,15732,买盘
476,11:00:55,39.34,0.01,7,27508,买盘
477,11:00:58,39.34,0.0,1,3934,买盘
478,11:01:04,39.35,0.01,1,3935,买盘
479,11:01:07,39.35,0.0,1,3935,买盘
480,11:01:19,39.35,0.0,1,3935,买盘
481,11:02:28,39.39,0.04,5,19695,买盘
482,11:02:40,39.39,0.0,1,3939,买盘
483,11:02:43,39.39,0.0,5,19695,买盘
484,11:02:52,39.39,0.0,1,3939,买盘
485,11:03:34,39.39,0.0,1,3939,买盘
486,11:04:16,39.4,0.01,10,39400,买盘
487,11:04:27,39.4,0.0,6,23640,卖盘
488,11:07:10,39.4,0.0,2,7880,卖盘
489,11:08:10,39.44,0.04,1,3944,买盘
490,11:08:19,39.47,0.03,1,3947,买盘
491,11:09:27,39.4,-0.07,1,3940,卖盘
492,11:09:31,39.4,0.0,1,3940,卖盘
493,11:09:34,39.4,0.0,2,7880,买盘
494,11:09:37,39.4,0.0,5,19700,买盘
495,11:09:57,39.47,0.07,2,7893,买盘
496,11:10:49,39.46,-0.01,1,3946,买盘
497,11:10:57,39.47,0.01,5,19732,买盘
498,11:11:04,39.39,-0.08,6,23634,卖盘
499,11:11:45,39.39,0.0,5,19695,卖盘
500,11:12:33,39.39,0.0,1,3939,卖盘
501,11:12:51,39.34,-0.05,1,3934,卖盘
502,11:13:13,39.44,0.1,4,15776,买盘
503,11:13:19,39.44,0.0,2,7888,卖盘
504,11:13:28,39.44,0.0,1,3944,买盘
505,11:13:31,39.33,-0.11,5,19665,卖盘
506,11:14:40,39.44,0.11,1,3944,买盘
507,11:15:00,39.44,0.0,1,3944,买盘
508,11:16:04,39.44,0.0,9,35496,买盘
509,11:16:42,39.45,0.01,10,39450,买盘
510,11:16:57,39.44,-0.01,1,3944,卖盘
511,11:17:06,39.4,-0.04,6,23640,卖盘
512,11:18:19,39.44,0.04,1,3944,买盘
513,11:19:13,39.46,0.02,3,11838,买盘
514,11:19:31,39.47,0.01,7,27629,买盘
515,11:19:34,39.46,-0.01,7,27627,卖盘
516,11:20:06,39.46,0.0,6,23676,卖盘
517,11:21:25,39.46,0.0,4,15784,卖盘
518,11:22:00,39.48,0.02,5,19738,买盘
519,11:22:34,39.48,0.0,2,7896,买盘
520,11:23:07,39.45,-0.03,6,23670,卖盘
521,11:24:04,39.48,0.03,1,3948,卖盘
522,11:24:09,39.48,0.0,1,3948,卖盘
523,11:24:21,39.48,0.0,1,3948,买盘
524,11:24:33,39.46,-0.02,5,19730,卖盘
525,11:25:07,39.48,0.02,1,3948,买盘
526,11:25:21,39.48,0.0,2,7896,买盘
527,11:25:58,39.49,0.01,1,3949,买盘
528,11:26:42,39.49,0.0,1,3949,买盘
529,11:27:31,39.45,-0.04,9,35507,卖盘
530,11:27:55,39.45,0.0,4,15782,卖盘
531,11:28:34,39.4,-0.05,1,3940,卖盘
532,11:28:42,39.4,0.0,3,11820,卖盘
533,11:29:19,39.35,-0.05,1,3935,卖盘
534,11:29:21,39.4,0.05,1,3940,买盘
535,13:00:07,39.39,-0.01,9,35432,中性盘
536,13:00:10,39.33,-0.06,20,78709,卖盘
537,13:00:19,39.37,0.04,6,23622,卖盘
538,13:00:33,39.45,0.08,4,15779,买盘
539,13:01:31,39.46,0.01,2,7891,买盘
540,13:05:48,39.41,-0.05,3,11833,卖盘
541,13:05:51,39.41,0.0,1,3941,卖盘
542,13:06:04,39.49,0.08,21,82921,买盘
543,13:06:19,39.41,-0.08,6,23646,卖盘
544,13:09:30,39.48,0.07,1,3948,买盘
545,13:09:46,39.48,0.0,3,11844,卖盘
546,13:09:51,39.48,0.0,1,3948,卖盘
547,13:10:01,39.49,0.01,12,47381,买盘
548,13:10:43,39.5,0.01,9,35550,买盘
549,13:10:49,39.44,-0.06,11,43384,卖盘
550,13:11:04,39.5,0.06,1,3950,买盘
551,13:11:07,39.45,-0.05,2,7895,卖盘
552,13:11:22,39.45,0.0,4,15780,买盘
553,13:11:24,39.45,0.0,1,3945,卖盘
554,13:11:49,39.44,-0.01,6,23664,卖盘
555,13:11:58,39.45,0.01,2,7890,买盘
556,13:12:04,39.44,-0.01,4,15779,卖盘
557,13:12:15,39.43,-0.01,2,7886,买盘
558,13:12:18,39.42,-0.01,6,23652,卖盘
559,13:12:21,39.43,0.01,2,7886,买盘
560,13:12:43,39.43,0.0,5,19715,买盘
561,13:12:46,39.43,0.0,5,19715,卖盘
562,13:12:49,39.44,0.01,2,7888,买盘
563,13:12:51,39.44,0.0,1,3944,买盘
564,13:12:54,39.43,-0.01,7,27602,卖盘
565,13:12:57,39.44,0.01,1,3944,买盘
566,13:13:13,39.43,-0.01,2,7886,卖盘
567,13:13:25,39.43,0.0,8,31547,卖盘
568,13:13:28,39.43,0.0,5,19715,卖盘
569,13:13:45,39.44,0.01,2,7888,卖盘
570,13:14:04,39.43,-0.01,6,23658,卖盘
571,13:14:07,39.43,0.0,12,47316,卖盘
572,13:14:12,39.43,0.0,4,15772,卖盘
573,13:14:37,39.42,-0.01,4,15768,卖盘
574,13:14:40,39.43,0.01,10,39430,买盘
575,13:14:43,39.43,0.0,6,23658,卖盘
576,13:15:19,39.43,0.0,10,39430,卖盘
577,13:15:28,39.53,0.1,1,3953,买盘
578,13:16:01,39.43,-0.1,4,15772,卖盘
579,13:16:18,39.54,0.11,2,7908,买盘
580,13:16:43,39.44,-0.1,4,15776,中性盘
581,13:17:25,39.46,0.02,3,11852,卖盘
582,13:17:40,39.44,-0.02,1,3944,买盘
583,13:17:43,39.43,-0.01,6,23658,卖盘
584,13:18:04,39.43,0.0,7,27601,卖盘
585,13:18:09,39.45,0.02,8,31558,买盘
586,13:18:18,39.45,0.0,2,7890,卖盘
587,13:18:54,39.43,-0.02,1,3943,卖盘
588,13:20:12,39.43,0.0,2,7886,卖盘
589,13:20:52,39.45,0.02,5,19725,卖盘
590,13:20:57,39.43,-0.02,4,15772,卖盘
591,13:21:01,39.45,0.02,1,3945,买盘
592,13:21:22,39.43,-0.02,7,27601,卖盘
593,13:21:33,39.43,0.0,4,15772,买盘
594,13:22:28,39.44,0.01,1,3944,买盘
595,13:23:06,39.44,0.0,3,11832,卖盘
596,13:23:12,39.44,0.0,1,3944,卖盘
597,13:24:07,39.45,0.01,4,15780,卖盘
598,13:24:27,39.45,0.0,3,11835,卖盘
599,13:25:15,39.45,0.0,4,15780,卖盘
600,13:25:34,39.41,-0.04,53,208921,卖盘
601,13:25:51,39.4,-0.01,10,39400,买盘
602,13:26:01,39.4,0.0,3,11820,买盘
603,13:26:07,39.4,0.0,4,15760,买盘
604,13:26:12,39.4,0.0,4,15760,买盘
605,13:26:19,39.4,0.0,6,23638,买盘
606,13:26:25,39.4,0.0,4,15760,买盘
607,13:26:27,39.4,0.0,1,3940,买盘
608,13:26:31,39.4,0.0,2,7880,买盘
609,13:26:37,39.4,0.0,3,11820,买盘
610,13:26:54,39.4,0.0,2,7880,买盘
611,13:27:01,39.42,0.02,25,98550,买盘
612,13:27:06,39.42,0.0,3,11828,卖盘
613,13:27:09,39.45,0.03,1,3945,买盘
614,13:27:24,39.45,0.0,1,3945,买盘
615,13:27:30,39.45,0.0,1,3945,买盘
616,13:27:33,39.45,0.0,3,11835,买盘
617,13:29:00,39.5,0.05,2,7900,买盘
618,13:29:13,39.5,0.0,3,11850,买盘
619,13:30:10,39.5,0.0,3,11850,买盘
620,13:30:27,39.52,0.02,2,7904,买盘
621,13:30:37,39.53,0.01,6,23718,买盘
622,13:30:48,39.52,-0.01,11,43481,卖盘
623,13:30:55,39.54,0.02,10,39540,买盘
624,13:31:34,39.52,-0.02,5,19761,卖盘
625,13:31:49,39.52,0.0,2,7904,卖盘
626,13:31:58,39.62,0.1,7,27692,买盘
627,13:32:39,39.52,-0.1,7,27664,卖盘
628,13:33:01,39.52,0.0,1,3952,买盘
629,13:33:04,39.52,0.0,1,3952,买盘
630,13:33:07,39.52,0.0,1,3952,买盘
631,13:35:21,39.57,0.05,5,19785,买盘
632,13:35:43,39.57,0.0,6,23742,买盘
633,13:35:49,39.52,-0.05,1,3952,卖盘
634,13:36:01,39.52,0.0,5,19760,卖盘
635,13:36:04,39.52,0.0,1,3952,卖盘
636,13:36:22,39.52,0.0,4,15808,卖盘
637,13:36:58,39.5,-0.02,11,43450,卖盘
638,13:38:18,39.45,-0.05,4,15780,卖盘
639,13:39:09,39.55,0.1,4,15820,买盘
640,13:39:42,39.55,0.0,1,3955,卖盘
641,13:40:16,39.5,-0.05,1,3950,卖盘
642,13:41:22,39.5,0.0,4,15800,卖盘
643,13:41:25,39.5,0.0,4,15800,卖盘
644,13:41:28,39.5,0.0,94,371300,卖盘
645,13:41:49,39.47,-0.03,1,3947,买盘
646,13:42:07,39.46,-0.01,1,3946,卖盘
647,13:42:09,39.46,0.0,5,19730,卖盘
648,13:42:22,39.46,0.0,6,23676,卖盘
649,13:42:40,39.48,0.02,7,27636,买盘
650,13:42:45,39.49,0.01,1,3949,买盘
651,13:42:55,39.48,-0.01,3,11844,卖盘
652,13:43:12,39.48,0.0,6,23688,卖盘
653,13:43:24,39.48,0.0,4,15792,卖盘
654,13:43:45,39.46,-0.02,3,11838,卖盘
655,13:44:07,39.42,-0.04,7,27594,卖盘
656,13:44:12,39.42,0.0,1,3942,卖盘
657,13:44:48,39.4,-0.02,12,47285,卖盘
658,13:45:15,39.4,0.0,6,23640,卖盘
659,13:45:42,39.41,0.01,1,3941,买盘
660,13:45:46,39.41,0.0,1,3941,买盘
661,13:45:48,39.41,0.0,1,3941,买盘
662,13:45:51,39.41,0.0,1,3941,买盘
663,13:45:55,39.41,0.0,1,3941,买盘
664,13:45:58,39.47,0.06,1,3947,中性盘
665,13:46:04,39.42,-0.05,1,3942,买盘
666,13:46:10,39.42,0.0,1,3942,买盘
667,13:46:13,39.42,0.0,1,3942,买盘
668,13:46:16,39.42,0.0,1,3942,买盘
669,13:46:18,39.42,0.0,1,3942,买盘
670,13:46:21,39.42,0.0,1,3942,买盘
671,13:46:25,39.42,0.0,1,3942,买盘
672,13:46:34,39.42,0.0,4,15768,买盘
673,13:46:52,39.43,0.01,5,19715,买盘
674,13:47:18,39.45,0.02,1,3945,卖盘
675,13:47:31,39.45,0.0,4,15780,卖盘
676,13:48:12,39.56,0.11,5,19762,买盘
677,13:48:16,39.45,-0.11,3,11835,卖盘
678,13:49:43,39.45,0.0,4,15780,卖盘
679,13:50:01,39.43,-0.02,1,3943,卖盘
680,13:50:04,39.43,0.0,5,19715,卖盘
681,13:51:10,39.43,0.0,1,3943,卖盘
682,13:51:25,39.43,0.0,8,31544,卖盘
683,13:51:36,39.43,0.0,28,110404,卖盘
684,13:52:31,39.43,0.0,16,63088,卖盘
685,13:52:46,39.43,0.0,1,3943,买盘
686,13:52:55,39.43,0.0,6,23658,买盘
687,13:53:01,39.43,0.0,1,3943,买盘
688,13:53:04,39.43,0.0,1,3943,买盘
689,13:53:07,39.43,0.0,5,19715,买盘
690,13:53:10,39.43,0.0,10,39430,卖盘
691,13:53:13,39.43,0.0,7,27601,中性盘
692,13:53:22,39.42,-0.01,6,23652,卖盘
693,13:54:10,39.5,0.08,1,3950,买盘
694,13:54:13,39.46,-0.04,7,27622,卖盘
695,13:54:16,39.5,0.04,1,3950,买盘
696,13:54:57,39.5,0.0,1,3950,买盘
697,13:55:22,39.5,0.0,1,3950,买盘
698,13:55:27,39.5,0.0,1,3950,买盘
699,13:55:40,39.55,0.05,6,23730,买盘
700,13:56:46,39.55,0.0,1,3955,买盘
701,13:56:52,39.55,0.0,1,3955,买盘
702,13:56:57,39.55,0.0,1,3955,买盘
703,13:57:04,39.55,0.0,1,3955,买盘
704,13:57:13,39.55,0.0,1,3955,卖盘
705,13:57:19,39.51,-0.04,2,7902,买盘
706,13:57:25,39.51,0.0,1,3951,买盘
707,13:57:42,39.51,0.0,5,19755,买盘
708,13:57:58,39.51,0.0,1,3951,买盘
709,13:58:04,39.51,0.0,1,3951,买盘
710,13:58:10,39.51,0.0,1,3951,买盘
711,13:58:13,39.51,0.0,1,3951,买盘
712,13:58:16,39.51,0.0,1,3951,买盘
713,13:58:19,39.51,0.0,1,3951,买盘
714,13:58:21,39.51,0.0,1,3951,买盘
715,13:58:25,39.51,0.0,1,3951,买盘
716,13:58:28,39.51,0.0,1,3951,买盘
717,13:58:40,39.52,0.01,2,7904,买盘
718,13:59:13,39.53,0.01,5,19765,买盘
719,13:59:34,39.53,0.0,5,19765,买盘
720,13:59:49,39.54,0.01,6,23724,买盘
721,14:00:16,39.54,0.0,5,19770,买盘
722,14:00:22,39.53,-0.01,1,3953,卖盘
723,14:00:46,39.53,0.0,7,27677,卖盘
724,14:01:07,39.55,0.02,6,23725,买盘
725,14:01:10,39.54,-0.01,14,55365,卖盘
726,14:01:19,39.54,0.0,8,31632,买盘
727,14:01:30,39.54,0.0,1,3954,卖盘
728,14:01:34,39.56,0.02,1,3956,买盘
729,14:02:01,39.55,-0.01,5,19775,买盘
730,14:02:22,39.58,0.03,12,47495,买盘
731,14:02:34,39.58,0.0,8,31664,卖盘
732,14:03:04,39.55,-0.03,1,3955,卖盘
733,14:03:12,39.58,0.03,6,27469,买盘
734,14:03:21,39.58,0.0,1,237,买盘
735,14:03:31,39.6,0.02,21,83152,买盘
736,14:03:37,39.57,-0.03,1,3957,中性盘
737,14:03:46,39.64,0.07,8,31707,买盘
738,14:04:10,39.65,0.01,13,51535,买盘
739,14:05:00,39.65,0.0,4,15860,买盘
740,14:05:22,39.6,-0.05,1,3960,卖盘
741,14:05:37,39.61,0.01,5,19805,卖盘
742,14:05:40,39.65,0.04,7,27755,买盘
743,14:05:49,39.61,-0.04,1,3961,卖盘
744,14:06:04,39.61,0.0,3,11883,卖盘
745,14:06:13,39.57,-0.04,30,118761,卖盘
746,14:06:16,39.61,0.04,4,15844,买盘
747,14:06:22,39.57,-0.04,6,23742,卖盘
748,14:06:31,39.61,0.04,18,71234,买盘
749,14:06:40,39.56,-0.05,1,3956,卖盘
750,14:06:46,39.56,0.0,2,7912,买盘
751,14:07:01,39.56,0.0,8,31648,卖盘
752,14:07:13,39.54,-0.02,10,39545,卖盘
753,14:07:25,39.55,0.01,5,19775,卖盘
754,14:07:36,39.55,0.0,34,134472,卖盘
755,14:07:43,39.55,0.0,2,7910,卖盘
756,14:07:48,39.55,0.0,1,3955,卖盘
757,14:07:55,39.55,0.0,1,3955,卖盘
758,14:08:01,39.55,0.0,1,3955,卖盘
759,14:08:07,39.55,0.0,15,59325,卖盘
760,14:08:10,39.56,0.01,1,3956,买盘
761,14:08:13,39.56,0.0,20,79109,买盘
762,14:08:25,39.56,0.0,1,3956,卖盘
763,14:09:04,39.6,0.04,7,27720,买盘
764,14:09:21,39.57,-0.03,1,3957,卖盘
765,14:09:40,39.59,0.02,3,11877,买盘
766,14:10:12,39.61,0.02,3,11883,买盘
767,14:10:22,39.64,0.03,1,3964,买盘
768,14:10:25,39.61,-0.03,1,3961,卖盘
769,14:10:49,39.68,0.07,5,19833,买盘
770,14:11:04,39.67,-0.01,2,7934,买盘
771,14:11:12,39.68,0.01,10,39669,买盘
772,14:11:15,39.68,0.0,3,11904,卖盘
773,14:11:19,39.68,0.0,5,19840,卖盘
774,14:11:25,39.7,0.02,16,63508,买盘
775,14:11:34,39.68,-0.02,2,7936,卖盘
776,14:11:37,39.68,0.0,2,7936,买盘
777,14:11:43,39.64,-0.04,6,23784,买盘
778,14:12:07,39.68,0.04,10,39666,买盘
779,14:12:19,39.69,0.01,7,27783,买盘
780,14:12:25,39.68,-0.01,2,7936,卖盘
781,14:12:34,39.69,0.01,6,23814,买盘
782,14:12:37,39.7,0.01,15,59547,买盘
783,14:12:49,39.71,0.01,6,23826,买盘
784,14:12:52,39.71,0.0,1,3971,买盘
785,14:12:58,39.75,0.04,1,3975,买盘
786,14:13:00,39.71,-0.04,9,35744,卖盘
787,14:13:04,39.71,0.0,2,7942,买盘
788,14:13:07,39.73,0.02,3,11917,买盘
789,14:13:13,39.71,-0.02,6,23826,卖盘
790,14:13:25,39.71,0.0,12,47652,卖盘
791,14:13:28,39.71,0.0,2,7942,卖盘
792,14:13:34,39.71,0.0,1,3971,卖盘
793,14:13:49,39.71,0.0,3,11913,卖盘
794,14:13:51,39.72,0.01,3,11914,买盘
795,14:13:54,39.72,0.0,5,19860,卖盘
796,14:14:01,39.72,0.0,9,35748,卖盘
797,14:14:16,39.78,0.06,31,123281,买盘
798,14:14:19,39.78,0.0,7,27846,卖盘
799,14:14:25,39.79,0.01,5,19895,买盘
800,14:14:31,39.78,-0.01,2,7956,卖盘
801,14:14:33,39.79,0.01,1,3979,买盘
802,14:14:37,39.79,0.0,2,7958,卖盘
803,14:14:40,39.8,0.01,15,59695,买盘
804,14:14:43,39.8,0.0,4,15920,买盘
805,14:14:46,39.8,0.0,1,3980,卖盘
806,14:14:55,39.8,0.0,6,23880,卖盘
807,14:14:58,39.84,0.04,1,3984,买盘
808,14:15:00,39.8,-0.04,5,19900,卖盘
809,14:15:04,39.84,0.04,5,19920,买盘
810,14:15:10,39.8,-0.04,3,11940,卖盘
811,14:15:15,39.8,0.0,19,75620,卖盘
812,14:15:19,39.8,0.0,4,15920,买盘
813,14:15:25,39.78,-0.02,29,115362,卖盘
814,14:15:30,39.78,0.0,1,3978,买盘
815,14:15:48,39.75,-0.03,5,19875,买盘
816,14:15:55,39.74,-0.01,9,35766,卖盘
817,14:16:07,39.73,-0.01,43,170852,卖盘
818,14:16:10,39.73,0.0,5,19865,买盘
819,14:16:16,39.73,0.0,16,63568,买盘
820,14:16:40,39.74,0.01,8,31792,买盘
821,14:16:52,39.78,0.04,5,19878,买盘
822,14:17:01,39.79,0.01,14,55706,买盘
823,14:17:04,39.79,0.0,9,35811,买盘
824,14:17:10,39.8,0.01,1,3980,买盘
825,14:17:22,39.85,0.05,5,19921,买盘
826,14:17:30,39.85,0.0,8,31880,买盘
827,14:17:37,39.85,0.0,8,31880,卖盘
828,14:17:46,39.89,0.04,1,3989,买盘
829,14:18:10,39.88,-0.01,4,15952,买盘
830,14:18:13,39.82,-0.06,2,7964,卖盘
831,14:18:43,39.82,0.0,4,15928,卖盘
832,14:18:58,39.8,-0.02,32,127376,卖盘
833,14:19:04,39.8,0.0,2,7960,卖盘
834,14:19:07,39.8,0.0,2,7960,买盘
835,14:19:19,39.8,0.0,9,35820,买盘
836,14:19:25,39.8,0.0,3,11940,买盘
837,14:20:06,39.82,0.02,2,7964,买盘
838,14:20:52,39.82,0.0,3,11946,买盘
839,14:21:01,39.81,-0.01,5,19905,卖盘
840,14:21:15,39.81,0.0,5,19905,买盘
841,14:21:22,39.81,0.0,2,7962,卖盘
842,14:21:28,39.82,0.01,1,3982,买盘
843,14:21:37,39.84,0.02,1,3984,买盘
844,14:21:46,39.84,0.0,4,15936,买盘
845,14:22:04,39.84,0.0,1,3984,卖盘
846,14:22:16,39.84,0.0,1,3984,卖盘
847,14:22:28,39.85,0.01,6,23910,卖盘
848,14:22:31,39.85,0.0,1,3985,卖盘
849,14:22:37,39.86,0.01,4,15942,买盘
850,14:22:40,39.84,-0.02,15,59762,卖盘
851,14:22:52,39.84,0.0,9,35856,买盘
852,14:22:58,39.81,-0.03,10,39819,卖盘
853,14:23:00,39.82,0.01,5,19910,中性盘
854,14:23:07,39.81,-0.01,8,31848,卖盘
855,14:23:10,39.81,0.0,11,43791,卖盘
856,14:23:16,39.81,0.0,1,3981,卖盘
857,14:23:19,39.81,0.0,31,123441,卖盘
858,14:23:25,39.85,0.04,8,31876,买盘
859,14:23:34,39.85,0.0,9,35865,卖盘
860,14:23:45,39.82,-0.03,26,103532,卖盘
861,14:23:58,39.82,0.0,7,27874,买盘
862,14:24:01,39.81,-0.01,10,39813,卖盘
863,14:24:15,39.82,0.01,1,3982,卖盘
864,14:24:21,39.82,0.0,5,19910,卖盘
865,14:24:43,39.83,0.01,3,11949,卖盘
866,14:24:46,39.83,0.0,7,27881,卖盘
867,14:24:55,39.81,-0.02,20,79622,卖盘
868,14:25:10,39.81,0.0,10,39810,买盘
869,14:25:25,39.81,0.0,4,15930,卖盘
870,14:25:39,39.81,0.0,1,3981,卖盘
871,14:25:45,39.81,0.0,4,15924,卖盘
872,14:25:51,39.81,0.0,5,19905,卖盘
873,14:26:19,39.83,0.02,11,43813,买盘
874,14:26:33,39.84,0.01,1,3984,买盘
875,14:27:16,39.83,-0.01,4,15932,卖盘
876,14:27:37,39.82,-0.01,5,19910,卖盘
877,14:27:54,39.83,0.01,1,3983,买盘
878,14:28:01,39.82,-0.01,7,27874,卖盘
879,14:28:07,39.82,0.0,1,3982,卖盘
880,14:28:10,39.83,0.01,3,11949,买盘
881,14:28:34,39.83,0.0,1,3983,卖盘
882,14:28:37,39.82,-0.01,10,39826,卖盘
883,14:29:46,39.82,0.0,8,31856,卖盘
884,14:30:33,39.81,-0.01,20,79620,卖盘
885,14:30:36,39.81,0.0,5,19905,卖盘
886,14:30:49,39.81,0.0,20,79620,卖盘
887,14:30:58,39.81,0.0,5,19905,卖盘
888,14:31:10,39.79,-0.02,1,3979,卖盘
889,14:31:16,39.8,0.01,7,27860,卖盘
890,14:31:19,39.79,-0.01,7,27856,卖盘
891,14:31:49,39.79,0.0,4,15916,卖盘
892,14:32:07,39.79,0.0,6,23874,卖盘
893,14:32:19,39.8,0.01,6,23880,卖盘
894,14:32:22,39.8,0.0,4,15920,卖盘
895,14:32:40,39.79,-0.01,6,23874,卖盘
896,14:33:28,39.73,-0.06,8,31786,卖盘
897,14:33:31,39.74,0.01,2,7948,中性盘
898,14:33:40,39.74,0.0,4,15896,卖盘
899,14:33:52,39.74,0.0,1,3974,卖盘
900,14:33:58,39.74,0.0,5,19870,卖盘
901,14:34:01,39.74,0.0,10,39740,卖盘
902,14:34:07,39.72,-0.02,16,63568,卖盘
903,14:34:28,39.72,0.0,3,11916,卖盘
904,14:34:31,39.72,0.0,3,11916,卖盘
905,14:34:34,39.72,0.0,1,3972,卖盘
906,14:34:46,39.71,-0.01,1,3971,卖盘
907,14:35:07,39.71,0.0,1,3971,卖盘
908,14:35:19,39.71,0.0,2,7942,卖盘
909,14:35:25,39.71,0.0,1,3971,买盘
910,14:35:28,39.71,0.0,1,3971,卖盘
911,14:35:34,39.71,0.0,1,3971,卖盘
912,14:35:37,39.71,0.0,1,3971,卖盘
913,14:35:40,39.71,0.0,2,7942,卖盘
914,14:35:43,39.69,-0.02,2,7938,卖盘
915,14:35:58,39.69,0.0,20,79380,卖盘
916,14:36:01,39.69,0.0,1,3969,卖盘
917,14:36:04,39.7,0.01,19,75430,买盘
918,14:36:07,39.69,-0.01,3,11907,卖盘
919,14:36:43,39.69,0.0,4,15876,卖盘
920,14:37:34,39.53,-0.16,3,11859,中性盘
921,14:40:28,39.59,0.06,1,3959,卖盘
922,14:40:46,39.59,0.0,18,71262,卖盘
923,14:40:52,39.59,0.0,10,39590,买盘
924,14:40:58,39.58,-0.01,15,59370,卖盘
925,14:41:07,39.59,0.01,4,15836,买盘
926,14:41:16,39.59,0.0,2,7918,买盘
927,14:41:46,39.58,-0.01,4,15832,卖盘
928,14:41:55,39.58,0.0,6,23748,卖盘
929,14:42:28,39.56,-0.02,1,3956,卖盘
930,14:42:34,39.56,0.0,1,3956,卖盘
931,14:42:40,39.57,0.01,5,19781,买盘
932,14:42:49,39.57,0.0,2,7914,买盘
933,14:42:55,39.57,0.0,4,15828,卖盘
934,14:43:01,39.58,0.01,2,7916,买盘
935,14:43:19,39.56,-0.02,1,3956,中性盘
936,14:43:55,39.55,-0.01,10,39550,卖盘
937,14:44:16,39.54,-0.01,3,11862,买盘
938,14:44:22,39.55,0.01,3,11864,买盘
939,14:44:49,39.54,-0.01,5,19770,卖盘
940,14:45:28,39.54,0.0,2,7908,卖盘
941,14:47:04,39.58,0.04,1,3958,买盘
942,14:47:19,39.59,0.01,6,23754,买盘
943,14:47:25,39.59,0.0,6,23754,卖盘
944,14:47:40,39.68,0.09,15,59510,买盘
945,14:47:55,39.57,-0.11,1,3957,卖盘
946,14:48:37,39.67,0.1,1,3967,买盘
947,14:49:07,39.67,0.0,2,7934,买盘
948,14:49:10,39.67,0.0,1,3967,买盘
949,14:49:40,39.57,-0.1,5,19785,卖盘
950,14:49:46,39.55,-0.02,2,7910,卖盘
951,14:49:55,39.55,0.0,1,3955,买盘
952,14:49:58,39.55,0.0,7,27685,买盘
953,14:50:04,39.55,0.0,3,11865,卖盘
954,14:50:10,39.54,-0.01,3,11862,卖盘
955,14:50:22,39.55,0.01,4,15820,买盘
956,14:50:25,39.55,0.0,3,11865,买盘
957,14:50:31,39.55,0.0,1,3955,卖盘
958,14:50:40,39.55,0.0,6,23730,卖盘
959,14:50:43,39.56,0.01,1,3956,买盘
960,14:50:46,39.56,0.0,5,19780,买盘
961,14:50:49,39.56,0.0,3,11868,卖盘
962,14:51:13,39.55,-0.01,10,39551,卖盘
963,14:51:16,39.56,0.01,5,19780,中性盘
964,14:51:22,39.58,0.02,4,15832,卖盘
965,14:51:37,39.56,-0.02,3,11868,卖盘
966,14:51:46,39.56,0.0,4,15824,买盘
967,14:51:58,39.56,0.0,1,3956,买盘
968,14:52:04,39.56,0.01,7,27692,买盘
969,14:52:10,39.57,0.01,4,15828,卖盘
970,14:52:19,39.56,-0.01,5,19780,买盘
971,14:52:31,39.56,0.0,5,19780,买盘
972,14:52:40,39.55,-0.01,15,59325,卖盘
973,14:52:43,39.56,0.01,8,31648,买盘
974,14:52:49,39.56,0.0,3,11868,卖盘
975,14:52:55,39.56,0.0,9,35648,卖盘
976,14:53:10,39.56,0.0,5,19780,卖盘
977,14:53:22,39.56,0.0,3,11868,卖盘
978,14:53:43,39.56,0.0,15,59340,买盘
979,14:53:49,39.55,-0.01,3,11865,卖盘
980,14:53:55,39.56,0.01,5,19780,买盘
981,14:54:10,39.56,0.0,4,15824,卖盘
982,14:54:16,39.57,0.01,1,3957,买盘
983,14:54:19,39.57,0.0,1,3957,买盘
984,14:54:31,39.57,0.0,1,3957,买盘
985,14:54:37,39.57,0.0,4,15828,买盘
986,14:54:40,39.57,0.0,9,35606,买盘
987,14:54:46,39.57,0.0,2,7914,卖盘
988,14:54:58,39.58,0.01,3,11873,买盘
989,14:55:25,39.57,-0.01,2,7914,卖盘
990,14:55:28,39.57,0.0,2,7914,卖盘
991,14:55:58,39.53,-0.04,100,395451,卖盘
992,14:56:10,39.5,-0.03,1,3950,卖盘
993,14:56:37,39.66,0.16,3,11898,买盘
994,14:56:46,39.5,-0.16,1,3950,卖盘
995,14:56:52,39.5,0.0,1,3950,卖盘
996,14:56:58,39.5,0.0,2,7900,买盘
997,15:00:05,39.66,0.16,79,313314,卖盘
