,time,price,change,volume,amount,type
0,09:25:05,41.98,-0.13,10,41980,卖盘
1,09:30:07,41.82,-0.16,7,29275,卖盘
2,09:30:22,41.82,0.0,3,12546,卖盘
3,09:30:25,41.8,-0.02,4,16721,卖盘
4,09:30:31,41.7,-0.1,3,12510,卖盘
5,09:30:49,41.7,0.0,7,29186,买盘
6,09:30:52,41.7,0.0,1,4170,买盘
7,09:30:55,41.7,0.0,4,16677,买盘
8,09:30:58,41.7,0.0,7,29194,买盘
9,09:31:01,41.7,0.0,2,8344,卖盘
10,09:31:04,41.78,0.08,1,4178,买盘
11,09:31:07,41.68,-0.1,14,58378,卖盘
12,09:31:10,41.68,0.0,3,12504,买盘
13,09:31:13,41.68,0.0,2,8336,买盘
14,09:31:16,41.67,-0.01,1,4167,卖盘
15,09:31:19,41.67,0.0,1,4167,卖盘
16,09:31:22,41.68,0.01,5,20839,买盘
17,09:31:25,41.67,-0.01,2,8334,卖盘
18,09:31:28,41.67,0.0,5,20835,卖盘
19,09:31:31,41.67,0.0,4,16668,买盘
20,09:31:34,41.67,0.0,2,8334,买盘
21,09:31:40,41.66,-0.01,17,70834,卖盘
22,09:31:43,41.66,0.0,4,16664,卖盘
23,09:31:46,41.68,0.02,8,33336,买盘
24,09:31:49,41.65,-0.03,1,4165,卖盘
25,09:31:52,41.66,0.01,5,20828,买盘
26,09:31:55,41.66,0.0,3,12498,买盘
27,09:31:58,41.66,0.0,1,4166,买盘
28,09:32:01,41.65,-0.01,20,83301,卖盘
29,09:32:10,41.55,-0.1,2,8310,卖盘
30,09:32:13,41.56,0.01,3,12468,中性盘
31,09:32:16,41.64,0.08,12,49948,买盘
32,09:32:31,41.61,-0.03,3,12482,买盘
33,09:32:37,41.6,-0.01,6,24967,卖盘
34,09:32:40,41.6,0.0,2,8320,买盘
35,09:32:46,41.57,-0.03,1,4157,卖盘
36,09:32:49,41.59,0.02,2,8317,中性盘
37,09:32:52,41.58,-0.01,1,4158,卖盘
38,09:32:55,41.6,0.02,1,4160,买盘
39,09:32:58,41.6,0.0,7,29108,买盘
40,09:33:01,41.6,0.0,2,8319,买盘
41,09:33:04,41.57,-0.03,2,8314,卖盘
42,09:33:07,41.56,-0.01,13,54037,卖盘
43,09:33:16,41.56,0.0,2,8312,卖盘
44,09:33:19,41.6,0.04,3,12478,买盘
45,09:33:22,41.57,-0.03,3,12481,中性盘
46,09:33:25,41.58,0.01,2,8316,中性盘
47,09:33:43,41.59,0.01,1,4159,卖盘
48,09:33:46,41.6,0.01,10,41599,买盘
49,09:33:49,41.6,0.0,6,24957,买盘
50,09:33:55,41.6,0.0,8,33280,买盘
51,09:34:13,41.6,0.0,1,4160,卖盘
52,09:34:19,41.59,-0.01,10,41599,卖盘
53,09:34:25,41.6,0.01,2,8320,买盘
54,09:34:28,41.59,-0.01,1,4159,卖盘
55,09:34:31,41.6,0.01,16,66559,买盘
56,09:34:43,41.58,-0.02,5,20794,卖盘
57,09:34:52,41.59,0.01,2,8318,买盘
58,09:34:55,41.6,0.01,3,12480,买盘
59,09:35:01,41.58,-0.02,25,103955,卖盘
60,09:35:07,41.59,0.01,2,8318,中性盘
61,09:35:10,41.59,0.0,3,12478,卖盘
62,09:35:13,41.59,0.0,10,41590,卖盘
63,09:35:16,41.6,0.01,6,24955,买盘
64,09:35:19,41.57,-0.03,19,78997,卖盘
65,09:35:22,41.55,-0.02,20,83118,卖盘
66,09:35:25,41.53,-0.02,41,170322,卖盘
67,09:35:28,41.51,-0.02,14,58130,卖盘
68,09:35:31,41.51,0.0,2,8302,卖盘
69,09:35:34,41.51,0.0,10,41510,卖盘
70,09:35:37,41.48,-0.03,24,99579,卖盘
71,09:35:40,41.45,-0.03,30,124366,卖盘
72,09:35:43,41.39,-0.06,3,12419,卖盘
73,09:35:46,41.3,-0.09,9,37195,卖盘
74,09:35:49,41.32,0.02,2,8262,中性盘
75,09:35:52,41.25,-0.07,20,82566,卖盘
76,09:35:58,41.21,-0.04,1,4121,卖盘
77,09:36:04,41.21,0.0,8,32968,卖盘
78,09:36:07,41.2,-0.01,36,148356,卖盘
79,09:36:10,41.22,0.02,5,20610,买盘
80,09:36:13,41.2,-0.02,4,16486,卖盘
81,09:36:16,41.22,0.02,5,20602,中性盘
82,09:36:19,41.25,0.03,3,12375,买盘
83,09:36:25,41.24,-0.01,5,20612,买盘
84,09:36:28,41.22,-0.02,5,20616,卖盘
85,09:36:31,41.25,0.03,18,74208,买盘
86,09:36:34,41.23,-0.02,6,24738,卖盘
87,09:36:37,41.24,0.01,5,20620,买盘
88,09:36:40,41.21,-0.03,11,45335,卖盘
89,09:36:46,41.24,0.03,8,32992,买盘
90,09:36:49,41.24,0.0,3,12372,卖盘
91,09:36:55,41.24,0.0,1,4124,卖盘
92,09:37:01,41.25,0.01,3,12373,中性盘
93,09:37:04,41.24,-0.01,16,65989,卖盘
94,09:37:07,41.27,0.03,2,8254,买盘
95,09:37:10,41.3,0.03,17,70207,买盘
96,09:37:13,41.3,0.0,1,4130,买盘
97,09:37:16,41.3,0.0,2,8260,卖盘
98,09:37:25,41.31,0.01,2,8261,中性盘
99,09:37:31,41.39,0.08,6,24787,买盘
100,09:37:34,41.39,0.0,5,20695,卖盘
101,09:37:40,41.4,0.01,2,8280,买盘
102,09:37:43,41.39,-0.01,5,20695,卖盘
103,09:37:46,41.39,0.0,2,8278,卖盘
104,09:37:49,41.4,0.01,8,33117,买盘
105,09:37:58,41.4,0.0,1,4140,卖盘
106,09:38:01,41.4,0.0,3,12420,卖盘
107,09:38:04,41.4,0.0,3,12420,卖盘
108,09:38:10,41.44,0.04,2,8288,买盘
109,09:38:16,41.41,-0.03,2,8282,卖盘
110,09:38:19,41.41,0.0,3,12423,卖盘
111,09:38:22,41.54,0.13,9,37305,买盘
112,09:38:25,41.54,0.0,3,12462,卖盘
113,09:38:28,41.54,0.0,6,24924,卖盘
114,09:38:40,41.47,-0.07,1,4147,买盘
115,09:38:46,41.41,-0.06,2,8282,卖盘
116,09:38:49,41.41,0.0,1,4141,卖盘
117,09:38:52,41.41,0.0,1,4141,卖盘
118,09:38:58,41.4,-0.01,1,4140,卖盘
119,09:39:01,41.41,0.01,4,16563,买盘
120,09:39:04,41.4,-0.01,22,91090,卖盘
121,09:39:10,41.4,0.0,3,12420,买盘
122,09:39:13,41.39,-0.01,6,24834,卖盘
123,09:39:19,41.39,0.0,7,28973,卖盘
124,09:39:25,41.4,0.01,5,20700,买盘
125,09:39:28,41.39,-0.01,3,12418,卖盘
126,09:39:31,41.39,0.0,2,8278,卖盘
127,09:39:34,41.4,0.01,2,8279,买盘
128,09:39:37,41.42,0.02,6,24846,买盘
129,09:39:40,41.39,-0.03,8,33127,卖盘
130,09:39:49,41.39,0.0,3,12411,买盘
131,09:39:52,41.33,-0.06,1,4133,卖盘
132,09:40:01,41.32,-0.01,6,24792,卖盘
133,09:40:13,41.35,0.03,1,4135,中性盘
134,09:40:19,41.33,-0.02,6,24804,卖盘
135,09:40:22,41.39,0.06,8,33103,买盘
136,09:40:25,41.35,-0.04,3,12403,中性盘
137,09:40:31,41.36,0.01,4,16548,卖盘
138,09:40:34,41.54,0.18,19,78681,买盘
139,09:40:58,41.39,-0.15,1,4139,卖盘
140,09:41:01,41.39,0.0,4,16556,卖盘
141,09:41:04,41.39,0.0,1,4139,卖盘
142,09:41:16,41.4,0.01,1,4140,卖盘
143,09:41:22,41.4,0.0,1,4140,卖盘
144,09:41:25,41.4,0.0,1,4140,卖盘
145,09:41:31,41.4,0.0,2,8280,卖盘
146,09:41:40,41.44,0.04,1,4144,买盘
147,09:41:46,41.45,0.01,7,28996,买盘
148,09:41:49,41.41,-0.04,2,8282,卖盘
149,09:41:58,41.45,0.04,10,41450,买盘
150,09:42:01,41.45,0.0,7,29010,买盘
151,09:42:04,41.45,0.0,27,111834,买盘
152,09:42:07,41.45,0.0,14,57986,买盘
153,09:42:13,41.45,0.0,3,12435,买盘
154,09:42:16,41.45,0.0,7,29015,卖盘
155,09:42:22,41.45,0.0,1,4145,卖盘
156,09:42:25,41.51,0.06,32,132822,买盘
157,09:42:28,41.51,0.0,10,41510,卖盘
158,09:42:31,41.51,0.0,10,41510,卖盘
159,09:42:34,41.52,0.01,3,12456,买盘
160,09:42:37,41.52,0.0,7,29064,买盘
161,09:42:40,41.52,0.0,8,33216,买盘
162,09:42:43,41.51,-0.01,50,207554,卖盘
163,09:42:46,41.52,0.01,6,24912,中性盘
164,09:42:49,41.52,0.0,12,49817,买盘
165,09:42:52,41.51,-0.01,11,45662,卖盘
166,09:42:55,41.52,0.01,2,8304,买盘
167,09:42:58,41.52,0.0,1,4152,买盘
168,09:43:01,41.52,0.0,8,33216,卖盘
169,09:43:04,41.52,0.0,2,8304,买盘
170,09:43:10,41.52,0.0,3,12456,买盘
171,09:43:13,41.52,0.0,1,4152,卖盘
172,09:43:16,41.52,0.0,6,24912,卖盘
173,09:43:19,41.52,0.0,1,4152,买盘
174,09:43:28,41.51,-0.01,1,4151,卖盘
175,09:43:34,41.52,0.01,1,4152,买盘
176,09:43:37,41.51,-0.01,2,8302,卖盘
177,09:43:40,41.52,0.01,5,20760,买盘
178,09:43:43,41.51,-0.01,10,41510,卖盘
179,09:43:49,41.52,0.01,10,41520,买盘
180,09:43:52,41.52,0.0,1,4152,卖盘
181,09:43:58,41.51,-0.01,11,45664,卖盘
182,09:44:01,41.51,0.0,10,41510,卖盘
183,09:44:04,41.53,0.02,10,41530,买盘
184,09:44:25,41.53,0.0,37,153640,买盘
185,09:44:28,41.53,0.0,2,8306,卖盘
186,09:44:31,41.55,0.02,20,83079,买盘
187,09:44:34,41.58,0.03,5,20776,买盘
188,09:44:37,41.59,0.01,2,8318,买盘
189,09:44:55,41.54,-0.05,4,16623,卖盘
190,09:44:58,41.53,-0.01,1,4153,买盘
191,09:45:16,41.53,0.0,15,62312,卖盘
192,09:45:28,41.54,0.01,1,4154,卖盘
193,09:45:40,41.56,0.02,9,37402,买盘
194,09:45:43,41.56,0.0,2,8312,卖盘
195,09:45:46,41.57,0.01,1,4157,买盘
196,09:45:49,41.54,-0.03,7,29086,卖盘
197,09:45:55,41.56,0.02,41,170227,中性盘
198,09:46:19,41.53,-0.03,1,4153,卖盘
199,09:46:22,41.53,0.0,1,4153,卖盘
200,09:46:28,41.55,0.02,1,4155,买盘
201,09:46:34,41.53,-0.02,3,12459,卖盘
202,09:46:49,41.51,-0.02,2,8304,卖盘
203,09:46:52,41.51,0.0,1,4151,卖盘
204,09:46:55,41.53,0.02,15,64205,买盘
205,09:46:58,41.53,0.0,18,72823,卖盘
206,09:47:01,41.53,0.0,1,4153,买盘
207,09:47:04,41.53,0.0,10,41524,买盘
208,09:47:07,41.53,0.0,3,12459,买盘
209,09:47:10,41.51,-0.02,10,41510,卖盘
210,09:47:13,41.55,0.04,4,16617,买盘
211,09:47:19,41.53,-0.02,1,4153,买盘
212,09:47:22,41.51,-0.02,2,8304,卖盘
213,09:47:25,41.53,0.02,1,4153,买盘
214,09:47:28,41.53,0.0,2,8306,买盘
215,09:47:31,41.52,-0.01,9,39296,卖盘
216,09:47:34,41.56,0.04,1,4156,买盘
217,09:47:37,41.53,-0.03,7,29074,卖盘
218,09:47:52,41.57,0.04,11,45727,买盘
219,09:47:58,41.57,0.0,1,4157,卖盘
220,09:48:01,41.57,0.0,1,4157,卖盘
221,09:48:22,41.54,-0.03,2,8308,卖盘
222,09:48:31,41.53,-0.01,2,8307,卖盘
223,09:49:01,41.56,0.03,1,4156,卖盘
224,09:49:07,41.56,0.0,2,8312,卖盘
225,09:49:10,41.69,0.13,24,100037,买盘
226,09:49:16,41.7,0.01,75,312750,卖盘
227,09:49:19,41.7,0.0,1,4170,卖盘
228,09:49:22,41.7,0.0,1,4170,卖盘
229,09:49:37,41.71,0.01,5,20855,卖盘
230,09:49:52,41.7,-0.01,42,175133,卖盘
231,09:50:04,41.69,-0.01,3,12501,买盘
232,09:50:07,41.7,0.01,56,233480,买盘
233,09:50:10,41.7,0.0,3,12510,卖盘
234,09:50:16,41.7,0.0,1,4170,卖盘
235,09:50:19,41.7,0.0,2,8340,卖盘
236,09:50:31,41.71,0.01,2,8342,买盘
237,09:50:43,41.7,-0.01,51,212670,卖盘
238,09:50:52,41.7,0.0,10,41700,卖盘
239,09:50:55,41.66,-0.04,3,12506,卖盘
240,09:51:16,41.66,0.0,1,4166,卖盘
241,09:51:19,41.66,0.0,1,4166,卖盘
242,09:51:40,41.59,-0.07,1,4159,卖盘
243,09:51:46,41.59,0.0,2,8318,卖盘
244,09:52:13,41.6,0.01,1,4160,卖盘
245,09:52:16,41.6,0.0,1,4160,卖盘
246,09:52:19,41.6,0.0,4,16640,卖盘
247,09:52:22,41.66,0.06,32,133306,买盘
248,09:52:43,41.66,0.0,3,12499,卖盘
249,09:52:55,41.67,0.01,2,8334,买盘
250,09:52:58,41.66,-0.01,3,12498,卖盘
251,09:53:01,41.66,0.0,20,83320,卖盘
252,09:53:04,41.67,0.01,20,83340,买盘
253,09:53:07,41.67,0.0,9,37503,买盘
254,09:53:16,41.67,0.0,3,12501,卖盘
255,09:53:19,41.66,-0.01,10,41669,卖盘
256,09:53:31,41.66,0.0,9,37494,卖盘
257,09:53:43,41.59,-0.07,3,12479,卖盘
258,09:53:49,41.6,0.01,1,4160,卖盘
259,09:53:55,41.6,0.0,1,4160,卖盘
260,09:54:04,41.6,0.0,2,8320,卖盘
261,09:54:13,41.59,-0.01,10,41596,卖盘
262,09:54:19,41.59,0.0,2,8318,卖盘
263,09:54:31,41.6,0.01,7,29120,卖盘
264,09:54:40,41.64,0.04,4,16656,买盘
265,09:54:43,41.6,-0.04,2,8320,卖盘
266,09:54:49,41.6,0.0,1,4160,卖盘
267,09:55:25,41.61,0.01,1,4161,卖盘
268,09:55:28,41.61,0.0,1,4161,卖盘
269,09:55:46,41.6,-0.01,3,12480,卖盘
270,09:55:49,41.6,0.0,3,12480,卖盘
271,09:56:01,41.6,0.0,8,33280,卖盘
272,09:56:13,41.59,-0.01,2,8318,卖盘
273,09:56:16,41.59,0.0,3,12477,卖盘
274,09:56:25,41.59,0.0,35,145565,卖盘
275,09:56:31,41.59,0.0,3,12477,卖盘
276,09:56:40,41.59,0.0,25,103975,卖盘
277,09:56:46,41.59,0.0,3,12477,卖盘
278,09:56:49,41.6,0.01,2,8319,买盘
279,09:56:52,41.59,-0.01,2,8318,卖盘
280,09:57:01,41.59,0.0,23,95657,卖盘
281,09:57:04,41.59,0.0,20,83180,卖盘
282,09:57:25,41.56,-0.03,2,8313,卖盘
283,09:57:37,41.51,-0.05,60,249132,卖盘
284,09:57:46,41.51,0.0,2,8302,卖盘
285,09:57:49,41.51,0.0,3,12453,卖盘
286,09:58:01,41.52,0.01,2,8304,卖盘
287,09:58:13,41.51,-0.01,195,809448,卖盘
288,09:58:16,41.52,0.01,1,4152,中性盘
289,09:58:31,41.52,0.0,4,16608,卖盘
290,09:58:46,41.52,0.0,4,16608,卖盘
291,09:58:52,41.53,0.01,2,8306,中性盘
292,09:59:10,41.53,0.0,1,4153,卖盘
293,09:59:16,41.53,0.0,2,8306,卖盘
294,09:59:31,41.53,0.0,3,12459,卖盘
295,09:59:45,41.54,0.01,1,4154,卖盘
296,09:59:49,41.54,0.0,2,8308,卖盘
297,09:59:58,41.54,0.0,1,4154,卖盘
298,10:00:01,41.54,0.0,10,41550,卖盘
299,10:00:07,41.54,0.0,3,12462,卖盘
300,10:00:16,41.54,0.0,1,4154,卖盘
301,10:00:22,41.54,0.0,1,4154,卖盘
302,10:00:25,41.54,0.0,1,4154,卖盘
303,10:00:28,41.53,-0.01,12,49836,卖盘
304,10:00:31,41.53,0.0,7,29071,买盘
305,10:00:34,41.53,0.0,9,37377,买盘
306,10:00:40,41.54,0.01,1,4154,卖盘
307,10:01:01,41.53,-0.01,4,16614,卖盘
308,10:01:15,41.53,0.0,8,33224,卖盘
309,10:01:19,41.55,0.02,1,4155,买盘
310,10:01:22,41.55,0.0,1,4155,买盘
311,10:01:25,41.55,0.0,1,4155,买盘
312,10:01:28,41.56,0.01,4,16624,买盘
313,10:01:31,41.55,-0.01,6,24930,中性盘
314,10:01:34,41.56,0.01,7,29086,买盘
315,10:01:37,41.57,0.01,5,20785,买盘
316,10:01:40,41.58,0.01,6,24948,买盘
317,10:01:43,41.59,0.01,9,37431,买盘
318,10:02:01,41.56,-0.03,2,8312,卖盘
319,10:02:04,41.58,0.02,37,153846,买盘
320,10:02:13,41.59,0.01,3,12477,买盘
321,10:02:19,41.59,0.0,10,41590,买盘
322,10:02:22,41.59,0.0,2,8318,买盘
323,10:02:28,41.59,0.0,4,16636,买盘
324,10:02:31,41.59,0.0,9,37431,卖盘
325,10:02:40,41.6,0.01,3,12480,买盘
326,10:02:43,41.6,0.0,17,70725,卖盘
327,10:03:13,41.63,0.03,15,62445,买盘
328,10:03:16,41.63,0.0,1,4163,买盘
329,10:03:25,41.63,0.0,3,12490,卖盘
330,10:03:31,41.63,0.0,2,8326,卖盘
331,10:03:34,41.64,0.01,10,41636,买盘
332,10:03:49,41.66,0.02,34,141605,买盘
333,10:04:10,41.68,0.02,3,12504,买盘
334,10:04:13,41.68,0.0,1,4168,买盘
335,10:04:31,41.61,-0.07,25,104161,卖盘
336,10:04:52,41.67,0.06,12,50004,卖盘
337,10:05:10,41.65,-0.02,5,20825,卖盘
338,10:05:16,41.62,-0.03,3,12486,卖盘
339,10:05:28,41.65,0.03,5,20825,买盘
340,10:05:34,41.62,-0.03,2,8324,卖盘
341,10:05:52,41.61,-0.01,6,24966,卖盘
342,10:05:58,41.6,-0.01,33,137280,卖盘
343,10:06:19,41.55,-0.05,3,12469,卖盘
344,10:06:49,41.54,-0.01,3,12462,卖盘
345,10:06:55,41.54,0.0,8,33232,卖盘
346,10:06:58,41.53,-0.01,3,12459,卖盘
347,10:07:01,41.53,0.0,30,124590,卖盘
348,10:07:07,41.53,0.0,2,8306,卖盘
349,10:07:16,41.53,0.0,3,12459,卖盘
350,10:07:31,41.5,-0.03,65,269779,卖盘
351,10:07:46,41.42,-0.08,4,16577,卖盘
352,10:07:58,41.42,0.0,5,20712,卖盘
353,10:08:07,41.41,-0.01,24,99384,卖盘
354,10:08:13,41.4,-0.01,2,8280,卖盘
355,10:08:16,41.41,0.01,2,8282,中性盘
356,10:08:22,41.4,-0.01,3,12420,卖盘
357,10:08:24,41.41,0.01,15,62112,买盘
358,10:08:27,41.39,-0.02,9,37252,卖盘
359,10:08:33,41.39,0.0,10,41390,买盘
360,10:08:46,41.37,-0.02,3,12411,卖盘
361,10:08:49,41.37,0.0,7,28959,卖盘
362,10:08:51,41.39,0.02,4,16554,买盘
363,10:08:55,41.38,-0.01,9,37242,卖盘
364,10:08:58,41.32,-0.06,27,111649,卖盘
365,10:09:13,41.39,0.07,1,4139,买盘
366,10:09:16,41.37,-0.02,1,4137,卖盘
367,10:09:28,41.37,0.0,2,8274,买盘
368,10:09:31,41.37,0.0,5,20685,卖盘
369,10:09:37,41.34,-0.03,3,12402,卖盘
370,10:09:40,41.37,0.03,1,4137,买盘
371,10:09:43,41.38,0.01,10,41373,买盘
372,10:09:46,41.38,0.0,1,4138,卖盘
373,10:09:58,41.37,-0.01,56,231498,买盘
374,10:10:01,41.37,0.0,15,62055,买盘
375,10:10:04,41.37,0.0,2,8274,卖盘
376,10:10:10,41.37,0.0,3,12411,卖盘
377,10:10:13,41.39,0.02,3,12417,买盘
378,10:10:16,41.37,-0.02,1,4137,卖盘
379,10:10:19,41.37,0.0,4,16548,卖盘
380,10:10:25,41.37,0.0,1,4137,卖盘
381,10:10:28,41.37,0.0,2,8274,卖盘
382,10:10:31,41.37,0.0,1,4137,卖盘
383,10:10:34,41.37,0.0,24,99288,卖盘
384,10:10:40,41.37,0.0,1,4137,卖盘
385,10:10:43,41.37,0.0,1,4137,卖盘
386,10:10:46,41.38,0.01,5,20690,买盘
387,10:11:01,41.37,-0.01,10,41370,卖盘
388,10:11:04,41.37,0.0,3,12411,卖盘
389,10:11:07,41.37,0.0,5,20685,卖盘
390,10:11:10,41.33,-0.04,36,148927,卖盘
391,10:11:13,41.38,0.05,2,8276,买盘
392,10:11:25,41.37,-0.01,2,8274,买盘
393,10:11:34,41.33,-0.04,3,12399,卖盘
394,10:11:40,41.32,-0.01,23,95050,卖盘
395,10:11:49,41.32,0.0,6,24792,卖盘
396,10:11:52,41.31,-0.01,2,8262,卖盘
397,10:11:55,41.3,-0.01,11,45439,卖盘
398,10:12:01,41.3,0.0,9,37172,卖盘
399,10:12:04,41.28,-0.02,22,90844,卖盘
400,10:12:07,41.28,0.0,17,70232,卖盘
401,10:12:16,41.3,0.02,1,4130,买盘
402,10:12:28,41.28,-0.02,1,4128,卖盘
403,10:12:49,41.31,0.03,1,4131,买盘
404,10:12:55,41.3,-0.01,4,16520,买盘
405,10:13:18,41.29,-0.01,1,4129,卖盘
406,10:13:22,41.29,0.0,1,4129,卖盘
407,10:13:31,41.29,0.0,1,4129,卖盘
408,10:13:46,41.3,0.01,10,41300,买盘
409,10:13:49,41.3,0.0,9,37170,买盘
410,10:13:55,41.3,0.0,17,70210,买盘
411,10:13:58,41.29,-0.01,7,28908,卖盘
412,10:14:10,41.3,0.01,2,8260,买盘
413,10:14:13,41.3,0.0,1,4130,买盘
414,10:14:16,41.3,0.0,3,12390,卖盘
415,10:14:33,41.31,0.01,16,66096,买盘
416,10:14:40,41.31,0.0,4,16524,买盘
417,10:14:49,41.31,0.0,5,20655,卖盘
418,10:15:01,41.28,-0.03,62,255960,卖盘
419,10:15:04,41.28,0.0,1,4128,买盘
420,10:15:10,41.32,0.04,38,156936,买盘
421,10:15:22,41.37,0.05,2,8274,买盘
422,10:15:31,41.37,0.0,15,62029,买盘
423,10:15:33,41.37,0.0,2,8274,买盘
424,10:15:52,41.38,0.01,5,20690,买盘
425,10:15:55,41.32,-0.06,5,20667,卖盘
426,10:16:27,41.32,0.0,20,82640,卖盘
427,10:17:52,41.34,0.02,1,4134,卖盘
428,10:18:28,41.34,0.0,14,57876,买盘
429,10:18:31,41.34,0.0,5,20670,卖盘
430,10:18:52,41.34,0.0,5,20670,卖盘
431,10:18:55,41.34,0.0,1,4134,卖盘
432,10:19:34,41.32,-0.02,17,70264,卖盘
433,10:19:46,41.28,-0.04,1,4128,卖盘
434,10:20:04,41.25,-0.03,19,78400,卖盘
435,10:20:16,41.25,0.0,14,57709,中性盘
436,10:20:25,41.2,-0.05,26,107132,卖盘
437,10:20:28,41.2,0.0,10,41200,买盘
438,10:20:31,41.2,0.0,7,28840,买盘
439,10:20:34,41.18,-0.02,9,37062,卖盘
440,10:20:37,41.14,-0.04,10,41155,卖盘
441,10:20:40,41.14,0.0,3,12342,卖盘
442,10:20:46,41.12,-0.02,14,57587,卖盘
443,10:20:49,41.11,-0.01,15,61669,卖盘
444,10:20:52,41.11,0.0,24,98664,卖盘
445,10:20:55,41.11,0.0,1,4111,卖盘
446,10:20:58,41.09,-0.02,29,119208,卖盘
447,10:21:01,41.05,-0.04,21,86231,卖盘
448,10:21:07,41.1,0.05,1,4110,买盘
449,10:21:13,41.01,-0.09,47,192825,卖盘
450,10:21:22,41.0,-0.01,100,410048,卖盘
451,10:21:25,41.05,0.05,51,209237,买盘
452,10:21:28,41.05,0.0,16,65684,卖盘
453,10:21:31,40.98,-0.07,22,90220,卖盘
454,10:21:34,40.98,0.0,1,4098,卖盘
455,10:21:37,41.0,0.02,14,57400,买盘
456,10:21:40,41.0,0.0,1,4100,买盘
457,10:21:46,40.99,-0.01,3,12297,中性盘
458,10:21:49,40.9,-0.09,38,155620,卖盘
459,10:21:52,40.9,0.0,4,16360,买盘
460,10:21:55,40.9,0.0,3,12270,买盘
461,10:21:58,40.89,-0.01,15,61340,卖盘
462,10:22:01,40.9,0.01,5,20446,买盘
463,10:22:04,40.9,0.0,24,98160,买盘
464,10:22:07,40.9,0.0,2,8180,买盘
465,10:22:13,40.89,-0.01,1,4089,卖盘
466,10:22:16,40.89,0.0,26,106333,中性盘
467,10:22:19,40.89,0.0,8,32712,买盘
468,10:22:22,40.9,0.01,33,134860,买盘
469,10:22:25,40.9,0.0,1,4090,买盘
470,10:22:31,40.9,0.0,6,24564,卖盘
471,10:22:49,40.98,0.08,6,24588,卖盘
472,10:22:52,40.98,0.0,9,36882,买盘
473,10:23:01,40.91,-0.07,9,36819,卖盘
474,10:23:07,40.98,0.07,2,8196,买盘
475,10:23:10,40.98,0.0,3,12294,买盘
476,10:23:37,40.98,0.0,3,12294,买盘
477,10:23:43,40.93,-0.05,20,81889,卖盘
478,10:23:46,40.97,0.04,2,8194,买盘
479,10:24:01,40.97,0.0,9,36873,买盘
480,10:24:10,40.97,0.0,3,12291,卖盘
481,10:24:16,40.97,0.0,3,12293,卖盘
482,10:24:19,40.91,-0.06,76,311103,卖盘
483,10:24:25,40.98,0.07,15,61470,买盘
484,10:24:31,40.98,0.0,1,4098,卖盘
485,10:24:40,40.99,0.01,4,16396,买盘
486,10:24:43,40.98,-0.01,7,28687,卖盘
487,10:24:46,40.98,0.0,30,122940,买盘
488,10:24:58,40.96,-0.02,6,24582,卖盘
489,10:25:01,40.98,0.02,3,12294,买盘
490,10:25:10,40.98,0.0,11,45078,卖盘
491,10:25:25,40.98,0.0,19,77871,卖盘
492,10:25:34,40.99,0.01,1,4099,买盘
493,10:25:55,41.0,0.01,5,20500,买盘
494,10:25:58,40.99,-0.01,37,151682,卖盘
495,10:26:01,40.99,0.0,3,12297,买盘
496,10:26:10,40.99,0.0,5,20495,买盘
497,10:26:16,40.98,-0.01,10,40980,卖盘
498,10:26:25,40.99,0.01,38,155752,买盘
499,10:26:46,40.97,-0.02,3,12293,卖盘
500,10:26:49,40.98,0.01,5,20490,买盘
501,10:27:07,40.98,0.0,10,40980,买盘
502,10:27:10,40.97,-0.01,1,4097,卖盘
503,10:27:13,40.98,0.01,7,28685,买盘
504,10:27:24,40.97,-0.01,2,8194,卖盘
505,10:27:34,40.97,0.0,2,8194,卖盘
506,10:27:43,40.96,-0.01,9,36864,卖盘
507,10:27:49,40.91,-0.05,47,192371,卖盘
508,10:27:52,40.96,0.05,5,20480,买盘
509,10:27:58,40.94,-0.02,2,8188,卖盘
510,10:28:01,40.9,-0.04,108,441733,卖盘
511,10:28:04,40.9,0.0,5,20450,买盘
512,10:28:10,40.9,0.0,1,4090,买盘
513,10:28:16,40.9,0.0,10,40900,买盘
514,10:28:22,40.83,-0.07,95,388101,卖盘
515,10:28:30,40.83,0.0,10,40830,卖盘
516,10:28:40,40.83,0.0,4,16333,卖盘
517,10:28:49,40.8,-0.03,49,199983,卖盘
518,10:28:55,40.8,0.0,57,232566,卖盘
519,10:28:58,40.8,0.0,4,16320,买盘
520,10:29:04,40.8,0.0,10,40810,卖盘
521,10:29:10,40.79,-0.01,5,20395,卖盘
522,10:29:16,40.78,-0.01,6,24473,卖盘
523,10:29:19,40.79,0.01,1,4079,买盘
524,10:29:22,40.79,0.0,4,16316,卖盘
525,10:29:28,40.75,-0.04,20,81531,卖盘
526,10:29:31,40.8,0.05,1,4080,买盘
527,10:29:34,40.77,-0.03,1,4077,卖盘
528,10:29:37,40.77,0.0,9,36707,卖盘
529,10:29:40,40.79,0.02,3,12235,买盘
530,10:29:46,40.77,-0.02,9,36693,卖盘
531,10:29:49,40.79,0.02,11,44867,买盘
532,10:29:51,40.8,0.01,1,4080,买盘
533,10:29:58,40.8,0.0,5,20396,买盘
534,10:30:01,40.8,0.0,10,40800,买盘
535,10:30:04,40.79,-0.01,21,85673,卖盘
536,10:30:06,40.79,0.0,8,32632,买盘
537,10:30:30,40.83,0.04,8,32664,买盘
538,10:30:34,40.83,0.0,1,4083,买盘
539,10:30:43,40.82,-0.01,1,4082,中性盘
540,10:30:46,40.83,0.01,2,8166,买盘
541,10:30:49,40.83,0.0,2,8166,买盘
542,10:30:55,40.83,0.0,12,48991,买盘
543,10:30:57,40.83,0.0,3,12247,买盘
544,10:31:04,40.82,-0.01,1,4082,买盘
545,10:31:10,40.81,-0.01,22,89787,卖盘
546,10:31:13,40.82,0.01,8,32656,买盘
547,10:31:16,40.81,-0.01,7,28571,卖盘
548,10:31:21,40.81,0.0,1,4081,买盘
549,10:31:31,40.81,0.0,25,102025,买盘
550,10:31:34,40.82,0.01,10,40820,卖盘
551,10:31:43,40.82,0.0,20,81640,卖盘
552,10:31:52,40.82,0.0,4,16328,卖盘
553,10:32:04,40.82,0.0,17,69394,买盘
554,10:32:07,40.82,0.0,3,12246,买盘
555,10:32:10,40.83,0.01,6,24498,买盘
556,10:32:12,40.8,-0.03,18,73484,卖盘
557,10:32:16,40.83,0.03,2,8166,中性盘
558,10:32:19,40.83,0.0,8,32664,卖盘
559,10:32:25,40.79,-0.04,25,101990,卖盘
560,10:32:28,40.83,0.04,9,36747,买盘
561,10:32:42,40.83,0.0,15,61245,买盘
562,10:32:45,40.8,-0.03,4,16320,卖盘
563,10:32:48,40.83,0.03,7,28581,买盘
564,10:32:58,40.83,0.0,16,65308,买盘
565,10:33:01,40.83,0.0,3,12249,卖盘
566,10:33:16,40.83,0.0,1,4083,卖盘
567,10:33:28,40.8,-0.03,62,253088,卖盘
568,10:33:31,40.8,0.0,40,163200,买盘
569,10:33:34,40.8,0.0,11,44872,买盘
570,10:33:39,40.79,-0.01,46,187673,卖盘
571,10:33:49,40.79,0.0,1,4079,买盘
572,10:33:52,40.79,0.0,46,187634,买盘
573,10:33:55,40.79,0.0,1,4079,买盘
574,10:34:13,40.79,0.0,2,8158,买盘
575,10:34:16,40.79,0.0,60,244709,买盘
576,10:34:18,40.79,0.0,10,40790,买盘
577,10:34:22,40.79,0.0,45,183555,卖盘
578,10:34:25,40.76,-0.03,73,297602,卖盘
579,10:34:28,40.76,0.0,5,20380,买盘
580,10:34:30,40.79,0.03,10,40781,买盘
581,10:34:33,40.79,0.0,4,16314,买盘
582,10:34:37,40.71,-0.08,80,326110,卖盘
583,10:34:40,40.78,0.07,1,4078,中性盘
584,10:34:43,40.78,0.0,64,261095,卖盘
585,10:34:46,40.78,0.0,3,12234,卖盘
586,10:34:49,40.76,-0.02,1,4076,中性盘
587,10:34:52,40.71,-0.05,1,4071,卖盘
588,10:34:55,40.7,-0.01,40,162830,卖盘
589,10:34:58,40.7,0.0,5,20350,买盘
590,10:35:01,40.79,0.09,1,4079,买盘
591,10:35:19,40.71,-0.08,1,4071,卖盘
592,10:35:22,40.71,0.0,5,20355,卖盘
593,10:35:25,40.71,0.0,27,109920,卖盘
594,10:35:28,40.7,-0.01,5,20353,卖盘
595,10:35:31,40.68,-0.02,3,12205,卖盘
596,10:35:34,40.71,0.03,4,16282,买盘
597,10:35:40,40.68,-0.03,3,12206,卖盘
598,10:35:43,40.69,0.01,2,8138,中性盘
599,10:35:46,40.68,-0.01,3,12204,卖盘
600,10:35:49,40.66,-0.02,42,170836,卖盘
601,10:35:52,40.66,0.0,2,8132,买盘
602,10:35:55,40.65,-0.01,6,24393,卖盘
603,10:36:01,40.65,0.0,5,20325,卖盘
604,10:36:10,40.65,0.0,2,8130,卖盘
605,10:36:19,40.66,0.01,39,158519,买盘
606,10:36:31,40.6,-0.06,23,93383,卖盘
607,10:36:34,40.6,0.0,5,20300,买盘
608,10:36:37,40.6,0.0,15,60900,买盘
609,10:36:40,40.6,0.0,3,12180,买盘
610,10:36:43,40.59,-0.01,1,4059,卖盘
611,10:36:46,40.57,-0.02,4,16228,卖盘
612,10:36:49,40.58,0.01,2,8116,买盘
613,10:36:52,40.58,0.0,1,4058,买盘
614,10:36:55,40.57,-0.01,3,12171,卖盘
615,10:37:01,40.57,0.0,1,4057,买盘
616,10:37:04,40.57,0.0,3,12171,买盘
617,10:37:16,40.56,-0.01,4,16224,卖盘
618,10:37:19,40.55,-0.01,6,24331,卖盘
619,10:37:22,40.56,0.01,5,20280,买盘
620,10:37:25,40.56,0.0,5,20280,买盘
621,10:37:31,40.56,0.0,5,20280,买盘
622,10:37:34,40.55,-0.01,5,20278,卖盘
623,10:37:46,40.55,0.0,6,24332,卖盘
624,10:37:49,40.56,0.01,56,227031,买盘
625,10:37:55,40.56,0.0,3,12168,卖盘
626,10:37:58,40.56,0.0,1,4056,卖盘
627,10:38:01,40.57,0.01,3,12169,买盘
628,10:38:04,40.57,0.0,6,24342,买盘
629,10:38:07,40.58,0.01,5,20290,买盘
630,10:38:10,40.58,0.0,9,36519,买盘
631,10:38:13,40.59,0.01,3,12176,买盘
632,10:38:16,40.57,-0.02,8,32465,卖盘
633,10:38:22,40.58,0.01,12,48696,卖盘
634,10:38:28,40.59,0.01,5,20292,买盘
635,10:38:34,40.6,0.01,3,12180,买盘
636,10:38:40,40.6,0.0,5,20300,买盘
637,10:38:43,40.6,0.0,26,105560,买盘
638,10:38:46,40.6,0.0,28,113680,买盘
639,10:38:49,40.73,0.13,20,81416,买盘
640,10:39:16,40.71,-0.02,1,4071,中性盘
641,10:39:19,40.61,-0.1,5,20313,卖盘
642,10:39:49,40.7,0.09,4,16280,卖盘
643,10:39:54,40.72,0.02,20,81410,买盘
644,10:40:00,40.7,-0.02,10,40700,卖盘
645,10:40:04,40.72,0.02,19,77368,买盘
646,10:40:06,40.7,-0.02,10,40705,卖盘
647,10:40:09,40.7,0.0,5,20350,卖盘
648,10:40:12,40.73,0.03,1,4073,买盘
649,10:40:16,40.72,-0.01,3,12216,卖盘
650,10:40:19,40.7,-0.02,24,97680,卖盘
651,10:40:25,40.7,0.0,2,8140,卖盘
652,10:40:49,40.64,-0.06,4,16256,卖盘
653,10:40:52,40.7,0.06,2,8140,买盘
654,10:41:19,40.65,-0.05,4,16263,卖盘
655,10:41:22,40.65,0.0,2,8130,卖盘
656,10:41:25,40.66,0.01,29,117913,买盘
657,10:41:39,40.64,-0.02,20,81290,卖盘
658,10:41:55,40.64,0.0,17,69089,卖盘
659,10:41:58,40.66,0.02,11,44706,买盘
660,10:42:04,40.64,-0.02,10,40640,卖盘
661,10:42:10,40.66,0.02,7,28458,买盘
662,10:42:16,40.64,-0.02,11,44704,卖盘
663,10:42:21,40.64,0.0,1,4064,卖盘
664,10:42:25,40.65,0.01,10,40650,买盘
665,10:42:34,40.64,-0.01,5,20320,卖盘
666,10:42:37,40.65,0.01,1,4065,买盘
667,10:42:40,40.61,-0.04,50,203143,卖盘
668,10:42:43,40.65,0.04,1,4065,买盘
669,10:42:58,40.61,-0.04,15,60915,卖盘
670,10:43:04,40.61,0.0,4,16244,卖盘
671,10:43:07,40.6,-0.01,2,8120,卖盘
672,10:43:10,40.63,0.03,1,4063,买盘
673,10:43:13,40.63,0.0,10,40603,买盘
674,10:43:19,40.6,-0.03,3,12180,卖盘
675,10:43:22,40.63,0.03,19,77176,买盘
676,10:43:34,40.63,0.0,13,52819,卖盘
677,10:43:37,40.64,0.01,5,20318,买盘
678,10:43:43,40.57,-0.07,28,113620,卖盘
679,10:43:46,40.57,0.0,6,24342,买盘
680,10:43:49,40.57,0.0,5,20285,买盘
681,10:43:58,40.57,0.0,5,20285,买盘
682,10:44:01,40.57,0.0,2,8114,买盘
683,10:44:04,40.57,0.0,14,56798,买盘
684,10:44:16,40.59,0.02,1,4059,买盘
685,10:44:28,40.58,-0.01,2,8115,买盘
686,10:44:34,40.57,-0.01,4,16228,卖盘
687,10:44:40,40.58,0.01,2,8116,买盘
688,10:44:43,40.57,-0.01,4,16228,卖盘
689,10:44:46,40.58,0.01,2,8116,买盘
690,10:44:55,40.57,-0.01,1,4057,卖盘
691,10:44:58,40.58,0.01,3,12174,买盘
692,10:45:04,40.58,0.0,4,16232,买盘
693,10:45:10,40.58,0.0,1,4058,买盘
694,10:45:13,40.55,-0.03,25,101398,卖盘
695,10:45:22,40.57,0.02,1,4057,买盘
696,10:45:25,40.58,0.01,10,40580,买盘
697,10:45:28,40.58,0.0,1,4058,买盘
698,10:45:31,40.58,0.0,3,12174,卖盘
699,10:45:39,40.59,0.01,4,16236,买盘
700,10:45:43,40.59,0.0,1,4059,卖盘
701,10:45:46,40.59,0.0,25,101493,卖盘
702,10:46:22,40.63,0.04,15,60945,买盘
703,10:46:28,40.55,-0.08,73,296234,卖盘
704,10:46:34,40.64,0.09,10,40637,买盘
705,10:46:40,40.64,0.0,7,28448,买盘
706,10:46:43,40.55,-0.09,70,283886,卖盘
707,10:46:48,40.64,0.09,6,24384,买盘
708,10:46:52,40.56,-0.08,2,8116,卖盘
709,10:46:54,40.6,0.04,1,4060,中性盘
710,10:46:57,40.6,0.0,2,8120,买盘
711,10:47:04,40.6,0.0,3,12180,买盘
712,10:47:13,40.6,0.0,2,8120,买盘
713,10:47:19,40.56,-0.04,3,12169,卖盘
714,10:47:28,40.6,0.04,3,12180,买盘
715,10:47:36,40.6,0.0,4,16240,买盘
716,10:47:43,40.6,0.0,2,8120,买盘
717,10:47:46,40.6,0.0,12,48720,买盘
718,10:47:52,40.63,0.03,3,12189,买盘
719,10:48:00,40.63,0.0,3,12189,买盘
720,10:48:10,40.63,0.0,3,12189,买盘
721,10:48:16,40.63,0.0,2,8126,买盘
722,10:48:19,40.63,0.0,1,4063,买盘
723,10:48:25,40.63,0.0,1,4063,买盘
724,10:48:31,40.6,-0.03,11,44664,卖盘
725,10:48:40,40.6,0.0,4,16240,买盘
726,10:48:43,40.6,0.0,5,20300,买盘
727,10:48:46,40.6,0.0,4,16240,卖盘
728,10:48:58,40.6,0.0,4,16249,卖盘
729,10:49:13,40.63,0.03,2,8126,买盘
730,10:49:22,40.63,0.0,1,4063,买盘
731,10:49:31,40.63,0.0,1,4063,买盘
732,10:49:36,40.63,0.0,2,8126,买盘
733,10:49:43,40.63,0.0,2,8126,买盘
734,10:49:46,40.63,0.0,1,4063,卖盘
735,10:49:55,40.63,0.0,5,20318,卖盘
736,10:50:01,40.64,0.01,6,24384,买盘
737,10:50:10,40.65,0.01,6,24390,买盘
738,10:50:19,40.64,-0.01,14,56900,卖盘
739,10:50:25,40.65,0.01,5,20325,买盘
740,10:50:28,40.66,0.01,11,44725,买盘
741,10:50:43,40.66,0.0,2,8132,买盘
742,10:50:46,40.65,-0.01,4,16262,卖盘
743,10:50:49,40.66,0.01,1,4066,买盘
744,10:50:57,40.69,0.03,3,12207,买盘
745,10:51:04,40.69,0.0,6,24414,买盘
746,10:51:13,40.7,0.01,1,4070,买盘
747,10:51:16,40.69,-0.01,2,8138,卖盘
748,10:51:19,40.72,0.03,16,65145,买盘
749,10:51:22,40.72,0.0,15,61080,卖盘
750,10:51:34,40.72,0.0,15,61080,卖盘
751,10:51:37,40.72,0.0,4,16288,卖盘
752,10:51:40,40.73,0.01,19,77385,买盘
753,10:51:43,40.75,0.02,12,48893,买盘
754,10:51:46,40.76,0.01,3,12228,卖盘
755,10:51:58,40.79,0.03,3,12237,买盘
756,10:52:04,40.79,0.0,4,16316,买盘
757,10:52:12,40.8,0.01,3,12240,买盘
758,10:52:15,40.79,-0.01,2,8158,卖盘
759,10:52:28,40.79,0.0,11,44879,卖盘
760,10:52:30,40.8,0.01,4,16320,买盘
761,10:52:46,40.8,0.0,2,8160,卖盘
762,10:52:48,40.86,0.06,13,53118,买盘
763,10:53:16,40.82,-0.04,10,40852,卖盘
764,10:53:46,40.82,0.0,2,8164,卖盘
765,10:54:16,40.82,0.0,2,8164,卖盘
766,10:54:46,40.83,0.01,1,4083,卖盘
767,10:54:52,40.83,0.0,3,12249,卖盘
768,10:54:58,40.82,-0.01,7,28580,卖盘
769,10:55:01,40.82,0.0,17,69394,卖盘
770,10:55:06,40.8,-0.02,6,24480,卖盘
771,10:55:09,40.8,0.0,3,12240,卖盘
772,10:55:12,40.8,0.0,7,28560,卖盘
773,10:55:16,40.79,-0.01,1,4079,卖盘
774,10:55:19,40.79,0.0,1,4079,卖盘
775,10:55:21,40.76,-0.03,1,4076,卖盘
776,10:55:25,40.76,0.0,1,4076,卖盘
777,10:55:31,40.8,0.04,2,8160,买盘
778,10:55:43,40.77,-0.03,5,20385,卖盘
779,10:55:45,40.77,0.0,2,8154,买盘
780,10:55:48,40.77,0.0,20,81540,买盘
781,10:55:55,40.79,0.02,3,12237,卖盘
782,10:56:31,40.79,0.0,1,4079,卖盘
783,10:56:43,40.76,-0.03,35,142684,卖盘
784,10:56:57,40.8,0.04,1,4080,买盘
785,10:57:48,40.8,0.0,10,40800,买盘
786,10:58:06,40.79,-0.01,2,8158,买盘
787,10:58:21,40.79,0.0,5,20395,买盘
788,10:58:36,40.79,0.0,2,8158,买盘
789,10:58:45,40.79,0.0,5,20395,买盘
790,10:59:01,40.79,0.0,4,16316,买盘
791,10:59:07,40.79,0.0,16,65264,卖盘
792,10:59:25,40.8,0.01,2,8160,买盘
793,10:59:31,40.8,0.0,1,4080,卖盘
794,10:59:37,40.8,0.0,1,4080,买盘
795,10:59:40,40.8,0.0,1,4080,买盘
796,10:59:55,40.79,-0.01,5,20395,卖盘
797,10:59:58,40.79,0.0,9,36711,卖盘
798,11:00:04,40.76,-0.03,1,4076,卖盘
799,11:00:10,40.79,0.03,12,48935,买盘
800,11:00:16,40.79,0.0,4,16316,卖盘
801,11:00:25,40.79,0.0,1,4079,卖盘
802,11:00:37,40.79,0.0,11,44869,卖盘
803,11:00:49,40.76,-0.03,7,28532,卖盘
804,11:00:57,40.76,0.0,5,20380,卖盘
805,11:01:07,40.76,0.0,3,12228,卖盘
806,11:01:16,40.71,-0.05,5,20360,卖盘
807,11:02:25,40.7,-0.01,1,4070,卖盘
808,11:02:34,40.74,0.04,3,12222,买盘
809,11:03:04,40.7,-0.04,1,4070,卖盘
810,11:03:07,40.7,0.0,10,40700,卖盘
811,11:03:25,40.71,0.01,1,4071,卖盘
812,11:03:40,40.7,-0.01,3,12210,卖盘
813,11:03:55,40.71,0.01,26,105846,买盘
814,11:04:04,40.65,-0.06,42,170805,卖盘
815,11:04:16,40.65,0.0,5,21707,卖盘
816,11:04:45,40.65,0.0,100,406510,卖盘
817,11:04:58,40.66,0.01,2,8132,买盘
818,11:05:04,40.66,0.0,5,20330,买盘
819,11:05:07,40.66,0.0,13,52858,买盘
820,11:05:10,40.66,0.0,14,56924,卖盘
821,11:05:15,40.7,0.04,6,24420,买盘
822,11:05:18,40.65,-0.05,50,203269,卖盘
823,11:05:22,40.7,0.05,3,12210,买盘
824,11:05:31,40.7,0.0,3,12210,买盘
825,11:05:34,40.7,0.0,4,16280,买盘
826,11:05:39,40.7,0.0,4,16280,买盘
827,11:05:55,40.7,0.0,20,81400,买盘
828,11:06:03,40.7,0.0,12,48838,买盘
829,11:06:10,40.7,0.0,9,36630,买盘
830,11:06:19,40.7,0.0,6,24418,买盘
831,11:06:28,40.7,0.0,4,16280,买盘
832,11:06:31,40.7,0.0,2,8140,买盘
833,11:06:34,40.7,0.0,4,16280,买盘
834,11:06:37,40.7,0.0,1,4070,买盘
835,11:06:40,40.68,-0.02,2,8137,卖盘
836,11:06:43,40.7,0.02,1,4070,买盘
837,11:06:58,40.68,-0.02,9,36618,卖盘
838,11:07:10,40.68,0.0,3,12204,卖盘
839,11:07:16,40.68,0.0,5,20345,卖盘
840,11:07:19,40.71,0.03,24,97683,买盘
841,11:07:22,40.66,-0.05,11,44726,卖盘
842,11:07:34,40.71,0.05,16,65119,买盘
843,11:07:52,40.7,-0.01,15,61050,卖盘
844,11:07:58,40.65,-0.05,15,60985,卖盘
845,11:08:04,40.7,0.05,16,65120,买盘
846,11:08:10,40.7,0.0,53,215495,买盘
847,11:08:19,40.7,0.0,50,203280,买盘
848,11:08:25,40.71,0.01,21,85481,买盘
849,11:08:28,40.71,0.0,6,24426,卖盘
850,11:08:30,40.7,-0.01,28,113983,卖盘
851,11:08:40,40.7,0.0,1,4070,卖盘
852,11:08:43,40.7,0.0,4,16280,买盘
853,11:09:37,40.7,0.0,43,175010,卖盘
854,11:09:52,40.7,0.0,5,20350,卖盘
855,11:09:58,40.7,0.0,10,40700,卖盘
856,11:10:04,40.72,0.02,1,4072,买盘
857,11:10:12,40.7,-0.02,10,40701,卖盘
858,11:10:46,40.72,0.02,1,4072,买盘
859,11:11:01,40.72,0.0,1,4072,买盘
860,11:11:45,40.72,0.0,5,20360,买盘
861,11:12:13,40.72,0.0,2,8144,买盘
862,11:12:25,40.72,0.0,2,8144,买盘
863,11:12:28,40.72,0.0,15,61080,买盘
864,11:13:04,40.72,0.0,5,20360,买盘
865,11:13:24,40.72,0.0,2,8144,买盘
866,11:13:48,40.72,0.0,2,8144,买盘
867,11:14:13,40.72,0.0,4,16288,买盘
868,11:14:16,40.72,0.0,1,4072,卖盘
869,11:14:58,40.72,0.0,5,20360,卖盘
870,11:15:10,40.73,0.01,14,57021,买盘
871,11:15:22,40.73,0.0,3,12219,卖盘
872,11:15:31,40.73,0.0,2,8146,卖盘
873,11:15:37,40.73,0.0,2,8146,卖盘
874,11:15:43,40.72,-0.01,11,44802,卖盘
875,11:15:49,40.72,0.0,4,16288,卖盘
876,11:15:55,40.7,-0.02,14,56992,卖盘
877,11:15:58,40.7,0.0,19,77330,卖盘
878,11:16:01,40.7,0.0,9,36630,卖盘
879,11:16:04,40.7,0.0,6,24420,卖盘
880,11:16:06,40.7,0.0,5,20350,卖盘
881,11:16:10,40.7,0.0,4,16280,卖盘
882,11:16:13,40.7,0.0,3,12210,卖盘
883,11:16:16,40.7,0.0,4,16280,卖盘
884,11:16:22,40.7,0.0,1,4070,卖盘
885,11:16:28,40.7,0.0,1,4070,卖盘
886,11:16:31,40.7,0.0,4,16280,卖盘
887,11:16:34,40.68,-0.02,10,40680,卖盘
888,11:16:49,40.7,0.02,7,28490,卖盘
889,11:17:07,40.73,0.03,31,126246,买盘
890,11:17:28,40.73,0.0,10,40730,卖盘
891,11:17:37,40.74,0.01,1,4074,买盘
892,11:17:43,40.74,0.0,20,81468,买盘
893,11:18:46,40.74,0.0,2,8148,买盘
894,11:18:58,40.75,0.01,23,93703,买盘
895,11:19:16,40.75,0.0,15,61125,买盘
896,11:20:09,40.73,-0.02,4,16292,卖盘
897,11:20:12,40.73,0.0,2,8146,买盘
898,11:20:25,40.74,0.01,6,24439,买盘
899,11:21:43,40.75,0.01,10,40750,买盘
900,11:21:52,40.75,0.0,2,8150,买盘
901,11:22:07,40.75,0.0,2,8150,买盘
902,11:22:16,40.76,0.01,1,4076,买盘
903,11:22:18,40.76,0.0,4,16304,买盘
904,11:22:25,40.76,0.0,6,24456,买盘
905,11:22:27,40.76,0.0,9,36684,买盘
906,11:22:31,40.76,0.0,1,4076,卖盘
907,11:22:34,40.79,0.03,4,16316,买盘
908,11:22:37,40.79,0.0,3,12237,买盘
909,11:22:40,40.79,0.0,2,8158,买盘
910,11:22:43,40.8,0.01,14,57117,买盘
911,11:22:52,40.85,0.05,1,4085,买盘
912,11:23:16,40.86,0.01,7,28602,买盘
913,11:23:19,40.8,-0.06,29,118459,卖盘
914,11:23:22,40.8,0.0,3,12240,买盘
915,11:23:27,40.8,0.0,20,81600,买盘
916,11:23:31,40.8,0.0,30,122400,买盘
917,11:23:40,40.8,0.0,1,4080,买盘
918,11:23:46,40.8,0.0,12,48960,买盘
919,11:23:55,40.8,0.0,50,204000,买盘
920,11:24:31,40.79,-0.01,5,20395,买盘
921,11:24:55,40.78,-0.01,5,20390,买盘
922,11:25:07,40.76,-0.02,1,4076,卖盘
923,11:25:22,40.78,0.02,3,12234,买盘
924,11:25:28,40.75,-0.03,5,20375,卖盘
925,11:25:39,40.78,0.03,1,4078,买盘
926,11:26:07,40.78,0.0,3,12234,买盘
927,11:26:36,40.75,-0.03,5,20375,卖盘
928,11:26:39,40.75,0.0,5,20378,卖盘
929,11:26:43,40.75,0.0,2,8150,卖盘
930,11:26:51,40.76,0.01,4,16304,买盘
931,11:26:55,40.75,-0.01,5,20375,卖盘
932,11:26:58,40.76,0.01,1,4076,买盘
933,11:27:04,40.75,-0.01,13,52975,卖盘
934,11:27:28,40.74,-0.01,3,12222,卖盘
935,11:27:46,40.74,0.0,3,12222,卖盘
936,11:28:25,40.74,0.0,3,12222,卖盘
937,11:28:52,40.73,-0.01,1,4073,卖盘
938,11:29:13,40.7,-0.03,100,407049,卖盘
939,13:00:04,40.73,0.03,1,4073,买盘
940,13:00:07,40.7,-0.03,76,309333,卖盘
941,13:00:15,40.68,-0.02,1,4068,卖盘
942,13:00:22,40.65,-0.03,1,4065,卖盘
943,13:00:40,40.65,0.0,2,8130,卖盘
944,13:00:45,40.65,0.0,2,8130,卖盘
945,13:00:54,40.65,0.0,3,12195,卖盘
946,13:01:01,40.65,0.0,1,4065,卖盘
947,13:01:04,40.65,0.0,1,4065,卖盘
948,13:01:06,40.66,0.01,1,4066,买盘
949,13:01:22,40.65,-0.01,3,12195,卖盘
950,13:01:28,40.65,0.0,10,40650,卖盘
951,13:01:31,40.65,0.0,43,173413,卖盘
952,13:01:42,40.64,-0.01,1,4064,卖盘
953,13:02:30,40.64,0.0,5,20320,卖盘
954,13:02:58,40.65,0.01,50,203250,买盘
955,13:03:12,40.61,-0.04,54,219310,卖盘
956,13:03:16,40.61,0.0,1,4061,买盘
957,13:03:19,40.65,0.04,29,119267,买盘
958,13:03:24,40.65,0.0,18,73170,卖盘
959,13:05:13,40.65,0.0,5,20325,卖盘
960,13:05:19,40.65,0.0,2,8130,卖盘
961,13:05:22,40.65,0.0,5,20325,卖盘
962,13:05:25,40.65,0.0,3,12195,卖盘
963,13:05:28,40.65,0.0,10,40651,卖盘
964,13:05:31,40.66,0.01,8,32523,买盘
965,13:05:34,40.6,-0.06,8,32480,卖盘
966,13:05:37,40.6,0.0,10,40600,卖盘
967,13:05:40,40.6,0.0,3,12180,卖盘
968,13:05:43,40.6,0.0,2,8120,卖盘
969,13:05:46,40.6,0.0,2,8120,卖盘
970,13:05:49,40.6,0.0,2,8120,卖盘
971,13:05:55,40.61,0.01,1,4061,中性盘
972,13:05:58,40.6,-0.01,11,44660,卖盘
973,13:06:00,40.6,0.0,1,4060,卖盘
974,13:06:04,40.6,0.0,1,4060,卖盘
975,13:06:07,40.56,-0.04,10,40563,买盘
976,13:06:10,40.56,0.0,5,20280,卖盘
977,13:06:13,40.56,0.0,6,24336,卖盘
978,13:06:49,40.56,0.0,13,51349,卖盘
979,13:07:04,40.56,0.0,17,70323,买盘
980,13:07:13,40.57,0.01,8,32456,卖盘
981,13:07:21,40.56,-0.01,10,40560,卖盘
982,13:07:31,40.58,0.02,1,4058,卖盘
983,13:07:40,40.57,-0.01,10,40574,卖盘
984,13:07:49,40.57,0.0,3,12171,卖盘
985,13:07:54,40.56,-0.01,12,48672,卖盘
986,13:08:07,40.56,0.0,1,4056,卖盘
987,13:08:19,40.56,0.0,4,16224,卖盘
988,13:08:28,40.56,0.0,2,8113,卖盘
989,13:08:37,40.56,0.0,11,44616,卖盘
990,13:08:43,40.56,0.0,27,109486,买盘
991,13:08:52,40.53,-0.03,2,8108,卖盘
992,13:08:54,40.56,0.03,3,12168,买盘
993,13:09:00,40.53,-0.03,8,32424,卖盘
994,13:09:05,40.53,0.0,9,36477,卖盘
995,13:09:07,40.52,-0.01,14,56729,卖盘
996,13:09:22,40.52,0.0,5,20260,卖盘
997,13:09:24,40.52,0.0,22,89144,卖盘
998,13:09:55,40.53,0.01,1,4053,卖盘
999,13:10:01,40.54,0.01,1,4054,买盘
1000,13:10:19,40.53,-0.01,6,24318,卖盘
1001,13:10:31,40.52,-0.01,2,8104,卖盘
1002,13:10:34,40.53,0.01,6,24318,买盘
1003,13:10:37,40.53,0.0,1,4053,买盘
1004,13:10:40,40.53,0.0,5,20265,买盘
1005,13:10:49,40.52,-0.01,3,12156,卖盘
1006,13:11:01,40.52,0.0,36,145872,卖盘
1007,13:11:07,40.52,0.0,3,12156,买盘
1008,13:11:13,40.51,-0.01,5,20255,卖盘
1009,13:11:16,40.51,0.0,35,141785,卖盘
1010,13:11:28,40.5,-0.01,40,162000,卖盘
1011,13:11:31,40.5,0.0,10,40500,卖盘
1012,13:11:34,40.51,0.01,6,24305,买盘
1013,13:11:40,40.51,0.0,1,4051,买盘
1014,13:11:43,40.51,0.0,3,12153,买盘
1015,13:11:46,40.51,0.0,7,28357,卖盘
1016,13:11:52,40.51,0.0,3,12153,买盘
1017,13:11:58,40.51,0.0,3,12153,买盘
1018,13:12:01,40.51,0.0,10,40510,买盘
1019,13:12:07,40.51,0.0,2,8102,买盘
1020,13:12:13,40.51,0.0,1,4051,买盘
1021,13:12:16,40.5,-0.01,1,4050,卖盘
1022,13:12:28,40.52,0.02,10,40514,买盘
1023,13:12:31,40.51,-0.01,1,4051,卖盘
1024,13:12:40,40.51,0.0,1,4051,买盘
1025,13:12:46,40.51,0.0,2,8102,卖盘
1026,13:12:52,40.51,0.0,13,52663,卖盘
1027,13:13:04,40.52,0.01,1,4052,买盘
1028,13:13:07,40.52,0.0,10,40520,买盘
1029,13:13:28,40.51,-0.01,2,8102,卖盘
1030,13:13:45,40.52,0.01,4,16208,买盘
1031,13:13:48,40.52,0.0,10,40520,买盘
1032,13:13:51,40.51,-0.01,29,117479,卖盘
1033,13:13:55,40.51,0.0,2,8102,买盘
1034,13:14:00,40.5,-0.01,6,24301,卖盘
1035,13:14:16,40.5,0.0,1,4050,卖盘
1036,13:14:34,40.51,0.01,1,4051,买盘
1037,13:14:46,40.51,0.0,3,12153,买盘
1038,13:14:49,40.51,0.0,16,64801,买盘
1039,13:15:07,40.5,-0.01,200,810000,卖盘
1040,13:15:09,40.51,0.01,1,4051,买盘
1041,13:15:13,40.5,-0.01,10,40500,卖盘
1042,13:15:15,40.5,0.0,4,16201,卖盘
1043,13:15:22,40.5,0.0,2,8100,卖盘
1044,13:15:25,40.5,0.0,5,20250,卖盘
1045,13:15:28,40.5,0.0,58,234899,买盘
1046,13:15:31,40.5,0.0,1,4050,卖盘
1047,13:15:52,40.5,0.0,8,32400,卖盘
1048,13:15:54,40.5,0.0,6,24300,卖盘
1049,13:16:04,40.5,0.0,2,8100,卖盘
1050,13:16:10,40.5,0.0,7,28350,卖盘
1051,13:16:16,40.5,0.0,4,16200,卖盘
1052,13:16:27,40.51,0.01,5,20255,买盘
1053,13:16:34,40.5,-0.01,1,4050,卖盘
1054,13:16:37,40.51,0.01,3,12153,买盘
1055,13:16:46,40.5,-0.01,15,60750,卖盘
1056,13:16:49,40.51,0.01,7,28357,买盘
1057,13:16:52,40.5,-0.01,18,72900,卖盘
1058,13:17:10,40.51,0.01,5,20255,买盘
1059,13:17:13,40.51,0.0,1,4051,买盘
1060,13:17:31,40.51,0.0,6,24306,买盘
1061,13:17:34,40.5,-0.01,84,340201,卖盘
1062,13:17:37,40.51,0.01,10,40507,买盘
1063,13:17:49,40.5,-0.01,3,12150,卖盘
1064,13:18:00,40.49,-0.01,7,28343,卖盘
1065,13:18:07,40.5,0.01,3,12148,买盘
1066,13:18:15,40.48,-0.02,2,8096,卖盘
1067,13:18:31,40.48,0.0,1,4048,卖盘
1068,13:18:34,40.5,0.02,31,125528,买盘
1069,13:19:01,40.5,0.0,11,44550,卖盘
1070,13:19:04,40.51,0.01,12,48610,买盘
1071,13:19:07,40.51,0.0,10,40509,买盘
1072,13:19:13,40.51,0.0,7,28357,买盘
1073,13:19:57,40.52,0.01,6,24312,买盘
1074,13:20:10,40.52,0.0,1,4052,买盘
1075,13:20:30,40.51,-0.01,12,48612,卖盘
1076,13:20:33,40.5,-0.01,20,81011,卖盘
1077,13:20:46,40.5,0.0,50,202500,卖盘
1078,13:21:36,40.52,0.02,5,20260,买盘
1079,13:21:40,40.5,-0.02,7,28350,卖盘
1080,13:21:46,40.5,0.0,2,8100,卖盘
1081,13:21:49,40.5,0.0,1,4050,卖盘
1082,13:21:55,40.5,0.0,14,56700,卖盘
1083,13:22:05,40.5,0.0,7,28350,卖盘
1084,13:22:16,40.49,-0.01,3,12147,卖盘
1085,13:22:25,40.48,-0.01,3,12144,卖盘
1086,13:22:43,40.45,-0.03,4,16180,卖盘
1087,13:23:01,40.49,0.04,20,80962,买盘
1088,13:23:04,40.5,0.01,3,12150,卖盘
1089,13:23:07,40.5,0.0,13,52650,卖盘
1090,13:23:13,40.51,0.01,15,60765,买盘
1091,13:23:16,40.5,-0.01,5,20250,卖盘
1092,13:23:22,40.51,0.01,2,8102,买盘
1093,13:23:28,40.51,0.0,1,4051,买盘
1094,13:23:31,40.53,0.02,29,117524,买盘
1095,13:23:52,40.53,0.0,3,12159,买盘
1096,13:24:04,40.53,0.0,10,40530,买盘
1097,13:24:28,40.53,0.0,1,4053,买盘
1098,13:24:39,40.54,0.01,6,24324,买盘
1099,13:24:46,40.53,-0.01,1,4053,卖盘
1100,13:24:52,40.55,0.02,22,89196,买盘
1101,13:24:58,40.56,0.01,1,4056,买盘
1102,13:25:07,40.56,0.0,5,20280,买盘
1103,13:25:28,40.62,0.06,3,12186,买盘
1104,13:25:30,40.62,0.0,2,8124,买盘
1105,13:25:39,40.58,-0.04,3,12174,卖盘
1106,13:25:57,40.58,0.0,1,4058,买盘
1107,13:26:04,40.58,0.0,2,8116,买盘
1108,13:26:10,40.58,0.0,1,4058,买盘
1109,13:26:33,40.58,0.0,43,174494,买盘
1110,13:27:10,40.57,-0.01,10,40570,卖盘
1111,13:27:25,40.56,-0.01,14,56784,卖盘
1112,13:27:28,40.57,0.01,35,141980,买盘
1113,13:27:40,40.56,-0.01,10,40560,中性盘
1114,13:27:43,40.55,-0.01,1,4055,卖盘
1115,13:27:51,40.56,0.01,7,28390,买盘
1116,13:28:01,40.55,-0.01,10,40555,卖盘
1117,13:28:12,40.55,0.0,188,762340,卖盘
1118,13:28:16,40.55,0.0,11,44605,买盘
1119,13:28:43,40.52,-0.03,3,12156,卖盘
1120,13:28:51,40.51,-0.01,5,20258,卖盘
1121,13:29:10,40.55,0.04,1,4055,买盘
1122,13:29:22,40.57,0.02,22,89254,买盘
1123,13:29:40,40.61,0.04,6,24366,中性盘
1124,13:29:46,40.61,0.0,3,12183,买盘
1125,13:30:52,40.61,0.0,8,32488,买盘
1126,13:31:13,40.61,0.0,2,8122,卖盘
1127,13:31:25,40.58,-0.03,21,85218,卖盘
1128,13:31:36,40.57,-0.01,14,56798,卖盘
1129,13:31:46,40.58,0.01,1,4058,买盘
1130,13:31:58,40.58,0.0,28,113624,买盘
1131,13:32:01,40.51,-0.07,50,202813,卖盘
1132,13:32:28,40.5,-0.01,100,405037,卖盘
1133,13:32:46,40.61,0.11,3,12173,买盘
1134,13:32:58,40.5,-0.11,50,202500,卖盘
1135,13:34:07,40.52,0.02,1,4052,卖盘
1136,13:34:13,40.52,0.0,1,4052,卖盘
1137,13:34:16,40.52,0.0,1,4052,卖盘
1138,13:34:43,40.55,0.03,1,4055,卖盘
1139,13:34:58,40.59,0.04,13,52746,买盘
1140,13:35:07,40.5,-0.09,159,643953,卖盘
1141,13:35:19,40.5,0.0,5,20251,卖盘
1142,13:35:28,40.5,0.0,8,32400,卖盘
1143,13:35:40,40.5,0.0,47,190350,卖盘
1144,13:36:01,40.49,-0.01,4,16196,中性盘
1145,13:36:22,40.49,0.0,25,101225,买盘
1146,13:36:27,40.5,0.01,1,4050,买盘
1147,13:36:34,40.49,-0.01,17,68833,卖盘
1148,13:36:40,40.5,0.01,16,64799,买盘
1149,13:37:04,40.49,-0.01,24,97188,卖盘
1150,13:37:07,40.5,0.01,8,32400,买盘
1151,13:37:10,40.5,0.0,3,12150,买盘
1152,13:37:21,40.49,-0.01,8,32392,卖盘
1153,13:37:24,40.47,-0.02,5,20235,卖盘
1154,13:37:28,40.47,0.0,1,4047,卖盘
1155,13:37:43,40.48,0.01,1,4048,卖盘
1156,13:38:19,40.49,0.01,3,12147,买盘
1157,13:38:37,40.49,0.0,1,4049,买盘
1158,13:39:24,40.48,-0.01,6,24288,卖盘
1159,13:39:30,40.47,-0.01,10,40474,卖盘
1160,13:39:52,40.49,0.02,10,40490,买盘
1161,13:39:57,40.49,0.0,14,56686,买盘
1162,13:40:01,40.48,-0.01,3,12144,中性盘
1163,13:40:10,40.49,0.01,3,12147,买盘
1164,13:40:25,40.49,0.0,5,20245,买盘
1165,13:40:28,40.49,0.0,1,4049,卖盘
1166,13:41:06,40.49,0.0,5,20245,买盘
1167,13:41:24,40.49,0.0,1,4049,买盘
1168,13:41:31,40.49,0.0,2,8098,卖盘
1169,13:41:37,40.49,0.0,2,8098,卖盘
1170,13:41:57,40.5,0.01,10,40500,买盘
1171,13:42:04,40.5,0.0,1,4050,买盘
1172,13:42:21,40.5,0.0,5,20250,买盘
1173,13:42:31,40.5,0.0,1,4050,买盘
1174,13:42:37,40.5,0.0,3,12150,买盘
1175,13:42:58,40.5,0.0,10,40500,买盘
1176,13:43:04,40.5,0.0,1,4050,买盘
1177,13:43:07,40.5,0.0,2,8100,买盘
1178,13:43:16,40.5,0.0,1,4050,买盘
1179,13:43:19,40.5,0.0,11,44547,买盘
1180,13:43:31,40.5,0.0,1,4050,卖盘
1181,13:44:16,40.58,0.08,3,12174,买盘
1182,13:44:52,40.57,-0.01,7,28399,买盘
1183,13:46:01,40.56,-0.01,1,4056,买盘
1184,13:46:37,40.54,-0.02,8,32432,买盘
1185,13:47:07,40.53,-0.01,4,16212,卖盘
1186,13:47:10,40.54,0.01,3,12162,买盘
1187,13:47:19,40.54,0.0,1,4054,买盘
1188,13:47:52,40.54,0.0,3,12162,买盘
1189,13:48:07,40.54,0.0,3,12162,买盘
1190,13:48:13,40.54,0.0,2,8108,买盘
1191,13:48:19,40.54,0.0,3,12162,买盘
1192,13:48:45,40.54,0.0,12,48648,买盘
1193,13:48:48,40.54,0.0,2,8108,买盘
1194,13:48:52,40.54,0.0,11,44594,买盘
1195,13:48:55,40.53,-0.01,1,4053,卖盘
1196,13:49:04,40.54,0.01,5,20270,买盘
1197,13:49:12,40.53,-0.01,4,16212,卖盘
1198,13:49:21,40.53,0.0,1,4053,买盘
1199,13:49:46,40.53,0.0,3,12159,买盘
1200,13:49:49,40.52,-0.01,1,4052,卖盘
1201,13:50:04,40.53,0.01,5,20265,买盘
1202,13:50:12,40.52,-0.01,2,8104,卖盘
1203,13:50:33,40.51,-0.01,4,16204,卖盘
1204,13:50:36,40.5,-0.01,2,8101,卖盘
1205,13:50:49,40.5,0.0,1,4050,卖盘
1206,13:50:57,40.5,0.0,1,4050,买盘
1207,13:51:01,40.48,-0.02,20,80963,卖盘
1208,13:51:16,40.47,-0.01,9,36425,卖盘
1209,13:51:19,40.47,0.0,3,12141,卖盘
1210,13:51:27,40.46,-0.01,3,12138,卖盘
1211,13:51:37,40.42,-0.04,24,97011,卖盘
1212,13:51:40,40.42,0.0,1,4042,买盘
1213,13:51:46,40.41,-0.01,2,8082,卖盘
1214,13:51:49,40.4,-0.01,8,32324,卖盘
1215,13:52:13,40.4,0.0,2,8080,买盘
1216,13:52:22,40.35,-0.05,3,12105,卖盘
1217,13:52:25,40.35,0.0,5,20175,买盘
1218,13:52:27,40.35,0.0,1,4035,卖盘
1219,13:52:31,40.35,0.0,9,36315,卖盘
1220,13:52:36,40.38,0.03,5,20178,买盘
1221,13:52:40,40.32,-0.06,16,64557,卖盘
1222,13:52:48,40.32,0.0,14,56458,卖盘
1223,13:53:07,40.34,0.02,2,8068,卖盘
1224,13:53:16,40.33,-0.01,5,20165,卖盘
1225,13:53:19,40.33,0.0,10,40330,卖盘
1226,13:53:39,40.34,0.01,5,20170,卖盘
1227,13:53:43,40.34,0.0,17,68578,买盘
1228,13:53:49,40.34,0.0,19,76646,买盘
1229,13:53:52,40.34,0.0,2,8068,买盘
1230,13:53:54,40.34,0.0,9,36306,买盘
1231,13:54:00,40.33,-0.01,12,48403,卖盘
1232,13:54:04,40.34,0.01,10,40340,买盘
1233,13:54:06,40.34,0.0,2,8068,买盘
1234,13:54:10,40.34,0.0,1,4034,买盘
1235,13:54:16,40.33,-0.01,5,20165,卖盘
1236,13:54:19,40.34,0.01,62,250078,买盘
1237,13:54:22,40.34,0.0,3,12102,买盘
1238,13:54:25,40.33,-0.01,4,16133,卖盘
1239,13:54:28,40.33,0.0,22,88726,买盘
1240,13:54:30,40.33,0.0,1,4033,买盘
1241,13:54:37,40.33,0.0,5,20165,买盘
1242,13:54:40,40.33,0.0,13,52421,买盘
1243,13:54:46,40.32,-0.01,15,60480,卖盘
1244,13:54:52,40.33,0.01,2,8066,买盘
1245,13:54:55,40.32,-0.01,10,40322,卖盘
1246,13:54:58,40.33,0.01,10,40330,买盘
1247,13:55:01,40.32,-0.01,11,44362,卖盘
1248,13:55:04,40.32,0.0,34,137088,卖盘
1249,13:55:06,40.33,0.01,9,36297,买盘
1250,13:55:10,40.33,0.0,14,56462,卖盘
1251,13:55:22,40.34,0.01,1,4034,买盘
1252,13:55:25,40.33,-0.01,5,20165,卖盘
1253,13:55:28,40.32,-0.01,15,60483,卖盘
1254,13:55:42,40.31,-0.01,3,12094,卖盘
1255,13:55:46,40.31,0.0,10,40310,卖盘
1256,13:55:49,40.3,-0.01,12,48362,卖盘
1257,13:56:01,40.3,0.0,1,4030,卖盘
1258,13:56:09,40.3,0.0,5,20150,卖盘
1259,13:56:12,40.31,0.01,6,24181,买盘
1260,13:56:28,40.29,-0.02,8,32232,卖盘
1261,13:56:31,40.3,0.01,20,80600,买盘
1262,13:56:34,40.29,-0.01,2,8058,卖盘
1263,13:56:37,40.3,0.01,5,20150,买盘
1264,13:56:52,40.28,-0.02,3,12084,卖盘
1265,13:57:01,40.28,0.0,5,20140,卖盘
1266,13:57:04,40.28,0.0,5,20140,卖盘
1267,13:57:06,40.28,0.0,6,24160,卖盘
1268,13:57:22,40.28,0.0,1,4028,买盘
1269,13:57:34,40.27,-0.01,1,4027,买盘
1270,13:57:55,40.27,0.0,1,4027,买盘
1271,13:57:58,40.24,-0.03,2,8048,卖盘
1272,13:58:03,40.24,0.0,1,4024,卖盘
1273,13:58:09,40.24,0.0,1,4024,卖盘
1274,13:58:39,40.24,0.0,5,20120,买盘
1275,13:58:42,40.23,-0.01,10,40230,卖盘
1276,13:58:48,40.23,0.0,1,4023,卖盘
1277,13:58:58,40.23,0.0,8,32177,买盘
1278,13:59:01,40.22,-0.01,14,56318,卖盘
1279,13:59:04,40.22,0.0,17,68374,卖盘
1280,13:59:13,40.24,0.02,6,24143,买盘
1281,13:59:16,40.24,0.0,24,96576,买盘
1282,13:59:21,40.23,-0.01,1,4023,卖盘
1283,13:59:28,40.22,-0.01,8,32176,卖盘
1284,13:59:34,40.22,0.0,8,32176,卖盘
1285,13:59:37,40.23,0.01,5,20115,买盘
1286,13:59:40,40.23,0.0,9,36207,买盘
1287,13:59:43,40.27,0.04,16,64408,买盘
1288,13:59:46,40.22,-0.05,10,40229,卖盘
1289,14:00:10,40.27,0.05,1,4027,买盘
1290,14:00:16,40.27,0.0,4,16108,买盘
1291,14:00:28,40.27,0.0,3,12081,买盘
1292,14:00:31,40.28,0.01,16,64440,买盘
1293,14:00:46,40.28,0.0,2,8056,卖盘
1294,14:00:49,40.24,-0.04,5,20129,卖盘
1295,14:01:04,40.27,0.03,4,16107,买盘
1296,14:01:07,40.27,0.0,3,12081,卖盘
1297,14:01:31,40.28,0.01,50,201400,买盘
1298,14:02:01,40.3,0.02,3,12090,买盘
1299,14:02:31,40.3,0.0,2,8060,买盘
1300,14:03:01,40.28,-0.02,5,20140,卖盘
1301,14:03:04,40.28,0.0,6,24166,买盘
1302,14:03:36,40.28,0.0,22,88616,买盘
1303,14:03:43,40.28,0.0,2,8056,卖盘
1304,14:03:49,40.25,-0.03,2,8051,卖盘
1305,14:03:57,40.24,-0.01,11,44271,卖盘
1306,14:04:07,40.24,0.0,4,16096,卖盘
1307,14:04:10,40.26,0.02,2,8052,买盘
1308,14:04:22,40.25,-0.01,19,76491,中性盘
1309,14:04:28,40.24,-0.01,2,8048,卖盘
1310,14:04:39,40.25,0.01,5,20125,买盘
1311,14:05:30,40.27,0.02,1,4027,买盘
1312,14:05:40,40.26,-0.01,2,8052,卖盘
1313,14:05:55,40.27,0.01,8,32216,买盘
1314,14:06:01,40.27,0.0,4,16108,卖盘
1315,14:06:04,40.29,0.02,2,8058,买盘
1316,14:06:16,40.27,-0.02,27,108729,卖盘
1317,14:06:28,40.27,0.0,6,24162,买盘
1318,14:06:52,40.26,-0.01,2,8052,买盘
1319,14:07:22,40.25,-0.01,4,16100,卖盘
1320,14:07:34,40.25,0.0,1,4025,买盘
1321,14:07:51,40.24,-0.01,8,32192,卖盘
1322,14:08:22,40.25,0.01,10,40250,买盘
1323,14:08:37,40.25,0.0,1,4025,买盘
1324,14:08:42,40.25,0.0,1,4025,买盘
1325,14:08:46,40.25,0.0,1,4025,买盘
1326,14:08:52,40.25,0.0,4,16100,买盘
1327,14:08:55,40.25,0.0,10,40245,买盘
1328,14:09:01,40.25,0.0,2,8050,卖盘
1329,14:09:07,40.26,0.01,5,20130,买盘
1330,14:09:10,40.26,0.0,2,8052,买盘
1331,14:09:13,40.26,0.0,2,8052,买盘
1332,14:09:15,40.26,0.0,4,16104,买盘
1333,14:09:34,40.27,0.01,2,8053,买盘
1334,14:09:40,40.27,0.0,3,12081,买盘
1335,14:09:46,40.27,0.0,2,8054,买盘
1336,14:09:52,40.27,0.0,1,4027,买盘
1337,14:09:55,40.27,0.0,2,8054,买盘
1338,14:10:01,40.26,-0.01,2,8053,卖盘
1339,14:10:07,40.27,0.01,10,40270,买盘
1340,14:10:16,40.27,0.0,5,20135,卖盘
1341,14:10:19,40.27,0.0,5,20135,买盘
1342,14:10:25,40.29,0.02,1,4029,买盘
1343,14:10:30,40.29,0.0,2,8058,卖盘
1344,14:10:58,40.3,0.01,20,80600,买盘
1345,14:11:07,40.3,0.0,1,4030,买盘
1346,14:11:16,40.3,0.0,9,36270,卖盘
1347,14:11:28,40.31,0.01,10,40310,买盘
1348,14:11:31,40.31,0.0,4,16124,买盘
1349,14:11:34,40.31,0.0,3,12093,买盘
1350,14:11:46,40.32,0.01,1,4032,买盘
1351,14:11:49,40.32,0.0,2,8064,买盘
1352,14:11:52,40.31,-0.01,25,100776,卖盘
1353,14:12:07,40.3,-0.01,5,20150,卖盘
1354,14:12:13,40.31,0.01,10,40310,买盘
1355,14:12:22,40.31,0.0,12,48372,买盘
1356,14:12:31,40.31,0.0,3,12093,买盘
1357,14:12:46,40.34,0.03,5,20170,买盘
1358,14:13:13,40.34,0.0,13,52442,买盘
1359,14:13:16,40.34,0.0,64,257983,买盘
1360,14:14:28,40.3,-0.04,7,28210,卖盘
1361,14:14:31,40.3,0.0,3,12090,买盘
1362,14:14:37,40.3,0.0,3,12090,买盘
1363,14:14:45,40.3,0.0,13,52390,买盘
1364,14:15:00,40.3,0.0,10,40300,买盘
1365,14:15:04,40.3,0.0,4,16120,买盘
1366,14:15:07,40.29,-0.01,2,8058,卖盘
1367,14:15:09,40.29,0.0,1,4029,买盘
1368,14:15:13,40.29,0.0,5,20145,买盘
1369,14:15:16,40.29,0.0,10,40290,买盘
1370,14:16:55,40.27,-0.02,5,20138,卖盘
1371,14:17:01,40.27,0.0,2,8054,买盘
1372,14:17:07,40.27,0.0,1,4027,买盘
1373,14:17:22,40.26,-0.01,1,4026,卖盘
1374,14:17:25,40.27,0.01,2,8054,买盘
1375,14:17:37,40.27,0.0,10,40270,买盘
1376,14:17:43,40.27,0.0,2,8054,买盘
1377,14:17:46,40.27,0.0,9,36243,买盘
1378,14:17:49,40.27,0.0,2,8054,卖盘
1379,14:17:55,40.29,0.02,9,36257,买盘
1380,14:18:06,40.26,-0.03,21,84559,卖盘
1381,14:18:49,40.26,0.0,3,12080,卖盘
1382,14:18:55,40.28,0.02,4,16112,买盘
1383,14:19:01,40.28,0.0,1,4028,卖盘
1384,14:19:39,40.26,-0.02,3,12078,卖盘
1385,14:19:52,40.28,0.02,1,4028,买盘
1386,14:19:55,40.26,-0.02,15,60390,卖盘
1387,14:20:04,40.25,-0.01,3,12075,卖盘
1388,14:20:13,40.25,0.0,14,56350,卖盘
1389,14:20:19,40.25,0.0,1,4025,卖盘
1390,14:20:21,40.25,0.0,33,132838,卖盘
1391,14:20:25,40.25,0.0,18,72450,卖盘
1392,14:20:34,40.23,-0.02,20,80472,卖盘
1393,14:20:40,40.22,-0.01,9,36200,卖盘
1394,14:20:43,40.2,-0.02,25,100510,卖盘
1395,14:20:55,40.18,-0.02,11,44198,卖盘
1396,14:20:58,40.17,-0.01,8,32137,卖盘
1397,14:21:01,40.17,0.0,3,12051,卖盘
1398,14:21:07,40.14,-0.03,3,12043,卖盘
1399,14:21:16,40.13,-0.01,5,20066,卖盘
1400,14:21:19,40.12,-0.01,74,296896,卖盘
1401,14:21:27,40.12,0.0,15,60180,卖盘
1402,14:21:31,40.11,-0.01,2,8022,卖盘
1403,14:21:34,40.12,0.01,1,4012,买盘
1404,14:21:37,40.14,0.02,17,68228,买盘
1405,14:21:39,40.11,-0.03,23,92231,中性盘
1406,14:21:42,40.04,-0.07,13,52068,卖盘
1407,14:21:52,40.06,0.02,1,4006,买盘
1408,14:22:01,40.02,-0.04,19,76053,卖盘
1409,14:22:05,40.06,0.04,1,4006,买盘
1410,14:22:06,40.02,-0.04,30,120072,卖盘
1411,14:22:10,40.02,0.0,15,60030,卖盘
1412,14:22:13,40.02,0.0,24,96034,买盘
1413,14:22:19,40.01,-0.01,26,104028,卖盘
1414,14:22:22,40.02,0.01,1,4002,买盘
1415,14:22:24,40.01,-0.01,4,16004,卖盘
1416,14:22:28,40.0,-0.01,19,76001,卖盘
1417,14:22:40,40.01,0.01,1,4001,买盘
1418,14:22:43,40.0,-0.01,37,148000,卖盘
1419,14:22:46,40.0,0.0,1,4000,卖盘
1420,14:22:49,40.0,0.0,11,44000,卖盘
1421,14:22:52,40.0,0.0,31,124000,卖盘
1422,14:23:04,40.0,0.0,3,12000,买盘
1423,14:23:07,40.0,0.0,9,36000,买盘
1424,14:23:10,39.98,-0.02,3,11994,卖盘
1425,14:23:16,39.98,0.0,3,11994,买盘
1426,14:23:21,39.91,-0.07,4,15964,卖盘
1427,14:23:25,39.91,0.0,9,35924,卖盘
1428,14:23:28,39.91,0.0,14,55874,卖盘
1429,14:23:34,39.9,-0.01,7,27931,卖盘
1430,14:23:37,39.9,0.0,28,111742,买盘
1431,14:23:39,39.91,0.01,6,23961,卖盘
1432,14:23:43,39.89,-0.02,19,75791,卖盘
1433,14:23:46,39.9,0.01,16,63827,买盘
1434,14:23:48,39.94,0.04,6,23956,买盘
1435,14:23:51,39.88,-0.06,21,83766,卖盘
1436,14:23:58,39.88,0.0,11,43884,卖盘
1437,14:24:04,39.86,-0.02,50,199353,卖盘
1438,14:24:10,39.86,0.0,10,39868,卖盘
1439,14:24:13,39.86,0.0,5,19935,卖盘
1440,14:24:19,39.86,0.0,15,59790,卖盘
1441,14:24:25,39.89,0.03,1,3989,卖盘
1442,14:24:28,39.9,0.01,2,7980,买盘
1443,14:24:34,39.93,0.03,23,91785,买盘
1444,14:24:36,39.88,-0.05,56,223374,卖盘
1445,14:24:39,39.88,0.0,4,15952,买盘
1446,14:24:46,39.88,0.0,10,39880,买盘
1447,14:24:48,39.93,0.05,12,47861,买盘
1448,14:24:51,39.88,-0.05,8,31904,卖盘
1449,14:25:01,39.93,0.05,1,3993,买盘
1450,14:25:04,39.93,0.0,2,7986,买盘
1451,14:25:12,39.93,0.0,13,51909,买盘
1452,14:25:15,39.93,0.0,7,27951,卖盘
1453,14:25:18,39.93,0.0,2,7986,卖盘
1454,14:25:22,39.94,0.01,4,15976,买盘
1455,14:25:24,39.94,0.0,18,71892,买盘
1456,14:25:31,39.94,0.0,5,19970,买盘
1457,14:25:34,39.98,0.04,15,59905,买盘
1458,14:25:37,39.98,0.0,15,59970,买盘
1459,14:25:46,39.99,0.01,5,19995,买盘
1460,14:25:49,39.99,0.0,10,39990,买盘
1461,14:25:58,40.0,0.01,14,55987,买盘
1462,14:26:13,40.0,0.0,6,24000,买盘
1463,14:26:22,39.99,-0.01,7,27993,卖盘
1464,14:26:25,40.0,0.01,10,39999,买盘
1465,14:27:40,40.0,0.0,3,12004,卖盘
1466,14:27:46,40.1,0.1,2,8020,买盘
1467,14:27:49,40.0,-0.1,6,24030,卖盘
1468,14:28:46,40.03,0.03,1,4003,卖盘
1469,14:28:57,40.0,-0.03,2,8001,卖盘
1470,14:29:00,40.0,0.0,2,8000,卖盘
1471,14:29:09,40.0,0.0,6,24003,卖盘
1472,14:29:13,40.03,0.03,4,16012,买盘
1473,14:29:15,40.02,-0.01,4,16008,买盘
1474,14:29:18,40.01,-0.01,5,20005,中性盘
1475,14:29:27,40.02,0.01,6,24012,买盘
1476,14:29:33,40.03,0.01,1,4003,买盘
1477,14:29:49,40.02,-0.01,9,36018,卖盘
1478,14:29:52,40.02,0.0,1,4002,买盘
1479,14:30:10,40.02,0.0,1,4002,买盘
1480,14:30:22,40.02,0.0,3,12006,买盘
1481,14:30:25,40.03,0.01,4,16012,买盘
1482,14:30:55,40.03,0.0,3,12009,卖盘
1483,14:31:16,40.07,0.04,10,40070,买盘
1484,14:31:25,40.09,0.02,2,8018,买盘
1485,14:31:40,40.09,0.0,2,8018,买盘
1486,14:31:46,40.09,0.0,2,8018,买盘
1487,14:32:06,40.11,0.02,2,8022,买盘
1488,14:32:28,40.11,0.0,3,12033,买盘
1489,14:32:31,40.12,0.01,1,4012,卖盘
1490,14:32:36,40.11,-0.01,1,4011,买盘
1491,14:32:39,40.11,0.0,1,4011,买盘
1492,14:33:04,40.11,0.0,5,20055,买盘
1493,14:33:22,40.14,0.03,1,4014,买盘
1494,14:33:37,40.15,0.01,10,40150,卖盘
1495,14:34:13,40.2,0.05,5,20090,买盘
1496,14:34:43,40.2,0.0,2,8040,买盘
1497,14:34:46,40.15,-0.05,3,12045,卖盘
1498,14:35:07,40.13,-0.02,5,20071,卖盘
1499,14:35:31,40.09,-0.04,10,40102,卖盘
1500,14:35:37,40.11,0.02,1,4011,卖盘
1501,14:35:46,40.11,0.0,10,40110,买盘
1502,14:35:52,40.09,-0.02,16,64146,卖盘
1503,14:35:58,40.12,0.03,10,40117,买盘
1504,14:36:01,40.11,-0.01,8,32088,卖盘
1505,14:36:16,40.12,0.01,4,16048,买盘
1506,14:36:19,40.12,0.0,12,48133,买盘
1507,14:36:22,40.12,0.0,4,16048,买盘
1508,14:36:34,40.15,0.03,1,4015,买盘
1509,14:36:46,40.19,0.04,5,20095,买盘
1510,14:36:52,40.21,0.02,32,128640,买盘
1511,14:37:05,40.21,0.0,1,4021,买盘
1512,14:37:13,40.22,0.01,7,28154,买盘
1513,14:37:16,40.22,0.0,13,52286,买盘
1514,14:37:33,40.23,0.01,1,4023,买盘
1515,14:37:37,40.23,0.0,1,4023,买盘
1516,14:37:46,40.23,0.0,1,4023,买盘
1517,14:38:01,40.27,0.04,13,52351,买盘
1518,14:38:19,40.29,0.02,6,24174,买盘
1519,14:38:22,40.29,0.0,21,84609,买盘
1520,14:38:25,40.29,0.0,2,8058,卖盘
1521,14:38:28,40.28,-0.01,1,4028,买盘
1522,14:38:40,40.3,0.02,10,40300,买盘
1523,14:40:01,40.34,0.04,3,12102,卖盘
1524,14:40:05,40.34,0.0,1,4034,卖盘
1525,14:40:07,40.34,0.0,1,4034,卖盘
1526,14:40:22,40.34,0.0,10,40340,卖盘
1527,14:40:25,40.34,0.0,3,12102,卖盘
1528,14:40:28,40.44,0.1,31,125279,买盘
1529,14:40:31,40.44,0.0,5,20220,卖盘
1530,14:40:34,40.34,-0.1,2,8068,买盘
1531,14:40:49,40.45,0.11,1,4045,卖盘
1532,14:41:05,40.44,-0.01,3,12132,买盘
1533,14:41:07,40.44,0.0,2,8088,买盘
1534,14:41:13,40.47,0.03,4,16185,买盘
1535,14:41:22,40.4,-0.07,8,32346,卖盘
1536,14:41:25,40.4,0.0,4,16160,买盘
1537,14:41:45,40.4,0.0,1,4040,买盘
1538,14:42:07,40.39,-0.01,1,4039,买盘
1539,14:42:19,40.39,0.0,3,12117,买盘
1540,14:42:22,40.39,0.0,4,16156,买盘
1541,14:42:58,40.35,-0.04,1,4035,卖盘
1542,14:43:06,40.39,0.04,2,8078,买盘
1543,14:43:19,40.35,-0.04,2,8070,卖盘
1544,14:43:28,40.35,0.0,2,8070,买盘
1545,14:43:34,40.33,-0.02,10,40330,卖盘
1546,14:43:37,40.35,0.02,31,125078,买盘
1547,14:44:10,40.32,-0.03,10,40320,卖盘
1548,14:44:37,40.34,0.02,6,24204,买盘
1549,14:44:46,40.32,-0.02,1,4032,卖盘
1550,14:44:49,40.34,0.02,1,4034,买盘
1551,14:45:01,40.32,-0.02,2,8064,卖盘
1552,14:45:04,40.34,0.02,1,4034,买盘
1553,14:45:40,40.34,0.0,10,40340,买盘
1554,14:45:43,40.33,-0.01,3,12099,卖盘
1555,14:45:49,40.34,0.01,2,8068,买盘
1556,14:46:40,40.33,-0.01,2,8066,卖盘
1557,14:46:43,40.34,0.01,9,36306,买盘
1558,14:46:52,40.33,-0.01,2,8066,卖盘
1559,14:47:07,40.46,0.13,56,226046,买盘
1560,14:47:13,40.46,0.0,1,4046,买盘
1561,14:47:49,40.5,0.04,45,182135,买盘
1562,14:47:58,40.52,0.02,3,12156,买盘
1563,14:48:01,40.52,0.0,9,36458,买盘
1564,14:48:10,40.52,0.0,5,20260,买盘
1565,14:48:13,40.4,-0.12,2,8080,买盘
1566,14:48:25,40.37,-0.03,3,12111,中性盘
1567,14:48:34,40.4,0.03,2,8080,买盘
1568,14:48:40,40.37,-0.03,25,100940,卖盘
1569,14:48:43,40.4,0.03,4,16160,买盘
1570,14:49:16,40.38,-0.02,14,56535,卖盘
1571,14:49:31,40.38,0.0,1,4038,卖盘
1572,14:49:43,40.39,0.01,1,4039,买盘
1573,14:49:55,40.55,0.16,30,121285,买盘
1574,14:50:01,40.33,-0.22,9,36327,卖盘
1575,14:50:04,40.34,0.01,3,12102,买盘
1576,14:50:10,40.33,-0.01,3,12099,卖盘
1577,14:50:13,40.32,-0.01,8,32261,卖盘
1578,14:50:19,40.39,0.07,18,72638,买盘
1579,14:50:34,40.4,0.01,3,12120,卖盘
1580,14:50:49,40.39,-0.01,3,12117,卖盘
1581,14:50:55,40.32,-0.07,1,4032,卖盘
1582,14:51:01,40.32,0.0,3,12096,卖盘
1583,14:51:10,40.33,0.01,5,20165,卖盘
1584,14:51:16,40.39,0.06,4,16155,买盘
1585,14:51:19,40.34,-0.05,1,4034,中性盘
1586,14:51:22,40.39,0.05,5,20195,买盘
1587,14:51:43,40.39,0.0,4,16156,买盘
1588,14:51:52,40.33,-0.06,13,52462,卖盘
1589,14:52:01,40.32,-0.01,6,24196,卖盘
1590,14:52:07,40.39,0.07,14,56546,买盘
1591,14:52:16,40.39,0.0,15,60494,买盘
1592,14:52:22,40.39,0.0,2,8078,买盘
1593,14:52:31,40.44,0.05,16,64690,买盘
1594,14:52:37,40.44,0.0,1,4044,卖盘
1595,14:52:52,40.44,0.0,4,16176,卖盘
1596,14:53:13,40.44,0.0,19,76836,买盘
1597,14:53:16,40.44,0.0,5,20220,卖盘
1598,14:53:19,40.39,-0.05,2,8083,卖盘
1599,14:53:22,40.48,0.09,4,16192,买盘
1600,14:53:40,40.48,0.0,5,20240,买盘
1601,14:53:46,40.48,0.0,2,8096,卖盘
1602,14:53:49,40.48,0.0,3,12144,卖盘
1603,14:54:04,40.49,0.01,4,16193,买盘
1604,14:54:16,40.49,0.0,7,28343,买盘
1605,14:54:22,40.48,-0.01,1,4048,买盘
1606,14:54:25,40.4,-0.08,3,12120,卖盘
1607,14:54:34,40.4,0.0,5,20200,买盘
1608,14:55:25,40.46,0.06,5,20222,买盘
1609,14:55:34,40.42,-0.04,5,20214,卖盘
1610,14:55:55,40.46,0.04,28,113271,买盘
1611,14:56:04,40.43,-0.03,18,72774,卖盘
1612,14:56:13,40.43,0.0,2,8086,卖盘
1613,14:56:16,40.43,0.0,18,72774,卖盘
1614,14:56:22,40.43,0.0,5,20215,卖盘
1615,14:56:37,40.43,0.0,8,32354,卖盘
1616,14:56:43,40.45,0.02,2,8090,买盘
1617,14:56:46,40.43,-0.02,3,12129,卖盘
1618,14:56:52,40.43,0.0,8,32344,卖盘
1619,14:56:55,40.43,0.0,3,12129,卖盘
1620,14:57:01,40.43,0.0,5,20215,卖盘
1621,15:00:05,40.43,0.0,196,792428,卖盘
