,time,price,change,volume,amount,type
0,09:30:07,12.35,0.0,60,74706,买盘
1,09:30:10,12.3,-0.05,7,7860,卖盘
2,09:30:13,12.3,0.0,1,1980,买盘
3,09:30:16,12.3,0.0,14,16470,卖盘
4,09:30:19,12.3,0.0,2,2460,买盘
5,09:30:22,12.3,0.0,2,2460,买盘
6,09:30:25,12.3,0.0,1,1230,买盘
7,09:30:28,12.3,0.0,1,1230,买盘
8,09:30:31,12.3,0.0,2,2460,买盘
9,09:30:46,12.27,-0.03,5,6135,卖盘
10,09:30:49,12.29,0.02,1,1229,买盘
11,09:31:19,12.3,0.01,5,6150,卖盘
12,09:31:40,12.32,0.02,1,1232,卖盘
13,09:31:55,12.32,0.0,8,9856,买盘
14,09:32:07,12.31,-0.01,10,12310,卖盘
15,09:32:12,12.3,-0.01,2,2460,卖盘
16,09:32:19,12.31,0.01,20,24620,买盘
17,09:32:25,12.3,-0.01,2,2460,卖盘
18,09:32:34,12.31,0.01,1,1231,买盘
19,09:32:37,12.3,-0.01,35,43069,卖盘
20,09:32:40,12.32,0.02,48,59066,买盘
21,09:32:52,12.31,-0.01,3,3693,卖盘
22,09:32:57,12.3,-0.01,11,13532,卖盘
23,09:33:04,12.3,0.0,23,28290,卖盘
24,09:33:19,12.3,0.0,4,4920,买盘
25,09:33:25,12.28,-0.02,1,1228,卖盘
26,09:33:28,12.27,-0.01,12,14724,卖盘
27,09:33:30,12.28,0.01,33,40522,买盘
28,09:33:34,12.3,0.02,2,2460,卖盘
29,09:33:37,12.3,0.0,1,1230,卖盘
30,09:33:43,12.3,0.0,2,2460,卖盘
31,09:33:46,12.31,0.01,7,8617,买盘
32,09:33:52,12.32,0.01,31,38169,买盘
33,09:33:54,12.3,-0.02,54,66420,卖盘
34,09:34:19,12.32,0.02,32,39424,买盘
35,09:34:25,12.33,0.01,1,1233,买盘
36,09:34:31,12.33,0.0,3,3699,卖盘
37,09:34:33,12.34,0.01,9,11105,买盘
38,09:34:46,12.34,0.0,2,2468,卖盘
39,09:34:58,12.36,0.02,5,6180,买盘
40,09:35:01,12.36,0.0,5,6180,买盘
41,09:35:07,12.36,0.0,2,2472,卖盘
42,09:35:16,12.38,0.02,33,40843,买盘
43,09:35:22,12.38,0.0,11,13618,卖盘
44,09:35:31,12.38,0.0,16,19808,卖盘
45,09:35:34,12.39,0.01,40,49536,买盘
46,09:35:37,12.37,-0.02,44,54506,卖盘
47,09:35:40,12.37,0.0,12,14854,卖盘
48,09:35:49,12.39,0.02,3,3717,卖盘
49,09:35:52,12.38,-0.01,15,18575,卖盘
50,09:35:55,12.37,-0.01,19,23516,卖盘
51,09:35:58,12.37,0.0,13,16081,卖盘
52,09:36:01,12.36,-0.01,17,21012,卖盘
53,09:36:04,12.37,0.01,45,55692,买盘
54,09:36:07,12.36,-0.01,31,39537,卖盘
55,09:36:09,12.35,-0.01,3,2495,买盘
56,09:36:16,12.37,0.02,4,6155,卖盘
57,09:36:22,12.37,0.0,4,4948,买盘
58,09:36:28,12.36,-0.01,1,1236,中性盘
59,09:36:34,12.36,0.0,30,37080,卖盘
60,09:36:37,12.37,0.01,29,35873,买盘
61,09:36:49,12.37,0.0,10,12370,卖盘
62,09:36:58,12.38,0.01,9,11142,买盘
63,09:37:01,12.37,-0.01,15,18555,卖盘
64,09:37:07,12.36,-0.01,10,12364,卖盘
65,09:37:09,12.36,0.0,19,23498,卖盘
66,09:37:13,12.35,-0.01,34,42020,卖盘
67,09:37:16,12.35,0.0,2,2470,卖盘
68,09:37:19,12.36,0.01,12,14821,买盘
69,09:37:22,12.35,-0.01,34,41990,卖盘
70,09:37:25,12.35,0.0,55,67925,卖盘
71,09:37:28,12.35,0.0,46,56810,卖盘
72,09:37:31,12.34,-0.01,35,42005,卖盘
73,09:37:33,12.35,0.01,26,32072,买盘
74,09:37:36,12.35,0.0,30,37050,卖盘
75,09:37:40,12.35,0.0,3,3705,卖盘
76,09:37:43,12.35,0.0,2,2470,卖盘
77,09:37:48,12.35,0.0,20,24700,买盘
78,09:38:01,12.35,0.0,16,19760,卖盘
79,09:38:04,12.35,0.0,1,1235,买盘
80,09:38:13,12.35,0.0,2,2470,买盘
81,09:38:19,12.35,0.0,10,12350,买盘
82,09:38:30,12.35,0.0,11,13584,买盘
83,09:38:43,12.35,0.0,3,3705,卖盘
84,09:39:04,12.36,0.01,11,13596,买盘
85,09:39:16,12.36,0.0,7,8652,买盘
86,09:39:28,12.36,0.0,17,21012,买盘
87,09:39:31,12.36,0.0,2,2472,买盘
88,09:39:52,12.38,0.02,10,12380,买盘
89,09:40:07,12.39,0.01,2,2478,买盘
90,09:40:10,12.39,0.0,2,2478,买盘
91,09:40:13,12.39,0.0,4,4956,买盘
92,09:40:25,12.39,0.0,10,12390,卖盘
93,09:40:31,12.4,0.01,7,8680,买盘
94,09:40:34,12.39,-0.01,8,9916,卖盘
95,09:40:43,12.39,0.0,60,74340,买盘
96,09:41:07,12.4,0.01,1,1240,买盘
97,09:41:15,12.4,0.0,5,6200,卖盘
98,09:41:19,12.41,0.01,1,1241,买盘
99,09:41:22,12.4,-0.01,69,85560,卖盘
100,09:41:25,12.41,0.01,18,22338,买盘
101,09:41:28,12.41,0.0,27,33507,买盘
102,09:41:30,12.41,0.0,10,12410,卖盘
103,09:41:34,12.42,0.01,52,64584,买盘
104,09:41:43,12.41,-0.01,107,132884,卖盘
105,09:41:58,12.43,0.02,6,7458,买盘
106,09:42:01,12.43,0.0,13,16159,买盘
107,09:42:07,12.43,0.0,4,4972,买盘
108,09:42:09,12.43,0.0,41,50963,买盘
109,09:42:13,12.44,0.01,7,8705,买盘
110,09:42:16,12.43,-0.01,10,12430,卖盘
111,09:42:19,12.43,0.0,10,12430,卖盘
112,09:42:22,12.44,0.01,4,4976,买盘
113,09:42:25,12.44,0.0,2,2488,买盘
114,09:42:31,12.43,-0.01,135,167853,卖盘
115,09:42:37,12.42,-0.01,5,6216,卖盘
116,09:42:39,12.44,0.02,5,6218,买盘
117,09:42:42,12.44,0.0,1,1244,卖盘
118,09:42:46,12.45,0.01,5,6225,买盘
119,09:42:49,12.45,0.0,4,4977,买盘
120,09:43:04,12.43,-0.02,32,39792,卖盘
121,09:43:07,12.43,0.0,5,6215,买盘
122,09:43:10,12.42,-0.01,14,17388,卖盘
123,09:43:13,12.42,0.0,29,36018,卖盘
124,09:43:19,12.42,0.0,2,2483,买盘
125,09:43:22,12.41,-0.01,5,6205,卖盘
126,09:43:25,12.41,0.0,4,4964,卖盘
127,09:43:27,12.42,0.01,58,72028,买盘
128,09:43:34,12.41,-0.01,6,7446,卖盘
129,09:43:37,12.41,0.0,5,6205,卖盘
130,09:43:46,12.41,0.0,10,12410,买盘
131,09:43:49,12.4,-0.01,5,6200,卖盘
132,09:43:55,12.39,-0.01,12,14876,卖盘
133,09:43:58,12.41,0.02,1,1241,买盘
134,09:44:28,12.41,0.0,9,11169,卖盘
135,09:45:10,12.41,0.0,45,55845,卖盘
136,09:45:22,12.44,0.03,121,150375,买盘
137,09:45:48,12.43,-0.01,3,3729,买盘
138,09:45:55,12.43,0.0,5,6215,卖盘
139,09:46:04,12.44,0.01,31,38554,买盘
140,09:46:10,12.43,-0.01,29,36047,卖盘
141,09:46:16,12.43,0.0,6,7458,买盘
142,09:46:28,12.42,-0.01,15,18630,卖盘
143,09:46:34,12.42,0.0,10,12420,买盘
144,09:46:37,12.43,0.01,55,68324,买盘
145,09:46:42,12.4,-0.03,41,50863,卖盘
146,09:47:04,12.41,0.01,2,2482,卖盘
147,09:47:18,12.41,0.0,10,12410,卖盘
148,09:47:28,12.41,0.0,30,37230,卖盘
149,09:47:36,12.41,0.0,10,12410,卖盘
150,09:47:52,12.42,0.01,5,6210,买盘
151,09:48:04,12.41,-0.01,22,27302,卖盘
152,09:48:12,12.41,0.0,5,6205,卖盘
153,09:48:19,12.42,0.01,50,62100,买盘
154,09:48:22,12.41,-0.01,38,47178,卖盘
155,09:48:25,12.41,0.0,3,3723,卖盘
156,09:48:28,12.41,0.0,2,2482,买盘
157,09:48:43,12.41,0.0,25,31025,买盘
158,09:48:46,12.42,0.01,10,12420,买盘
159,09:49:13,12.41,-0.01,2,2482,卖盘
160,09:49:18,12.42,0.01,6,7452,买盘
161,09:49:22,12.42,0.0,33,40986,买盘
162,09:49:46,12.43,0.01,44,54651,买盘
163,09:50:13,12.42,-0.01,6,7452,买盘
164,09:50:25,12.41,-0.01,5,6205,卖盘
165,09:50:31,12.42,0.01,5,6210,买盘
166,09:50:46,12.41,-0.01,50,62050,卖盘
167,09:50:49,12.41,0.0,21,26071,卖盘
168,09:50:55,12.41,0.0,16,19856,买盘
169,09:51:01,12.41,0.0,28,34748,买盘
170,09:51:31,12.41,0.0,18,22338,卖盘
171,09:52:01,12.4,-0.01,7,8680,卖盘
172,09:52:37,12.41,0.01,26,32266,买盘
173,09:53:04,12.42,0.01,9,11178,买盘
174,09:53:09,12.42,0.0,10,12420,买盘
175,09:53:13,12.42,0.0,45,55890,买盘
176,09:53:31,12.43,0.01,23,28589,买盘
177,09:53:34,12.43,0.0,10,12430,买盘
178,09:53:43,12.43,0.0,21,26103,买盘
179,09:53:46,12.43,0.0,10,12430,买盘
180,09:53:52,12.43,0.0,20,24860,买盘
181,09:53:58,12.43,0.0,11,13673,卖盘
182,09:54:10,12.44,0.01,2,2488,买盘
183,09:54:31,12.44,0.0,23,28612,买盘
184,09:54:43,12.45,0.01,10,12450,买盘
185,09:54:52,12.45,0.0,16,19920,买盘
186,09:55:07,12.47,0.02,37,46093,买盘
187,09:55:09,12.45,-0.02,10,12450,卖盘
188,09:55:16,12.45,0.0,37,46081,卖盘
189,09:55:19,12.45,0.0,3,3735,卖盘
190,09:55:21,12.45,0.0,8,9960,卖盘
191,09:55:28,12.45,0.0,6,7470,买盘
192,09:55:34,12.45,0.0,3,3735,买盘
193,09:55:36,12.45,0.0,13,16185,买盘
194,09:55:43,12.45,0.0,1,1245,卖盘
195,09:55:49,12.45,0.0,1,1245,卖盘
196,09:56:04,12.45,0.0,11,13685,买盘
197,09:56:09,12.44,-0.01,2,2488,卖盘
198,09:56:19,12.44,0.0,50,62240,卖盘
199,09:56:22,12.44,0.0,33,41052,卖盘
200,09:56:28,12.44,0.0,4,4976,买盘
201,09:56:42,12.43,-0.01,5,6215,卖盘
202,09:56:57,12.43,0.0,20,24860,卖盘
203,09:57:01,12.44,0.01,40,49760,买盘
204,09:57:04,12.43,-0.01,12,14916,卖盘
205,09:57:15,12.44,0.01,5,6220,买盘
206,09:57:19,12.43,-0.01,2,2486,卖盘
207,09:57:48,12.43,0.0,10,12430,卖盘
208,09:57:52,12.43,0.0,1,1243,卖盘
209,09:59:39,12.42,-0.01,16,19872,卖盘
210,09:59:49,12.44,0.02,31,38561,买盘
211,09:59:52,12.44,0.0,64,79608,买盘
212,10:00:10,12.45,0.01,19,23655,买盘
213,10:00:22,12.44,-0.01,20,24880,卖盘
214,10:00:43,12.45,0.01,20,24900,买盘
215,10:00:51,12.45,0.0,8,9960,卖盘
216,10:00:58,12.45,0.0,11,13695,卖盘
217,10:01:04,12.46,0.01,111,138218,买盘
218,10:01:13,12.45,-0.01,5,6225,中性盘
219,10:01:19,12.45,0.0,1,1245,买盘
220,10:01:21,12.46,0.01,9,11209,买盘
221,10:01:31,12.44,-0.02,5,6220,卖盘
222,10:01:34,12.44,0.0,3,3732,卖盘
223,10:01:37,12.44,0.0,13,16172,买盘
224,10:01:58,12.45,0.01,4,4978,买盘
225,10:02:04,12.43,-0.02,2,2486,买盘
226,10:02:13,12.43,0.0,2,2486,卖盘
227,10:02:19,12.43,0.0,1,1243,卖盘
228,10:02:22,12.43,0.0,13,16159,卖盘
229,10:02:52,12.42,-0.01,38,47196,卖盘
230,10:03:10,12.42,0.0,10,12420,买盘
231,10:03:13,12.42,0.0,23,28552,买盘
232,10:03:16,12.41,-0.01,67,83147,卖盘
233,10:03:31,12.41,0.0,10,12410,买盘
234,10:03:36,12.41,0.0,3,3723,买盘
235,10:03:48,12.41,0.0,1,1241,卖盘
236,10:04:13,12.4,-0.01,4,4960,卖盘
237,10:04:22,12.42,0.02,20,24840,买盘
238,10:04:25,12.41,-0.01,9,11169,卖盘
239,10:04:37,12.41,0.0,26,32266,卖盘
240,10:04:45,12.41,0.0,10,12410,卖盘
241,10:04:55,12.41,0.0,27,33507,卖盘
242,10:05:07,12.41,0.0,5,6205,买盘
243,10:05:22,12.4,-0.01,13,16120,卖盘
244,10:05:31,12.41,0.01,8,9928,买盘
245,10:05:37,12.41,0.0,14,17374,卖盘
246,10:06:04,12.41,0.0,4,4964,卖盘
247,10:06:27,12.41,0.0,6,7446,卖盘
248,10:06:30,12.4,-0.01,38,47124,卖盘
249,10:06:43,12.4,0.0,30,37200,卖盘
250,10:07:13,12.4,0.0,2,2480,卖盘
251,10:07:37,12.41,0.01,2,2482,卖盘
252,10:07:39,12.41,0.0,1,1241,卖盘
253,10:08:04,12.41,0.0,8,9928,卖盘
254,10:08:10,12.4,-0.01,10,12400,卖盘
255,10:08:18,12.41,0.01,10,12410,买盘
256,10:08:25,12.4,-0.01,43,53320,卖盘
257,10:08:28,12.4,0.0,3,3720,卖盘
258,10:08:30,12.4,0.0,8,9920,卖盘
259,10:08:39,12.4,0.0,2,2480,卖盘
260,10:08:46,12.4,0.0,195,241800,卖盘
261,10:08:52,12.4,0.0,10,12400,卖盘
262,10:08:55,12.4,0.0,86,106640,卖盘
263,10:09:01,12.39,-0.01,42,52038,卖盘
264,10:09:04,12.39,0.0,82,102812,卖盘
265,10:09:06,12.39,0.0,108,132598,卖盘
266,10:09:10,12.38,-0.01,7,8666,卖盘
267,10:09:13,12.37,-0.01,38,47041,卖盘
268,10:09:16,12.37,0.0,37,45769,卖盘
269,10:09:19,12.37,0.0,13,16081,卖盘
270,10:09:25,12.37,0.0,9,11133,卖盘
271,10:09:34,12.37,0.0,18,22266,卖盘
272,10:09:37,12.37,0.0,2,2474,买盘
273,10:09:40,12.36,-0.01,39,48204,卖盘
274,10:09:54,12.35,-0.01,41,50635,卖盘
275,10:10:01,12.34,-0.01,1,1234,卖盘
276,10:10:07,12.34,0.0,17,20978,卖盘
277,10:10:13,12.33,-0.01,20,24660,卖盘
278,10:10:19,12.34,0.01,17,20954,买盘
279,10:10:40,12.32,-0.02,12,14786,卖盘
280,10:10:43,12.32,0.0,10,12320,卖盘
281,10:10:46,12.33,0.01,29,35737,买盘
282,10:10:49,12.33,0.0,5,6165,卖盘
283,10:10:52,12.34,0.01,8,9872,买盘
284,10:10:55,12.33,-0.01,101,124633,卖盘
285,10:11:16,12.35,0.02,10,12350,买盘
286,10:11:31,12.35,0.0,5,6175,买盘
287,10:11:33,12.35,0.0,30,37050,买盘
288,10:11:37,12.35,0.0,10,12350,买盘
289,10:11:40,12.35,0.0,13,16055,买盘
290,10:11:43,12.35,0.0,50,61750,买盘
291,10:11:46,12.35,0.0,3,3705,买盘
292,10:11:52,12.35,0.0,9,11115,买盘
293,10:12:00,12.36,0.01,3,3708,买盘
294,10:12:04,12.36,0.0,1,1236,卖盘
295,10:12:24,12.36,0.0,6,7416,卖盘
296,10:12:42,12.36,0.0,20,24720,买盘
297,10:12:51,12.35,-0.01,11,13585,卖盘
298,10:12:58,12.36,0.01,1,1236,买盘
299,10:13:04,12.36,0.0,3,3708,买盘
300,10:13:19,12.36,0.0,1,1236,卖盘
301,10:13:34,12.34,-0.02,103,127150,卖盘
302,10:13:43,12.34,0.0,4,4936,卖盘
303,10:13:58,12.34,0.0,8,9872,卖盘
304,10:14:19,12.34,0.0,10,12340,卖盘
305,10:14:31,12.34,0.0,10,12340,卖盘
306,10:14:39,12.35,0.01,9,11107,买盘
307,10:14:49,12.34,-0.01,10,12340,卖盘
308,10:14:52,12.34,0.0,16,19751,卖盘
309,10:15:01,12.34,0.0,1,1234,买盘
310,10:15:04,12.34,0.0,13,16042,买盘
311,10:15:07,12.33,-0.01,4,4932,卖盘
312,10:15:12,12.33,0.0,30,36990,卖盘
313,10:15:19,12.33,0.0,35,43155,卖盘
314,10:15:52,12.32,-0.01,35,43120,卖盘
315,10:15:55,12.32,0.0,5,6160,买盘
316,10:15:58,12.32,0.0,3,3696,买盘
317,10:16:04,12.3,-0.02,186,228842,卖盘
318,10:16:07,12.32,0.02,44,54158,买盘
319,10:16:34,12.31,-0.01,17,20927,买盘
320,10:16:40,12.31,0.0,37,45547,卖盘
321,10:17:04,12.32,0.01,46,56672,买盘
322,10:17:06,12.31,-0.01,7,8617,买盘
323,10:17:22,12.31,0.0,45,55395,买盘
324,10:17:58,12.31,0.0,1,1231,卖盘
325,10:18:07,12.32,0.01,16,19712,买盘
326,10:18:13,12.32,0.0,11,13552,卖盘
327,10:18:52,12.32,0.0,12,14784,卖盘
328,10:19:43,12.31,-0.01,44,54180,卖盘
329,10:19:49,12.31,0.0,10,12310,买盘
330,10:19:55,12.31,0.0,1,1231,买盘
331,10:20:18,12.31,0.0,1,1231,买盘
332,10:20:22,12.3,-0.01,38,46740,卖盘
333,10:20:25,12.31,0.01,49,60319,买盘
334,10:20:28,12.31,0.0,5,6155,买盘
335,10:20:30,12.31,0.0,2,2462,买盘
336,10:20:51,12.31,0.0,1,1231,卖盘
337,10:20:58,12.31,0.0,1,1231,卖盘
338,10:21:27,12.32,0.01,64,78848,买盘
339,10:21:49,12.3,-0.02,97,119360,卖盘
340,10:22:01,12.31,0.01,4,4924,买盘
341,10:22:04,12.3,-0.01,8,9840,卖盘
342,10:22:10,12.29,-0.01,33,40557,卖盘
343,10:22:18,12.27,-0.02,37,45431,卖盘
344,10:22:22,12.28,0.01,16,19643,买盘
345,10:22:28,12.27,-0.01,28,34356,卖盘
346,10:22:34,12.27,0.0,9,11043,卖盘
347,10:22:37,12.27,0.0,10,12270,买盘
348,10:22:40,12.27,0.0,14,17174,买盘
349,10:22:55,12.28,0.01,2,2456,买盘
350,10:22:58,12.27,-0.01,11,13503,卖盘
351,10:23:09,12.29,0.02,35,43015,买盘
352,10:23:16,12.29,0.0,11,13519,买盘
353,10:23:36,12.29,0.0,11,13519,买盘
354,10:23:52,12.31,0.02,8,9848,买盘
355,10:24:04,12.31,0.0,4,4924,买盘
356,10:24:10,12.29,-0.02,8,9832,卖盘
357,10:24:19,12.31,0.02,2,2462,卖盘
358,10:24:22,12.33,0.02,30,36988,买盘
359,10:24:42,12.29,-0.04,6,7374,卖盘
360,10:24:52,12.29,0.0,29,35641,买盘
361,10:24:55,12.29,0.0,3,3687,买盘
362,10:24:58,12.29,0.0,9,11061,卖盘
363,10:25:28,12.33,0.04,147,181141,买盘
364,10:25:31,12.33,0.0,1,1233,卖盘
365,10:25:34,12.33,0.0,21,25893,卖盘
366,10:25:39,12.33,0.0,1,1233,卖盘
367,10:25:58,12.32,-0.01,6,7392,买盘
368,10:26:31,12.32,0.0,10,12320,买盘
369,10:27:10,12.31,-0.01,1,1231,卖盘
370,10:27:16,12.31,0.0,1,1231,卖盘
371,10:27:37,12.31,0.0,4,4924,卖盘
372,10:27:40,12.31,0.0,11,13541,卖盘
373,10:27:54,12.32,0.01,22,27104,买盘
374,10:28:28,12.32,0.0,24,29568,买盘
375,10:28:49,12.33,0.01,10,12330,买盘
376,10:29:09,12.34,0.01,2,2468,买盘
377,10:29:46,12.33,-0.01,5,6165,卖盘
378,10:29:49,12.33,0.0,2,2466,买盘
379,10:29:51,12.33,0.0,1,1233,卖盘
380,10:30:01,12.34,0.01,10,12340,买盘
381,10:30:28,12.33,-0.01,1,1233,卖盘
382,10:30:39,12.33,0.0,2,2466,买盘
383,10:30:54,12.34,0.01,15,18510,买盘
384,10:31:43,12.34,0.0,27,33318,买盘
385,10:31:46,12.34,0.0,10,12340,卖盘
386,10:32:46,12.34,0.0,4,4936,卖盘
387,10:32:55,12.34,0.0,20,24680,卖盘
388,10:33:13,12.34,0.0,93,114805,卖盘
389,10:34:16,12.34,0.0,9,11106,卖盘
390,10:34:49,12.33,-0.01,3,3699,卖盘
391,10:34:55,12.33,0.0,11,13563,卖盘
392,10:35:40,12.33,0.0,8,9864,买盘
393,10:35:49,12.32,-0.01,26,32032,卖盘
394,10:36:10,12.31,-0.01,3,3693,卖盘
395,10:36:16,12.31,0.0,10,12310,卖盘
396,10:36:24,12.31,0.0,2,2462,卖盘
397,10:36:34,12.3,-0.01,1,1230,卖盘
398,10:36:37,12.28,-0.02,60,73758,卖盘
399,10:36:58,12.28,0.0,14,17192,卖盘
400,10:37:01,12.28,0.0,5,6140,买盘
401,10:37:04,12.28,0.0,43,52804,买盘
402,10:37:30,12.28,0.0,10,12280,买盘
403,10:38:00,12.28,0.0,30,36840,买盘
404,10:38:04,12.27,-0.01,38,46626,卖盘
405,10:38:06,12.28,0.01,6,7368,买盘
406,10:38:28,12.28,0.0,4,4912,卖盘
407,10:39:12,12.28,0.0,10,12280,卖盘
408,10:39:16,12.28,0.0,5,6140,卖盘
409,10:39:22,12.29,0.01,1,1229,买盘
410,10:39:31,12.28,-0.01,16,19648,卖盘
411,10:39:55,12.27,-0.01,10,12270,卖盘
412,10:39:58,12.28,0.01,14,17192,买盘
413,10:40:13,12.28,0.0,10,12280,卖盘
414,10:40:31,12.28,0.0,50,61400,卖盘
415,10:40:45,12.29,0.01,1,1229,买盘
416,10:41:13,12.29,0.0,3,3687,买盘
417,10:41:15,12.29,0.0,11,13519,买盘
418,10:41:31,12.29,0.0,8,9832,卖盘
419,10:41:36,12.3,0.01,8,9840,买盘
420,10:41:58,12.29,-0.01,23,28267,卖盘
421,10:42:10,12.29,0.0,2,2458,买盘
422,10:42:13,12.29,0.0,1,1229,买盘
423,10:42:37,12.29,0.0,5,6145,买盘
424,10:42:51,12.29,0.0,8,9832,买盘
425,10:43:10,12.3,0.01,2,2460,买盘
426,10:43:12,12.29,-0.01,5,6145,卖盘
427,10:43:34,12.29,0.0,23,28267,卖盘
428,10:43:40,12.29,0.0,20,24580,买盘
429,10:43:52,12.28,-0.01,10,12280,卖盘
430,10:44:01,12.28,0.0,30,36840,卖盘
431,10:44:04,12.29,0.01,2,2458,买盘
432,10:44:22,12.28,-0.01,28,34384,卖盘
433,10:44:28,12.28,0.0,6,7368,卖盘
434,10:44:43,12.29,0.01,2,2458,买盘
435,10:44:51,12.27,-0.02,1,1227,卖盘
436,10:45:28,12.28,0.01,1,1228,买盘
437,10:45:39,12.28,0.0,7,8596,买盘
438,10:45:43,12.28,0.0,20,24560,买盘
439,10:45:46,12.28,0.0,39,47890,买盘
440,10:45:48,12.28,0.0,5,6140,买盘
441,10:45:51,12.28,0.0,1,1228,买盘
442,10:45:55,12.28,0.0,39,47892,买盘
443,10:46:18,12.28,0.0,10,12280,卖盘
444,10:46:57,12.29,0.01,20,24580,卖盘
445,10:47:04,12.29,0.0,14,17206,买盘
446,10:47:24,12.29,0.0,10,12290,卖盘
447,10:47:34,12.29,0.0,20,24580,买盘
448,10:47:37,12.29,0.0,3,3687,买盘
449,10:47:40,12.31,0.02,17,20926,买盘
450,10:48:07,12.29,-0.02,3,3688,卖盘
451,10:48:18,12.29,0.0,13,15977,卖盘
452,10:48:34,12.29,0.0,6,7374,卖盘
453,10:48:46,12.29,0.0,30,36870,卖盘
454,10:49:06,12.3,0.01,5,6150,卖盘
455,10:49:09,12.29,-0.01,5,6145,卖盘
456,10:49:18,12.3,0.01,2,2460,买盘
457,10:49:31,12.29,-0.01,18,22122,卖盘
458,10:49:37,12.29,0.0,4,5641,卖盘
459,10:50:46,12.3,0.01,1,1230,买盘
460,10:50:48,12.29,-0.01,24,28771,卖盘
461,10:51:04,12.29,0.0,1,1229,买盘
462,10:51:42,12.29,0.0,5,6870,买盘
463,10:51:46,12.29,0.0,6,6649,卖盘
464,10:52:01,12.28,-0.01,2,2456,卖盘
465,10:52:06,12.29,0.01,7,8601,买盘
466,10:52:19,12.28,-0.01,61,74908,卖盘
467,10:52:25,12.28,0.0,21,25788,卖盘
468,10:52:28,12.28,0.0,2,2456,卖盘
469,10:52:31,12.27,-0.01,3,3681,卖盘
470,10:52:34,12.27,0.0,17,20859,卖盘
471,10:52:37,12.27,0.0,13,15951,卖盘
472,10:52:40,12.27,0.0,5,6135,卖盘
473,10:52:43,12.27,0.0,4,4908,卖盘
474,10:52:46,12.27,0.0,9,11043,卖盘
475,10:52:49,12.26,-0.01,3,3678,卖盘
476,10:52:52,12.26,0.0,9,11034,卖盘
477,10:52:55,12.26,0.0,68,83368,卖盘
478,10:52:58,12.25,-0.01,85,104125,卖盘
479,10:53:00,12.25,0.0,1,1225,买盘
480,10:53:04,12.24,-0.01,29,35496,卖盘
481,10:53:07,12.25,0.01,5,6125,买盘
482,10:53:10,12.24,-0.01,11,13464,卖盘
483,10:53:12,12.23,-0.01,48,58704,卖盘
484,10:53:16,12.23,0.0,34,41582,卖盘
485,10:53:28,12.24,0.01,5,6120,买盘
486,10:53:39,12.24,0.0,3,3672,买盘
487,10:53:49,12.24,0.0,1,1224,买盘
488,10:53:55,12.24,0.0,3,3672,买盘
489,10:54:04,12.23,-0.01,3,3670,卖盘
490,10:54:12,12.24,0.01,10,12240,买盘
491,10:54:18,12.24,0.0,1,1224,买盘
492,10:54:22,12.24,0.0,6,7344,买盘
493,10:54:46,12.24,0.0,40,48960,卖盘
494,10:54:58,12.24,0.0,37,45288,卖盘
495,10:55:01,12.24,0.0,6,7344,买盘
496,10:55:12,12.24,0.0,1,1224,买盘
497,10:55:19,12.24,0.0,5,6120,买盘
498,10:55:46,12.23,-0.01,10,12230,卖盘
499,10:55:57,12.24,0.01,1,1224,买盘
500,10:56:07,12.23,-0.01,31,37913,卖盘
501,10:56:09,12.24,0.01,7,8566,买盘
502,10:56:19,12.24,0.0,7,8562,买盘
503,10:56:28,12.23,-0.01,20,24460,卖盘
504,10:56:36,12.24,0.01,14,17134,买盘
505,10:57:04,12.25,0.01,11,13475,买盘
506,10:57:40,12.24,-0.01,2,2448,卖盘
507,10:57:43,12.25,0.01,9,11025,买盘
508,10:57:52,12.25,0.0,11,13475,卖盘
509,10:58:10,12.26,0.01,7,8582,买盘
510,10:58:37,12.28,0.02,3,3684,买盘
511,10:58:49,12.27,-0.01,1,1227,卖盘
512,10:59:13,12.27,0.0,10,12270,卖盘
513,10:59:16,12.27,0.0,1,1227,卖盘
514,10:59:19,12.27,0.0,2,2454,卖盘
515,10:59:22,12.28,0.01,2,2455,买盘
516,10:59:43,12.24,-0.04,282,345461,卖盘
517,10:59:48,12.23,-0.01,21,25683,卖盘
518,10:59:51,12.23,0.0,2,2446,卖盘
519,10:59:55,12.23,0.0,8,9784,卖盘
520,10:59:58,12.23,0.0,2,2446,卖盘
521,11:00:01,12.22,-0.01,277,338564,卖盘
522,11:00:07,12.22,0.0,36,43992,卖盘
523,11:00:10,12.21,-0.01,23,28105,卖盘
524,11:00:13,12.21,0.0,90,109890,卖盘
525,11:00:16,12.22,0.01,30,36640,买盘
526,11:00:18,12.21,-0.01,159,194139,卖盘
527,11:00:22,12.21,0.0,4,4884,卖盘
528,11:00:25,12.2,-0.01,22,26840,卖盘
529,11:00:28,12.2,0.0,4,4880,卖盘
530,11:00:31,12.21,0.01,3,3663,买盘
531,11:00:37,12.2,-0.01,11,13426,卖盘
532,11:00:40,12.2,0.0,121,147620,卖盘
533,11:00:45,12.19,-0.01,11,13409,卖盘
534,11:00:51,12.19,0.0,5,6095,卖盘
535,11:01:00,12.19,0.0,99,120681,卖盘
536,11:01:04,12.19,0.0,7,8527,买盘
537,11:01:07,12.19,0.0,16,19504,买盘
538,11:01:13,12.18,-0.01,60,73080,卖盘
539,11:01:15,12.19,0.01,1,1219,买盘
540,11:01:19,12.18,-0.01,17,20706,卖盘
541,11:01:21,12.19,0.01,1,1219,买盘
542,11:01:31,12.18,-0.01,15,18270,卖盘
543,11:01:40,12.19,0.01,99,120671,买盘
544,11:01:45,12.19,0.0,4,4876,卖盘
545,11:01:52,12.19,0.0,1,1219,卖盘
546,11:01:55,12.19,0.0,53,64607,卖盘
547,11:02:04,12.19,0.0,19,23161,卖盘
548,11:02:12,12.19,0.0,10,12190,买盘
549,11:02:19,12.19,0.0,13,15847,买盘
550,11:02:22,12.19,0.0,68,82892,卖盘
551,11:02:24,12.18,-0.01,3,3654,卖盘
552,11:02:34,12.19,0.01,27,32938,卖盘
553,11:02:37,12.19,0.0,121,147403,买盘
554,11:02:40,12.19,0.0,14,17066,买盘
555,11:02:42,12.19,0.0,2,2438,买盘
556,11:02:46,12.18,-0.01,72,87696,卖盘
557,11:02:49,12.18,0.0,5,6090,买盘
558,11:02:55,12.18,0.0,10,12180,买盘
559,11:03:01,12.17,-0.01,50,60850,卖盘
560,11:03:10,12.18,0.01,14,17052,买盘
561,11:03:16,12.18,0.0,25,30427,买盘
562,11:03:22,12.17,-0.01,1,1217,卖盘
563,11:03:31,12.18,0.01,10,12180,买盘
564,11:03:49,12.18,0.0,103,125454,买盘
565,11:03:55,12.17,-0.01,5,6085,卖盘
566,11:03:58,12.18,0.01,22,26796,买盘
567,11:04:00,12.18,0.0,21,25578,买盘
568,11:04:04,12.18,0.0,33,40194,买盘
569,11:04:10,12.18,0.0,15,18270,买盘
570,11:04:22,12.19,0.01,11,13409,买盘
571,11:04:31,12.2,0.01,10,12200,买盘
572,11:04:40,12.2,0.0,9,10980,买盘
573,11:05:04,12.2,0.0,1,1220,卖盘
574,11:05:09,12.2,0.0,5,6103,卖盘
575,11:05:12,12.2,0.0,6,7320,卖盘
576,11:05:15,12.2,0.0,1,1220,卖盘
577,11:05:22,12.2,0.0,4,4880,卖盘
578,11:05:25,12.2,0.0,3,3660,卖盘
579,11:05:28,12.19,-0.01,9,10973,卖盘
580,11:05:31,12.19,0.0,10,12190,卖盘
581,11:05:37,12.2,0.01,15,18300,卖盘
582,11:05:40,12.19,-0.01,39,47566,卖盘
583,11:05:43,12.19,0.0,10,12190,卖盘
584,11:05:46,12.19,0.0,9,10971,卖盘
585,11:05:49,12.19,0.0,12,14628,卖盘
586,11:05:52,12.18,-0.01,12,14623,卖盘
587,11:05:55,12.18,0.0,9,10962,卖盘
588,11:05:58,12.18,0.0,8,9744,卖盘
589,11:06:01,12.18,0.0,18,21924,卖盘
590,11:06:04,12.18,0.0,5,6088,卖盘
591,11:06:06,12.17,-0.01,4,4868,卖盘
592,11:06:16,12.18,0.01,37,45071,买盘
593,11:06:18,12.18,0.0,41,49938,卖盘
594,11:06:22,12.17,-0.01,114,138754,卖盘
595,11:06:34,12.19,0.02,41,49960,买盘
596,11:06:37,12.19,0.0,32,38945,买盘
597,11:06:46,12.16,-0.03,54,65713,卖盘
598,11:06:48,12.17,0.01,6,7302,买盘
599,11:06:55,12.16,-0.01,19,23104,卖盘
600,11:06:58,12.16,0.0,10,12160,卖盘
601,11:07:01,12.17,0.01,14,17038,买盘
602,11:07:04,12.17,0.0,4,4868,买盘
603,11:07:06,12.17,0.0,1,1217,买盘
604,11:07:13,12.17,0.0,6,7302,买盘
605,11:07:16,12.17,0.0,11,13387,买盘
606,11:07:22,12.16,-0.01,2,2432,卖盘
607,11:07:24,12.17,0.01,31,37727,买盘
608,11:07:27,12.17,0.0,29,35293,卖盘
609,11:07:37,12.18,0.01,35,42630,买盘
610,11:07:48,12.19,0.01,47,57293,买盘
611,11:07:52,12.19,0.0,2,2438,卖盘
612,11:07:55,12.18,-0.01,6,7309,卖盘
613,11:08:04,12.2,0.02,3,3660,买盘
614,11:08:18,12.21,0.01,5,6105,买盘
615,11:08:22,12.2,-0.01,8,9760,卖盘
616,11:08:28,12.2,0.0,10,12200,卖盘
617,11:08:34,12.21,0.01,19,23199,买盘
618,11:08:46,12.21,0.0,1,1221,买盘
619,11:08:48,12.2,-0.01,17,20754,卖盘
620,11:09:09,12.2,0.0,7,8540,卖盘
621,11:09:15,12.2,0.0,36,43940,卖盘
622,11:09:24,12.2,0.0,38,46360,买盘
623,11:09:36,12.2,0.0,5,6100,买盘
624,11:09:51,12.2,0.0,149,181651,买盘
625,11:09:55,12.19,-0.01,3,3657,卖盘
626,11:10:10,12.17,-0.02,79,96161,卖盘
627,11:10:19,12.17,0.0,1,1217,买盘
628,11:10:31,12.17,0.0,1,1217,买盘
629,11:10:37,12.17,0.0,88,107096,买盘
630,11:10:40,12.17,0.0,1,1217,卖盘
631,11:10:43,12.16,-0.01,81,98505,卖盘
632,11:10:52,12.16,0.0,3,3648,买盘
633,11:11:13,12.16,0.0,30,36470,买盘
634,11:11:18,12.16,0.0,116,141056,买盘
635,11:11:22,12.16,0.0,2,2432,买盘
636,11:11:28,12.16,0.0,5,6080,卖盘
637,11:11:31,12.16,0.0,21,25536,卖盘
638,11:11:37,12.16,0.0,10,12160,买盘
639,11:11:40,12.16,0.0,20,24320,买盘
640,11:11:46,12.16,0.0,13,15808,买盘
641,11:11:49,12.16,0.0,36,43776,买盘
642,11:12:00,12.17,0.01,1,1217,买盘
643,11:12:10,12.17,0.0,1,1217,买盘
644,11:12:18,12.17,0.0,6,7302,买盘
645,11:12:25,12.18,0.01,5,6090,买盘
646,11:12:34,12.19,0.01,47,57293,买盘
647,11:12:37,12.19,0.0,15,18285,买盘
648,11:12:40,12.19,0.0,18,21942,卖盘
649,11:12:51,12.2,0.01,40,48800,买盘
650,11:12:55,12.2,0.0,8,9760,买盘
651,11:13:07,12.16,-0.04,103,125403,卖盘
652,11:13:40,12.17,0.01,1,1217,卖盘
653,11:13:49,12.17,0.0,3,3651,卖盘
654,11:14:30,12.17,0.0,18,21906,卖盘
655,11:14:37,12.17,0.0,1,1217,买盘
656,11:14:40,12.16,-0.01,22,26752,卖盘
657,11:15:07,12.16,0.0,7,8514,卖盘
658,11:15:10,12.17,0.01,9,10953,买盘
659,11:15:22,12.16,-0.01,149,181195,卖盘
660,11:15:25,12.16,0.0,5,6080,买盘
661,11:15:28,12.16,0.0,100,121600,买盘
662,11:15:37,12.16,0.0,21,25536,买盘
663,11:15:40,12.15,-0.01,9,10940,卖盘
664,11:15:43,12.15,0.0,2,2430,卖盘
665,11:15:49,12.15,0.0,43,52245,卖盘
666,11:16:01,12.15,0.0,10,12150,卖盘
667,11:16:22,12.16,0.01,63,76608,买盘
668,11:16:37,12.16,0.0,4,4864,卖盘
669,11:16:46,12.16,0.0,20,24320,买盘
670,11:16:49,12.16,0.0,12,14592,卖盘
671,11:16:57,12.15,-0.01,67,81409,卖盘
672,11:17:13,12.15,0.0,2,2430,买盘
673,11:17:16,12.15,0.0,1,1215,买盘
674,11:17:19,12.15,0.0,19,23085,买盘
675,11:17:22,12.14,-0.01,5,6070,卖盘
676,11:17:28,12.14,0.0,8,9712,卖盘
677,11:17:33,12.15,0.01,1,1215,买盘
678,11:17:52,12.15,0.0,11,13365,买盘
679,11:18:34,12.16,0.01,60,72960,卖盘
680,11:18:37,12.16,0.0,8,9728,卖盘
681,11:18:40,12.16,0.0,5,6080,卖盘
682,11:18:58,12.15,-0.01,60,72959,卖盘
683,11:19:25,12.15,0.0,25,30375,卖盘
684,11:19:37,12.16,0.01,3,3648,卖盘
685,11:19:48,12.14,-0.02,155,188302,卖盘
686,11:19:55,12.15,0.01,8,9717,买盘
687,11:19:58,12.13,-0.02,14,16982,卖盘
688,11:20:01,12.13,0.0,105,127415,卖盘
689,11:20:10,12.14,0.01,1,1214,买盘
690,11:20:28,12.14,0.0,16,19424,卖盘
691,11:20:37,12.13,-0.01,32,38816,卖盘
692,11:20:46,12.12,-0.01,49,59436,卖盘
693,11:20:48,12.14,0.02,1,1214,买盘
694,11:20:52,12.13,-0.01,10,12130,卖盘
695,11:20:55,12.13,0.0,10,12130,卖盘
696,11:21:01,12.13,0.0,6,7278,卖盘
697,11:21:13,12.13,0.0,8,9704,卖盘
698,11:21:25,12.13,0.0,10,12130,卖盘
699,11:21:28,12.14,0.01,16,19424,买盘
700,11:21:37,12.12,-0.02,99,120069,卖盘
701,11:21:58,12.16,0.04,376,456924,买盘
702,11:22:07,12.16,0.0,3,3648,卖盘
703,11:22:10,12.18,0.02,10,12180,买盘
704,11:22:22,12.18,0.0,62,75516,买盘
705,11:22:37,12.17,-0.01,1,1217,卖盘
706,11:22:40,12.16,-0.01,10,12160,卖盘
707,11:22:49,12.18,0.02,3,3654,买盘
708,11:22:52,12.11,-0.07,185,224677,卖盘
709,11:23:16,12.13,0.02,2,2428,卖盘
710,11:23:22,12.15,0.02,3,3645,买盘
711,11:23:25,12.14,-0.01,1,1214,买盘
712,11:23:39,12.13,-0.01,3,3639,卖盘
713,11:23:43,12.13,0.0,3,3639,买盘
714,11:23:46,12.13,0.0,2,2426,买盘
715,11:23:49,12.13,0.0,29,35177,买盘
716,11:23:52,12.13,0.0,4,4852,买盘
717,11:24:04,12.14,0.01,1,1214,卖盘
718,11:24:07,12.16,0.02,2,2432,买盘
719,11:24:10,12.16,0.0,3,3648,买盘
720,11:25:13,12.15,-0.01,10,12150,中性盘
721,11:25:25,12.16,0.01,12,14592,买盘
722,11:26:19,12.18,0.02,10,12180,买盘
723,11:26:34,12.18,0.0,44,53592,买盘
724,11:26:55,12.16,-0.02,18,21896,卖盘
725,11:27:13,12.16,0.0,62,75392,卖盘
726,11:27:18,12.16,0.0,66,80256,卖盘
727,11:27:28,12.16,0.0,5,6080,买盘
728,11:27:51,12.15,-0.01,10,12150,中性盘
729,11:28:25,12.15,0.0,100,121500,买盘
730,11:28:28,12.15,0.0,4,4860,买盘
731,11:28:34,12.15,0.0,10,12150,买盘
732,11:28:43,12.1,-0.05,631,764473,卖盘
733,11:28:46,12.1,0.0,40,48400,买盘
734,11:28:52,12.1,0.0,2,2420,买盘
735,11:29:01,12.09,-0.01,10,12090,卖盘
736,11:29:04,12.1,0.01,35,42350,买盘
737,11:29:07,12.1,0.0,4,4840,买盘
738,11:29:09,12.1,0.0,9,10890,买盘
739,11:29:12,12.1,0.0,22,26620,买盘
740,11:29:15,12.1,0.0,6,7260,买盘
741,11:29:19,12.1,0.0,16,19352,买盘
742,11:29:22,12.1,0.0,11,13309,买盘
743,11:29:24,12.09,-0.01,39,47163,卖盘
744,11:29:27,12.1,0.01,6,7260,买盘
745,11:29:31,12.09,-0.01,35,42333,卖盘
746,11:29:34,12.1,0.01,6,7260,买盘
747,11:29:37,12.09,-0.01,2,2418,卖盘
748,11:29:40,12.1,0.01,2,2420,买盘
749,11:29:55,12.07,-0.03,500,603888,卖盘
750,13:00:04,12.06,-0.01,158,190538,卖盘
751,13:00:07,12.05,-0.01,171,206095,中性盘
752,13:00:10,12.05,0.0,13,15665,卖盘
753,13:00:19,12.03,-0.02,1,1203,买盘
754,13:00:31,12.02,-0.01,1,1202,卖盘
755,13:00:33,12.02,0.0,16,19232,卖盘
756,13:00:36,12.03,0.01,17,20451,买盘
757,13:00:43,12.03,0.0,13,15639,买盘
758,13:00:55,12.03,0.0,5,6015,买盘
759,13:00:57,12.0,-0.03,300,360166,卖盘
760,13:01:04,12.03,0.03,38,45714,买盘
761,13:01:07,12.03,0.0,2,2406,卖盘
762,13:01:12,12.0,-0.03,134,160957,卖盘
763,13:01:30,12.03,0.03,2,2406,卖盘
764,13:01:34,12.0,-0.03,74,88904,卖盘
765,13:01:57,12.02,0.02,5,6010,买盘
766,13:02:07,12.01,-0.01,20,24020,卖盘
767,13:02:25,12.01,0.0,1,1201,卖盘
768,13:02:27,12.01,0.0,5,6005,卖盘
769,13:02:30,12.01,0.0,3,3603,买盘
770,13:02:33,12.01,0.0,10,12010,买盘
771,13:02:40,12.0,-0.01,5,6000,卖盘
772,13:02:45,12.01,0.01,10,12010,买盘
773,13:02:48,12.01,0.0,11,13211,买盘
774,13:03:00,12.01,0.0,3,3603,买盘
775,13:03:06,12.01,0.0,20,24020,买盘
776,13:03:10,12.0,-0.01,130,156040,卖盘
777,13:03:12,12.0,0.0,7,8400,买盘
778,13:03:16,12.0,0.0,8,9600,买盘
779,13:03:28,11.99,-0.01,43,51557,卖盘
780,13:03:48,11.99,0.0,8,9592,买盘
781,13:04:00,11.98,-0.01,15,17975,卖盘
782,13:04:10,11.99,0.01,5,5995,买盘
783,13:04:21,11.99,0.0,10,11990,买盘
784,13:04:27,12.0,0.01,20,23993,买盘
785,13:04:42,12.0,0.0,5,6000,买盘
786,13:04:45,11.99,-0.01,11,13199,卖盘
787,13:04:55,12.01,0.02,1,1201,买盘
788,13:05:07,12.0,-0.01,57,68400,卖盘
789,13:05:16,12.0,0.0,1,1200,买盘
790,13:05:18,12.0,0.0,10,12000,买盘
791,13:05:22,12.0,0.0,44,52800,买盘
792,13:05:24,12.0,0.0,5,6000,买盘
793,13:05:27,12.0,0.0,55,66000,买盘
794,13:05:31,12.0,0.0,5,6000,买盘
795,13:05:33,11.99,-0.01,82,98323,卖盘
796,13:05:40,11.99,0.0,6,7194,买盘
797,13:05:57,11.99,0.0,69,82731,买盘
798,13:06:04,11.99,0.0,30,35970,卖盘
799,13:06:07,11.99,0.0,8,9592,卖盘
800,13:06:19,12.0,0.01,10,12000,买盘
801,13:06:28,12.0,0.0,6,7200,买盘
802,13:06:31,11.99,-0.01,64,76823,卖盘
803,13:06:49,12.01,0.02,1,1201,买盘
804,13:06:52,11.99,-0.02,26,31183,卖盘
805,13:07:10,12.0,0.01,5,6000,买盘
806,13:07:22,12.0,0.0,10,12000,买盘
807,13:07:25,11.99,-0.01,1,1199,卖盘
808,13:07:27,11.99,0.0,55,65945,卖盘
809,13:07:30,11.99,0.0,16,19178,买盘
810,13:07:34,11.99,0.0,8,9591,买盘
811,13:07:37,11.98,-0.01,48,57509,卖盘
812,13:07:40,11.98,0.0,30,35940,卖盘
813,13:07:43,11.98,0.0,52,62296,卖盘
814,13:07:46,11.98,0.0,10,11980,买盘
815,13:07:52,11.98,0.0,25,29930,买盘
816,13:07:54,11.97,-0.01,9,10773,卖盘
817,13:07:58,11.96,-0.01,24,28704,卖盘
818,13:08:01,11.95,-0.01,10,11950,卖盘
819,13:08:07,11.95,0.0,14,16730,卖盘
820,13:08:10,11.95,0.0,1,1195,卖盘
821,13:08:13,11.95,0.0,22,26299,卖盘
822,13:08:18,11.95,0.0,53,63433,卖盘
823,13:08:21,11.95,0.0,34,40630,卖盘
824,13:08:25,11.95,0.0,1,1195,买盘
825,13:08:34,11.95,0.0,5,5975,买盘
826,13:08:37,11.94,-0.01,19,22686,卖盘
827,13:08:40,11.95,0.01,10,11950,买盘
828,13:08:46,11.94,-0.01,45,53735,卖盘
829,13:08:49,11.9,-0.04,415,494294,卖盘
830,13:08:51,11.9,0.0,2,2380,买盘
831,13:08:55,11.9,0.0,258,306915,买盘
832,13:08:57,11.9,0.0,5,5950,买盘
833,13:09:00,11.9,0.0,5,5950,买盘
834,13:09:13,11.9,0.0,79,94214,卖盘
835,13:09:16,11.94,0.04,8,9552,中性盘
836,13:09:19,11.89,-0.05,51,60662,卖盘
837,13:09:31,11.91,0.02,2,2382,卖盘
838,13:09:46,11.94,0.03,38,45372,买盘
839,13:09:52,11.91,-0.03,100,119270,卖盘
840,13:10:10,11.94,0.03,2,2388,买盘
841,13:10:12,11.92,-0.02,10,11920,卖盘
842,13:10:31,11.94,0.02,8,9552,买盘
843,13:10:48,11.95,0.01,33,39435,买盘
844,13:11:00,11.96,0.01,10,11960,买盘
845,13:11:15,11.96,0.0,1,1196,买盘
846,13:11:18,11.96,0.0,1,1196,买盘
847,13:11:22,11.96,0.0,30,35880,买盘
848,13:11:25,11.95,-0.01,22,26295,卖盘
849,13:11:28,11.95,0.0,8,9560,卖盘
850,13:11:40,11.95,0.0,7,8365,卖盘
851,13:11:48,11.95,0.0,16,19120,卖盘
852,13:11:55,11.95,0.0,5,5975,买盘
853,13:12:01,11.95,0.0,5,5975,买盘
854,13:12:04,11.95,0.0,8,9560,买盘
855,13:12:06,11.95,0.0,3,3585,买盘
856,13:12:09,11.94,-0.01,28,33432,卖盘
857,13:12:13,11.94,0.0,9,10746,卖盘
858,13:12:42,11.95,0.01,3,3585,买盘
859,13:12:45,11.94,-0.01,17,20298,卖盘
860,13:13:07,11.94,0.0,10,11940,买盘
861,13:13:10,11.94,0.0,15,17910,买盘
862,13:13:16,11.93,-0.01,21,25053,卖盘
863,13:13:18,11.93,0.0,1,1193,卖盘
864,13:13:22,11.95,0.02,2,2390,买盘
865,13:13:39,11.95,0.0,10,11950,买盘
866,13:13:46,11.94,-0.01,1,1194,中性盘
867,13:13:49,11.95,0.01,1,1195,买盘
868,13:14:00,11.95,0.0,10,11950,买盘
869,13:14:04,11.92,-0.03,100,119247,卖盘
870,13:14:09,11.95,0.03,50,59750,买盘
871,13:14:25,11.95,0.0,2,2390,买盘
872,13:14:45,11.95,0.0,15,17925,卖盘
873,13:14:52,11.95,0.0,80,95600,卖盘
874,13:14:58,11.95,0.0,5,5975,买盘
875,13:15:04,11.93,-0.02,30,35790,卖盘
876,13:15:10,11.93,0.0,3,3579,买盘
877,13:15:12,11.92,-0.01,56,66752,卖盘
878,13:15:25,11.92,0.0,11,13112,卖盘
879,13:15:28,11.92,0.0,3,3576,买盘
880,13:15:37,11.92,0.0,2,2384,买盘
881,13:15:39,11.91,-0.01,62,73842,卖盘
882,13:15:49,11.91,0.0,28,33356,卖盘
883,13:15:52,11.92,0.01,5,5960,买盘
884,13:15:58,11.91,-0.01,8,9528,卖盘
885,13:16:01,11.91,0.0,12,14292,卖盘
886,13:16:04,11.9,-0.01,197,234454,卖盘
887,13:16:34,11.9,0.0,2,2380,卖盘
888,13:16:37,11.9,0.0,3,3570,卖盘
889,13:16:49,11.88,-0.02,36,42799,卖盘
890,13:16:52,11.9,0.02,4,4760,买盘
891,13:16:55,11.92,0.02,6,7142,买盘
892,13:17:13,11.89,-0.03,38,45185,卖盘
893,13:17:22,11.9,0.01,2,2380,买盘
894,13:17:27,11.9,0.0,4,4760,卖盘
895,13:17:34,11.92,0.02,211,251294,买盘
896,13:17:40,11.92,0.0,3,3576,买盘
897,13:17:46,11.89,-0.03,100,119125,卖盘
898,13:18:04,11.92,0.03,40,47680,卖盘
899,13:18:12,11.91,-0.01,10,11910,买盘
900,13:18:19,11.91,0.0,2,2381,买盘
901,13:18:22,11.92,0.01,25,29799,买盘
902,13:18:25,11.92,0.0,40,47680,买盘
903,13:18:37,11.92,0.0,15,17880,买盘
904,13:18:40,11.92,0.0,101,120392,买盘
905,13:18:45,11.92,0.0,34,40528,卖盘
906,13:18:54,11.92,0.0,2,2384,卖盘
907,13:19:09,11.92,0.0,5,5960,卖盘
908,13:19:22,11.92,0.0,10,11920,卖盘
909,13:19:25,11.9,-0.02,200,238158,卖盘
910,13:19:27,11.95,0.05,61,72895,买盘
911,13:19:42,11.94,-0.01,2,2388,买盘
912,13:19:45,11.95,0.01,10,11943,买盘
913,13:20:01,11.95,0.0,7,8365,买盘
914,13:20:07,11.95,0.0,34,40630,买盘
915,13:20:12,11.92,-0.03,10,11944,卖盘
916,13:20:22,11.95,0.03,10,11950,卖盘
917,13:20:34,11.95,0.0,10,11950,卖盘
918,13:20:52,11.92,-0.03,1,1192,卖盘
919,13:21:01,11.95,0.03,2,2390,买盘
920,13:21:06,11.95,0.0,6,7170,买盘
921,13:21:10,11.93,-0.02,7,8356,卖盘
922,13:21:13,11.92,-0.01,59,70360,卖盘
923,13:21:16,11.95,0.03,4,4780,买盘
924,13:21:19,11.92,-0.03,53,63176,卖盘
925,13:21:25,11.92,0.0,1,1192,买盘
926,13:21:31,11.92,0.0,1,1192,买盘
927,13:21:43,11.92,0.0,4,4768,买盘
928,13:21:46,11.92,0.0,3,3576,买盘
929,13:21:49,11.92,0.0,3,3576,买盘
930,13:22:31,11.94,0.02,1,1194,买盘
931,13:22:33,11.95,0.01,11,13145,买盘
932,13:22:49,11.96,0.01,57,68145,买盘
933,13:22:58,11.97,0.01,25,29925,买盘
934,13:23:12,11.99,0.02,4,4796,买盘
935,13:23:16,11.99,0.0,10,11990,买盘
936,13:23:22,12.0,0.01,200,239936,买盘
937,13:23:33,12.0,0.0,59,70800,买盘
938,13:23:39,11.97,-0.03,18,21564,卖盘
939,13:23:58,12.0,0.03,75,89940,买盘
940,13:24:01,11.99,-0.01,2,2398,中性盘
941,13:24:07,12.0,0.01,114,136788,买盘
942,13:24:18,12.0,0.0,2,2400,买盘
943,13:24:22,12.0,0.0,60,72000,买盘
944,13:24:34,12.0,0.0,58,69550,买盘
945,13:24:40,12.01,0.01,6,7206,买盘
946,13:24:49,12.02,0.01,1,1202,买盘
947,13:25:01,12.06,0.04,17,20489,买盘
948,13:25:15,12.06,0.0,3,3618,买盘
949,13:25:22,12.06,0.0,113,136268,买盘
950,13:25:34,12.07,0.01,5,6035,买盘
951,13:25:37,12.07,0.0,3,3621,买盘
952,13:25:40,12.07,0.0,1,1207,买盘
953,13:25:46,12.01,-0.06,321,386299,卖盘
954,13:25:48,12.01,0.0,10,12010,买盘
955,13:25:52,12.01,0.0,19,22819,买盘
956,13:25:58,12.01,0.0,123,147721,买盘
957,13:26:04,12.0,-0.01,26,31212,卖盘
958,13:26:07,12.0,0.0,20,24000,买盘
959,13:26:10,12.01,0.01,20,24014,买盘
960,13:26:22,12.0,-0.01,1,1200,买盘
961,13:26:30,12.0,0.0,4,4800,卖盘
962,13:26:36,12.01,0.01,21,25221,买盘
963,13:26:45,12.01,0.0,23,27623,买盘
964,13:26:58,12.0,-0.01,1,1200,卖盘
965,13:27:04,12.0,0.0,34,40800,卖盘
966,13:27:12,12.01,0.01,2,2402,买盘
967,13:27:40,12.06,0.05,2,2412,买盘
968,13:27:43,12.06,0.0,14,16884,买盘
969,13:28:04,12.0,-0.06,50,60000,卖盘
970,13:28:18,12.05,0.05,5,6025,买盘
971,13:28:31,12.05,0.0,2,2410,买盘
972,13:28:52,12.01,-0.04,36,43236,卖盘
973,13:28:58,12.0,-0.01,113,135600,卖盘
974,13:29:04,11.99,-0.01,2,2398,卖盘
975,13:29:06,12.0,0.01,2,2400,买盘
976,13:29:13,12.0,0.0,92,110400,买盘
977,13:29:22,11.99,-0.01,1,1199,卖盘
978,13:29:36,11.99,0.0,7,8393,卖盘
979,13:29:40,11.99,0.0,5,5995,买盘
980,13:29:55,11.99,0.0,44,52756,买盘
981,13:30:16,11.99,0.0,32,38380,卖盘
982,13:30:31,12.04,0.05,15,18020,买盘
983,13:31:16,12.0,-0.04,21,25200,卖盘
984,13:31:19,12.0,0.0,30,36000,买盘
985,13:31:25,12.0,0.0,1,1200,买盘
986,13:31:30,12.0,0.0,10,12000,买盘
987,13:31:51,11.99,-0.01,100,119900,卖盘
988,13:31:54,12.0,0.01,7,8400,买盘
989,13:32:07,11.99,-0.01,8,9592,卖盘
990,13:32:31,11.99,0.0,1,1199,卖盘
991,13:32:52,11.99,0.0,41,49159,卖盘
992,13:33:10,11.99,0.0,1,1199,买盘
993,13:33:13,11.99,0.0,1,1199,买盘
994,13:33:19,11.99,0.0,1,1199,买盘
995,13:33:24,11.99,0.0,6,7194,买盘
996,13:33:45,11.99,0.0,6,7194,卖盘
997,13:34:07,11.99,0.0,10,11990,买盘
998,13:34:10,11.98,-0.01,17,20366,卖盘
999,13:34:15,11.99,0.01,2,2398,买盘
1000,13:34:33,11.98,-0.01,56,67088,卖盘
1001,13:34:46,11.98,0.0,2,2396,买盘
1002,13:34:48,11.97,-0.01,35,41895,卖盘
1003,13:34:55,11.98,0.01,20,23955,买盘
1004,13:35:00,11.96,-0.02,11,13164,卖盘
1005,13:35:09,11.97,0.01,5,5985,卖盘
1006,13:35:24,11.99,0.02,3,3597,买盘
1007,13:36:13,11.98,-0.01,1,1198,卖盘
1008,13:36:37,11.99,0.01,3,3597,买盘
1009,13:36:54,11.98,-0.01,30,35940,卖盘
1010,13:37:01,11.98,0.0,1,1198,卖盘
1011,13:37:06,11.98,0.0,8,9584,卖盘
1012,13:37:10,11.98,0.0,11,13178,买盘
1013,13:37:15,11.98,0.0,2,2396,卖盘
1014,13:37:22,11.97,-0.01,94,112525,卖盘
1015,13:37:25,11.97,0.0,20,23940,买盘
1016,13:37:34,11.96,-0.01,100,119660,卖盘
1017,13:37:45,11.95,-0.01,90,107595,卖盘
1018,13:37:58,11.95,0.0,22,26290,卖盘
1019,13:38:07,11.95,0.0,314,375230,卖盘
1020,13:38:12,11.97,0.02,40,47808,买盘
1021,13:38:15,11.96,-0.01,21,25122,卖盘
1022,13:38:24,11.95,-0.01,11,13152,卖盘
1023,13:39:06,11.95,0.0,6,7170,买盘
1024,13:39:10,11.95,0.0,4,4780,卖盘
1025,13:39:15,11.95,0.0,46,54970,买盘
1026,13:39:28,11.95,0.0,10,11950,卖盘
1027,13:39:52,11.99,0.04,89,106663,买盘
1028,13:40:12,12.0,0.01,10,12000,买盘
1029,13:40:27,12.0,0.0,5,6000,买盘
1030,13:40:37,12.0,0.0,1,1200,买盘
1031,13:40:45,12.0,0.0,5,6000,卖盘
1032,13:40:55,12.0,0.0,2,2400,卖盘
1033,13:40:58,12.0,0.0,121,145200,卖盘
1034,13:41:16,11.96,-0.04,6,7176,卖盘
1035,13:41:58,12.0,0.04,1,1200,买盘
1036,13:42:42,11.95,-0.05,50,59774,卖盘
1037,13:43:15,11.97,0.02,3,3591,卖盘
1038,13:43:22,11.96,-0.01,60,71767,卖盘
1039,13:43:33,11.96,0.0,5,5980,买盘
1040,13:43:40,11.95,-0.01,24,28680,卖盘
1041,13:43:42,11.96,0.01,2,2392,买盘
1042,13:44:01,11.96,0.0,33,39468,买盘
1043,13:44:30,11.96,0.0,58,69378,卖盘
1044,13:44:33,11.98,0.02,8,9584,买盘
1045,13:44:58,11.98,0.0,10,11980,买盘
1046,13:45:13,11.98,0.0,10,11980,买盘
1047,13:45:25,11.96,-0.02,60,71792,卖盘
1048,13:45:58,11.96,0.0,57,68172,卖盘
1049,13:46:07,11.95,-0.01,1,1195,卖盘
1050,13:46:10,11.96,0.01,7,8368,买盘
1051,13:46:13,11.95,-0.01,30,35850,卖盘
1052,13:46:19,11.95,0.0,54,64530,卖盘
1053,13:46:25,11.96,0.01,60,71750,买盘
1054,13:46:37,11.95,-0.01,14,16730,卖盘
1055,13:46:43,11.95,0.0,1,1195,卖盘
1056,13:46:46,11.95,0.0,1,1195,卖盘
1057,13:46:52,11.95,0.0,61,72895,卖盘
1058,13:46:55,11.96,0.01,5,5980,买盘
1059,13:47:15,11.95,-0.01,24,28680,卖盘
1060,13:47:28,11.94,-0.01,3,3582,卖盘
1061,13:47:30,11.94,0.0,16,19104,卖盘
1062,13:47:37,11.94,0.0,1,1194,买盘
1063,13:47:39,11.94,0.0,2,2388,买盘
1064,13:47:46,11.93,-0.01,42,50125,卖盘
1065,13:48:01,11.92,-0.01,8,9536,卖盘
1066,13:48:04,11.93,0.01,10,11930,买盘
1067,13:48:10,11.93,0.0,30,35790,买盘
1068,13:48:16,11.93,0.0,3,3579,买盘
1069,13:48:25,11.92,-0.01,8,9536,卖盘
1070,13:48:27,11.93,0.01,10,11930,买盘
1071,13:48:30,11.93,0.0,4,4772,买盘
1072,13:48:37,11.92,-0.01,74,88237,卖盘
1073,13:48:49,11.95,0.03,2,2390,买盘
1074,13:49:04,11.93,-0.02,3,3579,卖盘
1075,13:49:40,11.95,0.02,11,13145,买盘
1076,13:50:19,11.96,0.01,7,8372,买盘
1077,13:50:37,11.95,-0.01,3,3585,卖盘
1078,13:50:57,11.96,0.01,14,16744,买盘
1079,13:51:06,11.96,0.0,3,3588,卖盘
1080,13:51:15,11.96,0.0,26,31096,卖盘
1081,13:51:34,11.98,0.02,8,9584,买盘
1082,13:51:43,11.98,0.0,16,19168,买盘
1083,13:51:55,11.98,0.0,8,9584,买盘
1084,13:52:48,11.98,0.0,20,23960,买盘
1085,13:52:54,11.98,0.0,1,1198,买盘
1086,13:53:24,11.96,-0.02,5,5980,卖盘
1087,13:54:01,11.96,0.0,3,3588,卖盘
1088,13:54:19,11.96,0.0,6,7176,卖盘
1089,13:54:37,11.96,0.0,13,15548,买盘
1090,13:54:46,11.95,-0.01,20,23900,卖盘
1091,13:55:10,11.95,0.0,5,5975,买盘
1092,13:55:31,11.94,-0.01,3,3582,卖盘
1093,13:55:48,11.95,0.01,8,9560,买盘
1094,13:55:52,11.94,-0.01,19,22686,卖盘
1095,13:56:01,11.94,0.0,8,9552,卖盘
1096,13:56:22,11.94,0.0,3,3582,卖盘
1097,13:56:25,11.95,0.01,16,19120,买盘
1098,13:56:34,11.95,0.0,5,5975,买盘
1099,13:56:48,11.95,0.0,159,190005,买盘
1100,13:56:55,11.96,0.01,15,17940,买盘
1101,13:57:01,11.96,0.0,3,3588,买盘
1102,13:57:19,11.96,0.0,2,2392,卖盘
1103,13:57:25,11.95,-0.01,300,358524,卖盘
1104,13:57:40,11.95,0.0,1,1195,卖盘
1105,13:57:45,11.95,0.0,59,70505,卖盘
1106,13:58:25,11.97,0.02,26,31080,买盘
1107,13:59:16,11.95,-0.02,45,53775,卖盘
1108,13:59:25,11.97,0.02,10,11970,买盘
1109,13:59:36,11.95,-0.02,2,2392,卖盘
1110,13:59:57,11.95,0.0,10,11950,买盘
1111,14:00:16,11.94,-0.01,3,3582,卖盘
1112,14:00:52,11.94,0.0,1,1194,卖盘
1113,14:00:55,11.94,0.0,30,35820,卖盘
1114,14:00:58,11.94,0.0,10,11940,卖盘
1115,14:01:04,11.94,0.0,16,19104,卖盘
1116,14:01:19,11.94,0.0,3,3582,卖盘
1117,14:01:31,11.95,0.01,12,14340,买盘
1118,14:01:33,11.95,0.0,6,7170,买盘
1119,14:01:37,11.95,0.0,16,19120,买盘
1120,14:01:40,11.95,0.0,23,27485,买盘
1121,14:01:45,11.95,0.0,22,26290,买盘
1122,14:01:49,11.98,0.03,116,138629,买盘
1123,14:01:52,11.98,0.0,21,25158,买盘
1124,14:01:54,11.98,0.0,4,4792,买盘
1125,14:02:01,12.0,0.02,55,65979,买盘
1126,14:02:13,12.0,0.0,9,10800,买盘
1127,14:02:28,12.01,0.01,4,4804,买盘
1128,14:02:37,12.01,0.0,3,3603,买盘
1129,14:02:40,12.01,0.0,47,56447,买盘
1130,14:02:54,12.04,0.03,38,45748,买盘
1131,14:03:01,12.07,0.03,13,15690,买盘
1132,14:03:06,12.07,0.0,2,2414,买盘
1133,14:03:13,12.07,0.0,10,12070,卖盘
1134,14:03:22,12.08,0.01,10,12080,买盘
1135,14:03:34,12.08,0.0,108,130524,卖盘
1136,14:03:37,12.1,0.02,60,72500,买盘
1137,14:03:52,12.1,0.0,32,38720,买盘
1138,14:03:55,12.1,0.0,3,3630,卖盘
1139,14:04:01,12.1,0.0,10,12100,卖盘
1140,14:04:04,12.1,0.0,5,6050,卖盘
1141,14:04:07,12.1,0.0,9,10890,卖盘
1142,14:04:13,12.1,0.0,5,6050,中性盘
1143,14:04:16,12.13,0.03,40,48482,买盘
1144,14:04:24,12.12,-0.01,50,60600,买盘
1145,14:04:27,12.1,-0.02,4,4840,卖盘
1146,14:04:31,12.1,0.0,10,12100,卖盘
1147,14:04:36,12.1,0.0,1,1210,卖盘
1148,14:04:39,12.1,0.0,10,12100,买盘
1149,14:04:43,12.09,-0.01,9,10882,卖盘
1150,14:04:52,12.09,0.0,18,21762,卖盘
1151,14:04:58,12.09,0.0,4,4836,卖盘
1152,14:05:07,12.08,-0.01,10,12080,卖盘
1153,14:05:13,12.08,0.0,1,1208,买盘
1154,14:05:22,12.08,0.0,10,12080,买盘
1155,14:05:28,12.07,-0.01,5,6035,卖盘
1156,14:05:31,12.07,0.0,4,4828,卖盘
1157,14:05:33,12.07,0.0,1,1207,卖盘
1158,14:05:49,12.06,-0.01,29,34974,卖盘
1159,14:06:01,12.06,0.0,4,4824,买盘
1160,14:06:25,12.06,0.0,2,2412,买盘
1161,14:07:01,12.06,0.0,2,2412,买盘
1162,14:07:04,12.03,-0.03,13,15639,卖盘
1163,14:07:16,12.03,0.0,18,21654,卖盘
1164,14:07:40,12.03,0.0,25,30075,买盘
1165,14:07:43,12.02,-0.01,10,12020,卖盘
1166,14:07:52,12.03,0.01,39,46887,买盘
1167,14:08:13,12.03,0.0,18,21654,卖盘
1168,14:08:19,12.05,0.02,33,39703,买盘
1169,14:08:55,12.05,0.0,4,4820,买盘
1170,14:09:10,12.05,0.0,59,71095,买盘
1171,14:10:21,12.03,-0.02,4,4812,卖盘
1172,14:10:30,12.03,0.0,1,1203,卖盘
1173,14:10:43,12.04,0.01,3,3612,买盘
1174,14:11:25,12.03,-0.01,53,63845,卖盘
1175,14:11:33,12.03,0.0,24,28872,买盘
1176,14:11:52,12.03,0.0,73,87819,买盘
1177,14:11:57,12.02,-0.01,63,75776,卖盘
1178,14:12:16,12.04,0.02,2,2408,卖盘
1179,14:12:24,12.03,-0.01,10,12030,卖盘
1180,14:12:40,12.03,0.0,30,36090,买盘
1181,14:12:46,12.02,-0.01,7,8414,卖盘
1182,14:12:49,12.02,0.0,2,2404,卖盘
1183,14:13:01,12.02,0.0,1,1202,卖盘
1184,14:13:13,12.03,0.01,31,37293,买盘
1185,14:13:40,12.03,0.0,2,2406,卖盘
1186,14:13:46,12.03,0.0,128,153984,卖盘
1187,14:13:52,12.04,0.01,71,85463,买盘
1188,14:13:55,12.03,-0.01,4,4812,卖盘
1189,14:14:06,12.03,0.0,30,36090,买盘
1190,14:14:19,12.03,0.0,1,1203,买盘
1191,14:14:37,12.03,0.0,1,1203,买盘
1192,14:14:51,12.03,0.0,2,2406,买盘
1193,14:15:06,12.02,-0.01,54,64908,卖盘
1194,14:15:28,12.02,0.0,8,9616,买盘
1195,14:15:37,12.02,0.0,10,12020,买盘
1196,14:15:40,12.01,-0.01,90,108090,卖盘
1197,14:15:46,12.01,0.0,123,147723,卖盘
1198,14:15:55,12.01,0.0,8,9608,买盘
1199,14:16:07,12.0,-0.01,7,8400,卖盘
1200,14:16:25,12.01,0.01,15,18015,买盘
1201,14:16:31,12.01,0.0,4,4804,买盘
1202,14:16:37,12.01,0.0,20,24020,买盘
1203,14:16:40,12.0,-0.01,6,7200,卖盘
1204,14:16:42,12.01,0.01,1,1201,买盘
1205,14:16:46,12.01,0.0,17,20417,买盘
1206,14:16:49,12.01,0.0,90,108090,买盘
1207,14:16:52,12.02,0.01,54,64882,买盘
1208,14:17:04,12.03,0.01,10,12030,买盘
1209,14:17:12,12.03,0.0,5,6015,买盘
1210,14:17:46,12.08,0.05,200,241503,买盘
1211,14:18:04,12.08,0.0,4,4832,买盘
1212,14:18:09,12.08,0.0,10,12080,买盘
1213,14:18:13,12.08,0.0,10,12080,买盘
1214,14:18:18,12.08,0.0,9,10872,买盘
1215,14:18:24,12.08,0.0,30,36240,买盘
1216,14:18:31,12.08,0.0,1,1208,买盘
1217,14:18:34,12.08,0.0,49,59192,卖盘
1218,14:18:43,12.08,0.0,1,1208,买盘
1219,14:18:55,12.08,0.0,1,1208,卖盘
1220,14:19:01,12.1,0.02,160,193554,买盘
1221,14:19:10,12.11,0.01,1,1211,买盘
1222,14:19:24,12.12,0.01,10,12120,买盘
1223,14:19:27,12.12,0.0,3,3636,买盘
1224,14:19:31,12.12,0.0,5,6060,卖盘
1225,14:19:43,12.13,0.01,32,38816,买盘
1226,14:20:06,12.14,0.01,35,42490,买盘
1227,14:20:31,12.14,0.0,50,60700,卖盘
1228,14:20:34,12.14,0.0,3,3642,买盘
1229,14:20:49,12.13,-0.01,20,24260,卖盘
1230,14:20:57,12.13,0.0,9,10917,卖盘
1231,14:21:01,12.14,0.01,20,24270,买盘
1232,14:21:16,12.13,-0.01,12,14561,卖盘
1233,14:21:30,12.13,0.0,53,64289,卖盘
1234,14:21:40,12.12,-0.01,8,9696,卖盘
1235,14:21:46,12.12,0.0,136,164832,卖盘
1236,14:21:57,12.1,-0.02,591,715161,卖盘
1237,14:22:01,12.11,0.01,17,20575,买盘
1238,14:22:04,12.11,0.0,1,1211,卖盘
1239,14:22:09,12.11,0.0,1,1211,卖盘
1240,14:22:25,12.11,0.0,5,6358,卖盘
1241,14:22:27,12.12,0.01,3,3636,买盘
1242,14:22:31,12.11,-0.01,86,104146,卖盘
1243,14:22:40,12.11,0.0,55,66302,卖盘
1244,14:22:45,12.11,0.0,61,74174,买盘
1245,14:22:57,12.11,0.0,5,6055,卖盘
1246,14:23:00,12.11,0.0,7,8477,卖盘
1247,14:23:19,12.12,0.01,1,1212,买盘
1248,14:23:22,12.12,0.0,60,72720,买盘
1249,14:23:27,12.12,0.0,1,1212,买盘
1250,14:23:31,12.11,-0.01,1,1211,卖盘
1251,14:23:37,12.12,0.01,2,2424,买盘
1252,14:23:42,12.12,0.0,14,16968,买盘
1253,14:23:46,12.12,0.0,2,2424,买盘
1254,14:23:49,12.12,0.0,4,4848,买盘
1255,14:23:51,12.12,0.0,2,2424,买盘
1256,14:23:58,12.12,0.0,1,1212,买盘
1257,14:24:01,12.12,0.0,2,2424,买盘
1258,14:24:07,12.12,0.0,5,6060,买盘
1259,14:24:12,12.12,0.0,158,191496,买盘
1260,14:24:15,12.12,0.0,11,13322,买盘
1261,14:24:18,12.12,0.0,9,10908,买盘
1262,14:24:25,12.13,0.01,1,1213,买盘
1263,14:24:28,12.13,0.0,1,1213,买盘
1264,14:24:34,12.14,0.01,26,31561,买盘
1265,14:24:43,12.14,0.0,52,63128,卖盘
1266,14:24:52,12.15,0.01,2,2430,买盘
1267,14:24:55,12.16,0.01,81,98470,买盘
1268,14:25:07,12.16,0.0,1,1216,卖盘
1269,14:25:10,12.16,0.0,1,1216,卖盘
1270,14:25:16,12.16,0.0,7,8512,卖盘
1271,14:25:19,12.16,0.0,15,18240,买盘
1272,14:25:34,12.16,0.0,10,12160,买盘
1273,14:25:37,12.15,-0.01,14,17010,卖盘
1274,14:25:52,12.15,0.0,53,64392,买盘
1275,14:25:55,12.14,-0.01,8,9712,卖盘
1276,14:26:01,12.16,0.02,30,36461,买盘
1277,14:26:10,12.15,-0.01,11,13365,买盘
1278,14:26:13,12.17,0.02,108,131311,买盘
1279,14:26:18,12.15,-0.02,3,3645,卖盘
1280,14:26:33,12.16,0.01,45,54720,卖盘
1281,14:26:46,12.16,0.0,21,25531,买盘
1282,14:26:52,12.15,-0.01,4,4860,卖盘
1283,14:26:55,12.16,0.01,10,12160,买盘
1284,14:26:58,12.16,0.0,3,3648,买盘
1285,14:27:04,12.16,0.0,4,4861,买盘
1286,14:27:19,12.16,0.0,15,18235,买盘
1287,14:27:25,12.16,0.0,5,6080,买盘
1288,14:27:37,12.16,0.0,4,4864,卖盘
1289,14:27:40,12.17,0.01,10,12170,买盘
1290,14:27:46,12.16,-0.01,1,1216,卖盘
1291,14:27:51,12.16,0.0,14,17024,卖盘
1292,14:28:07,12.17,0.01,30,36510,买盘
1293,14:28:16,12.17,0.0,3,3651,买盘
1294,14:28:22,12.17,0.0,35,42595,卖盘
1295,14:28:25,12.17,0.0,10,12170,卖盘
1296,14:28:27,12.17,0.0,5,6085,卖盘
1297,14:28:30,12.17,0.0,3,3651,卖盘
1298,14:28:40,12.16,-0.01,1,1216,卖盘
1299,14:28:52,12.16,0.0,4,4864,买盘
1300,14:29:07,12.16,0.0,1,1216,卖盘
1301,14:29:21,12.15,-0.01,30,36450,卖盘
1302,14:29:34,12.15,0.0,87,105705,卖盘
1303,14:29:46,12.15,0.0,10,12150,卖盘
1304,14:29:55,12.16,0.01,15,18240,买盘
1305,14:30:00,12.15,-0.01,10,12150,卖盘
1306,14:30:22,12.15,0.0,2,2430,卖盘
1307,14:30:25,12.15,0.0,5,6075,卖盘
1308,14:30:34,12.15,0.0,1,1215,卖盘
1309,14:30:37,12.16,0.01,3,3648,买盘
1310,14:30:43,12.15,-0.01,2,2430,卖盘
1311,14:30:57,12.15,0.0,2,2430,卖盘
1312,14:31:00,12.16,0.01,2,2432,买盘
1313,14:31:04,12.16,0.0,3,3647,买盘
1314,14:31:07,12.16,0.0,3,3647,买盘
1315,14:31:13,12.16,0.0,1,1216,买盘
1316,14:31:16,12.18,0.02,204,248359,买盘
1317,14:31:25,12.19,0.01,15,18275,买盘
1318,14:31:40,12.2,0.01,244,297617,买盘
1319,14:31:46,12.21,0.01,30,36630,买盘
1320,14:31:52,12.21,0.0,2,2442,卖盘
1321,14:32:01,12.22,0.01,141,172302,买盘
1322,14:32:07,12.22,0.0,32,39105,卖盘
1323,14:32:15,12.26,0.04,84,102851,买盘
1324,14:32:24,12.26,0.0,9,11034,卖盘
1325,14:32:34,12.25,-0.01,1,1225,买盘
1326,14:32:46,12.26,0.01,10,12260,中性盘
1327,14:32:55,12.26,0.0,7,8582,卖盘
1328,14:32:58,12.26,0.0,6,7356,卖盘
1329,14:33:00,12.26,0.0,8,9813,卖盘
1330,14:33:04,12.25,-0.01,5,6125,卖盘
1331,14:33:31,12.23,-0.02,30,36690,卖盘
1332,14:33:34,12.23,0.0,52,63596,卖盘
1333,14:33:40,12.23,0.0,2,2446,买盘
1334,14:33:43,12.22,-0.01,44,53768,卖盘
1335,14:33:46,12.22,0.0,1,1222,卖盘
1336,14:33:49,12.22,0.0,10,12220,卖盘
1337,14:33:52,12.22,0.0,3,3666,卖盘
1338,14:33:55,12.22,0.0,5,6110,卖盘
1339,14:33:58,12.22,0.0,10,12220,买盘
1340,14:34:01,12.22,0.0,10,12220,买盘
1341,14:34:04,12.21,-0.01,12,14652,卖盘
1342,14:34:07,12.22,0.01,14,17108,买盘
1343,14:34:10,12.21,-0.01,5,6105,卖盘
1344,14:34:16,12.22,0.01,3,3666,买盘
1345,14:34:34,12.23,0.01,103,125867,买盘
1346,14:34:46,12.22,-0.01,3,3666,卖盘
1347,14:34:49,12.22,0.0,8,9776,买盘
1348,14:34:52,12.22,0.0,3,3666,买盘
1349,14:34:55,12.22,0.0,7,8553,买盘
1350,14:35:00,12.22,0.0,53,64766,买盘
1351,14:35:33,12.22,0.0,182,222404,买盘
1352,14:35:55,12.23,0.01,10,12230,买盘
1353,14:36:07,12.22,-0.01,5,6110,卖盘
1354,14:36:13,12.22,0.0,5,6110,卖盘
1355,14:36:24,12.22,0.0,3,3666,卖盘
1356,14:36:27,12.22,0.0,5,6110,卖盘
1357,14:37:04,12.22,0.0,7,8554,买盘
1358,14:37:13,12.22,0.0,79,96538,买盘
1359,14:37:19,12.22,0.0,1,1222,卖盘
1360,14:37:30,12.22,0.0,7,8554,卖盘
1361,14:37:40,12.22,0.0,20,24440,卖盘
1362,14:37:43,12.22,0.0,45,54990,卖盘
1363,14:38:01,12.22,0.0,25,30550,买盘
1364,14:38:16,12.22,0.0,94,115016,卖盘
1365,14:38:36,12.2,-0.02,30,36600,卖盘
1366,14:38:49,12.18,-0.02,8,9744,卖盘
1367,14:39:00,12.18,0.0,3,3654,卖盘
1368,14:39:43,12.2,0.02,1,1220,卖盘
1369,14:39:52,12.21,0.01,13,15873,买盘
1370,14:40:09,12.21,0.0,1,1221,卖盘
1371,14:40:19,12.2,-0.01,30,36600,卖盘
1372,14:40:28,12.2,0.0,20,24400,卖盘
1373,14:40:40,12.2,0.0,5,6100,卖盘
1374,14:40:55,12.2,0.0,10,12200,卖盘
1375,14:41:07,12.2,0.0,6,7320,卖盘
1376,14:41:34,12.18,-0.02,15,18270,卖盘
1377,14:41:49,12.18,0.0,2,2436,卖盘
1378,14:42:07,12.18,0.0,5,6090,卖盘
1379,14:42:10,12.18,0.0,42,51156,卖盘
1380,14:42:19,12.18,0.0,10,12180,卖盘
1381,14:42:25,12.18,0.0,1,1218,卖盘
1382,14:42:31,12.18,0.0,37,45066,卖盘
1383,14:42:46,12.18,0.0,2,2436,买盘
1384,14:42:55,12.18,0.0,1,1218,买盘
1385,14:43:04,12.18,0.0,3,3654,卖盘
1386,14:43:07,12.18,0.0,15,18270,卖盘
1387,14:43:16,12.19,0.01,2,2438,买盘
1388,14:43:37,12.18,-0.01,45,54810,卖盘
1389,14:43:55,12.18,0.0,8,9744,卖盘
1390,14:44:25,12.18,0.0,6,7308,卖盘
1391,14:44:28,12.18,0.0,30,36560,卖盘
1392,14:44:46,12.2,0.02,3,3659,买盘
1393,14:45:30,12.18,-0.02,20,24360,卖盘
1394,14:45:33,12.2,0.02,1,1220,买盘
1395,14:45:36,12.18,-0.02,2,2436,卖盘
1396,14:45:48,12.2,0.02,100,122000,买盘
1397,14:46:19,12.19,-0.01,8,9752,买盘
1398,14:46:22,12.17,-0.02,200,243583,卖盘
1399,14:46:31,12.19,0.02,7,8533,卖盘
1400,14:46:55,12.18,-0.01,1,1218,卖盘
1401,14:47:10,12.18,0.0,1,1218,卖盘
1402,14:47:49,12.17,-0.01,5,6085,卖盘
1403,14:47:57,12.17,0.0,10,12170,卖盘
1404,14:48:01,12.18,0.01,2,2436,买盘
1405,14:48:52,12.18,0.0,27,32876,买盘
1406,14:49:04,12.17,-0.01,48,58416,卖盘
1407,14:49:16,12.17,0.0,16,19472,买盘
1408,14:49:22,12.16,-0.01,1,1216,卖盘
1409,14:49:31,12.17,0.01,38,46246,买盘
1410,14:49:34,12.16,-0.01,16,19456,卖盘
1411,14:49:52,12.16,0.0,60,72960,卖盘
1412,14:50:12,12.17,0.01,3,3651,买盘
1413,14:50:16,12.17,0.0,17,20689,卖盘
1414,14:50:36,12.17,0.0,5,6085,卖盘
1415,14:50:39,12.18,0.01,121,147336,买盘
1416,14:50:52,12.16,-0.02,9,10944,卖盘
1417,14:50:55,12.16,0.0,6,7296,卖盘
1418,14:51:10,12.17,0.01,27,32859,买盘
1419,14:51:13,12.17,0.0,8,9736,买盘
1420,14:51:15,12.18,0.01,50,60886,买盘
1421,14:51:43,12.17,-0.01,10,12170,买盘
1422,14:52:01,12.17,0.0,17,20689,买盘
1423,14:52:18,12.17,0.0,13,15821,卖盘
1424,14:52:28,12.16,-0.01,89,108282,卖盘
1425,14:52:46,12.17,0.01,20,24340,买盘
1426,14:53:04,12.17,0.0,5,6085,买盘
1427,14:53:07,12.17,0.0,30,36510,买盘
1428,14:53:13,12.17,0.0,1,1217,买盘
1429,14:53:22,12.16,-0.01,10,12160,卖盘
1430,14:53:45,12.16,0.0,1,1216,卖盘
1431,14:53:49,12.16,0.0,1,1216,卖盘
1432,14:53:55,12.16,0.0,27,32838,卖盘
1433,14:53:58,12.16,0.0,89,108224,卖盘
1434,14:54:00,12.16,0.0,31,37696,卖盘
1435,14:54:13,12.15,-0.01,2,2430,卖盘
1436,14:54:40,12.15,0.0,13,15784,买盘
1437,14:54:43,12.14,-0.01,21,25494,卖盘
1438,14:55:13,12.14,0.0,5,6070,买盘
1439,14:55:25,12.13,-0.01,8,9704,买盘
1440,14:55:46,12.12,-0.01,3,3636,卖盘
1441,14:55:49,12.12,0.0,10,12120,卖盘
1442,14:56:18,12.11,-0.01,5,6055,卖盘
1443,14:56:31,12.11,0.0,6,7266,卖盘
1444,14:56:40,12.12,0.01,8,9696,买盘
1445,14:56:46,12.12,0.0,45,54502,买盘
1446,14:56:49,12.11,-0.01,50,60550,卖盘
1447,14:56:52,12.12,0.01,6,7269,买盘
1448,14:56:58,12.11,-0.01,10,12110,卖盘
1449,14:57:04,12.12,0.01,24,29068,买盘
1450,15:00:04,12.12,0.0,186,225432,卖盘
