,time,price,change,volume,amount,type
0,09:25:04,5.77,-0.17,1573,907621,买盘
1,09:30:04,5.76,-0.01,3101,1785276,卖盘
2,09:30:07,5.77,0.01,1016,586246,买盘
3,09:30:10,5.78,0.01,37,21376,买盘
4,09:30:13,5.78,0.0,61,35244,买盘
5,09:30:16,5.78,0.0,145,83810,卖盘
6,09:30:19,5.78,0.0,723,418021,卖盘
7,09:30:21,5.79,0.01,14,8106,买盘
8,09:30:25,5.78,-0.01,21,12138,卖盘
9,09:30:28,5.79,0.01,90,52064,买盘
10,09:30:33,5.8,0.01,12,6953,买盘
11,09:30:37,5.79,-0.01,159,92061,卖盘
12,09:30:40,5.78,-0.01,50,28910,卖盘
13,09:30:43,5.79,0.01,31,17949,买盘
14,09:30:49,5.79,0.0,105,60800,卖盘
15,09:30:52,5.79,0.0,37,21423,卖盘
16,09:30:55,5.8,0.01,236,136877,买盘
17,09:30:58,5.8,0.0,21,12169,买盘
18,09:31:04,5.79,-0.01,584,338699,卖盘
19,09:31:07,5.8,0.01,1,580,中性盘
20,09:31:16,5.83,0.03,128,74622,买盘
21,09:31:22,5.83,0.0,4,2332,卖盘
22,09:31:31,5.84,0.01,30,17520,买盘
23,09:31:34,5.83,-0.01,60,35002,卖盘
24,09:31:43,5.85,0.02,24,14030,买盘
25,09:31:46,5.85,0.0,11,6427,买盘
26,09:31:49,5.85,0.0,76,44460,买盘
27,09:31:52,5.85,0.0,8,4680,卖盘
28,09:31:57,5.86,0.01,207,121102,买盘
29,09:32:01,5.85,-0.01,35,20475,卖盘
30,09:32:04,5.86,0.01,451,264013,买盘
31,09:32:06,5.85,-0.01,271,158669,卖盘
32,09:32:10,5.84,-0.01,25,14605,卖盘
33,09:32:19,5.84,0.0,4,2336,卖盘
34,09:32:22,5.85,0.01,686,401210,买盘
35,09:32:24,5.84,-0.01,328,191555,卖盘
36,09:32:27,5.84,0.0,100,58400,卖盘
37,09:32:31,5.84,0.0,386,225424,卖盘
38,09:32:34,5.83,-0.01,109,63612,卖盘
39,09:32:40,5.83,0.0,3,1749,卖盘
40,09:32:42,5.83,0.0,67,39061,卖盘
41,09:32:46,5.82,-0.01,173,100862,卖盘
42,09:32:51,5.83,0.01,2,1166,买盘
43,09:32:55,5.82,-0.01,4,2328,卖盘
44,09:32:58,5.82,0.0,21,12222,买盘
45,09:33:06,5.82,0.0,68,39568,买盘
46,09:33:10,5.81,-0.01,80,46530,卖盘
47,09:33:12,5.82,0.01,73,42486,买盘
48,09:33:16,5.81,-0.01,140,81365,卖盘
49,09:33:19,5.81,0.0,6,3486,买盘
50,09:33:21,5.81,0.0,100,58100,买盘
51,09:33:24,5.8,-0.01,238,138080,卖盘
52,09:33:28,5.81,0.01,9,5229,买盘
53,09:33:31,5.8,-0.01,707,410080,卖盘
54,09:33:34,5.79,-0.01,31,17950,卖盘
55,09:33:37,5.8,0.01,11,6380,买盘
56,09:33:39,5.8,0.0,49,28420,卖盘
57,09:33:43,5.8,0.0,5,2900,卖盘
58,09:33:46,5.8,0.0,98,56872,卖盘
59,09:33:49,5.81,0.01,50,29050,买盘
60,09:33:52,5.8,-0.01,18,10455,卖盘
61,09:33:55,5.81,0.01,9,5229,买盘
62,09:33:58,5.81,0.0,35,20335,买盘
63,09:34:01,5.8,-0.01,129,74904,卖盘
64,09:34:07,5.8,0.0,48,27881,卖盘
65,09:34:16,5.81,0.01,70,40778,卖盘
66,09:34:19,5.81,0.0,54,31374,卖盘
67,09:34:25,5.81,0.0,31,18011,买盘
68,09:34:27,5.81,0.0,17,9877,买盘
69,09:34:34,5.81,0.0,14,8134,卖盘
70,09:34:40,5.83,0.02,50,29150,买盘
71,09:34:43,5.83,0.0,63,36692,买盘
72,09:34:46,5.83,0.0,230,133690,买盘
73,09:34:49,5.83,0.0,66,38478,买盘
74,09:34:55,5.83,0.0,126,73458,卖盘
75,09:34:58,5.83,0.0,86,50138,买盘
76,09:35:07,5.83,0.0,55,32065,买盘
77,09:35:13,5.83,0.0,10,5830,买盘
78,09:35:25,5.83,0.0,20,11660,卖盘
79,09:35:28,5.83,0.0,20,11660,卖盘
80,09:35:31,5.84,0.01,300,175200,买盘
81,09:35:34,5.84,0.0,4,2336,卖盘
82,09:35:43,5.84,0.0,20,11690,卖盘
83,09:35:49,5.85,0.01,8,4680,买盘
84,09:35:55,5.85,0.0,10,5850,买盘
85,09:35:58,5.85,0.0,179,104715,买盘
86,09:36:04,5.86,0.01,34,19920,买盘
87,09:36:06,5.86,0.0,18,10548,买盘
88,09:36:09,5.85,-0.01,170,99520,卖盘
89,09:36:16,5.85,0.0,31,18156,卖盘
90,09:36:18,5.86,0.01,4,2344,买盘
91,09:36:25,5.85,-0.01,198,115830,卖盘
92,09:36:28,5.85,0.0,1,585,卖盘
93,09:36:31,5.85,0.0,1,585,卖盘
94,09:36:37,5.85,0.0,108,63180,卖盘
95,09:36:40,5.85,0.0,82,48035,卖盘
96,09:36:42,5.85,0.0,50,29250,卖盘
97,09:36:46,5.86,0.01,3,1758,买盘
98,09:36:49,5.85,-0.01,103,60255,卖盘
99,09:36:51,5.85,0.0,438,256292,卖盘
100,09:36:57,5.85,0.0,10,5850,买盘
101,09:37:01,5.84,-0.01,161,94024,卖盘
102,09:37:04,5.85,0.01,3,1755,买盘
103,09:37:13,5.85,0.0,38,22202,买盘
104,09:37:15,5.84,-0.01,5,2920,卖盘
105,09:37:22,5.84,0.0,40,23370,卖盘
106,09:37:24,5.84,0.0,86,50224,卖盘
107,09:37:28,5.84,0.0,3,1752,卖盘
108,09:37:31,5.84,0.0,188,109792,卖盘
109,09:37:34,5.84,0.0,48,28032,卖盘
110,09:37:37,5.84,0.0,182,106288,卖盘
111,09:37:40,5.84,0.0,100,58400,卖盘
112,09:37:46,5.84,0.0,1,584,买盘
113,09:37:48,5.83,-0.01,127,74041,卖盘
114,09:37:54,5.83,0.0,44,25652,卖盘
115,09:37:58,5.83,0.0,9,5247,卖盘
116,09:38:00,5.83,0.0,285,166155,卖盘
117,09:38:07,5.83,0.0,92,53636,卖盘
118,09:38:16,5.82,-0.01,57,33174,卖盘
119,09:38:22,5.83,0.01,218,127094,买盘
120,09:38:25,5.83,0.0,6,3498,卖盘
121,09:38:28,5.84,0.01,60,35000,买盘
122,09:38:31,5.84,0.0,126,73584,买盘
123,09:38:34,5.84,0.0,115,67217,卖盘
124,09:38:52,5.84,0.0,203,118552,卖盘
125,09:38:55,5.84,0.0,41,23944,买盘
126,09:39:01,5.84,0.0,120,70080,买盘
127,09:39:07,5.84,0.0,72,42055,卖盘
128,09:39:10,5.83,-0.01,198,115434,卖盘
129,09:39:18,5.83,0.0,565,329395,卖盘
130,09:39:34,5.83,0.0,34,19809,买盘
131,09:39:37,5.83,0.0,318,185394,买盘
132,09:39:43,5.82,-0.01,103,59949,卖盘
133,09:39:45,5.83,0.01,14,8162,中性盘
134,09:39:51,5.83,0.0,25,14575,卖盘
135,09:39:55,5.83,0.0,14,8162,卖盘
136,09:40:10,5.83,0.0,89,51861,买盘
137,09:40:22,5.83,0.0,10,5830,卖盘
138,09:40:25,5.83,0.0,1,583,卖盘
139,09:40:28,5.84,0.01,19,11096,买盘
140,09:40:34,5.84,0.0,15,8760,买盘
141,09:40:40,5.84,0.0,75,43800,买盘
142,09:40:52,5.84,0.0,15,8760,卖盘
143,09:40:55,5.84,0.0,70,40880,卖盘
144,09:40:58,5.84,0.0,15,8760,卖盘
145,09:41:01,5.84,0.0,20,11680,卖盘
146,09:41:04,5.85,0.01,20,11700,买盘
147,09:41:07,5.85,0.0,199,116361,买盘
148,09:41:10,5.85,0.0,26,15210,买盘
149,09:41:16,5.85,0.0,5,2925,买盘
150,09:41:19,5.85,0.0,2,1170,买盘
151,09:41:25,5.85,0.0,3,1755,买盘
152,09:41:31,5.85,0.0,97,56745,买盘
153,09:41:33,5.85,0.0,15,8775,买盘
154,09:41:40,5.85,0.0,29,16965,买盘
155,09:41:45,5.85,0.0,20,11700,买盘
156,09:41:55,5.85,0.0,20,11700,买盘
157,09:41:58,5.85,0.0,10,5850,卖盘
158,09:42:03,5.86,0.01,2,1172,买盘
159,09:42:07,5.86,0.0,22,12892,买盘
160,09:42:16,5.86,0.0,120,70320,买盘
161,09:42:19,5.85,-0.01,22,12870,卖盘
162,09:42:28,5.86,0.01,53,31058,买盘
163,09:42:31,5.86,0.0,20,11720,买盘
164,09:42:40,5.86,0.0,100,58600,买盘
165,09:42:43,5.85,-0.01,100,58500,卖盘
166,09:42:52,5.86,0.01,51,29886,买盘
167,09:43:04,5.85,-0.01,6,3510,卖盘
168,09:43:13,5.85,0.0,120,70300,卖盘
169,09:43:19,5.86,0.01,19,11134,买盘
170,09:43:28,5.85,-0.01,50,29250,卖盘
171,09:43:37,5.85,0.0,35,20475,卖盘
172,09:43:43,5.85,0.0,529,309465,卖盘
173,09:43:58,5.84,-0.01,23,13432,卖盘
174,09:44:04,5.84,0.0,136,79424,卖盘
175,09:44:13,5.84,0.0,163,95196,卖盘
176,09:44:28,5.84,0.0,12,7008,买盘
177,09:44:30,5.84,0.0,20,11680,买盘
178,09:44:37,5.84,0.0,25,14600,买盘
179,09:44:46,5.84,0.0,1,584,买盘
180,09:44:52,5.84,0.0,60,35040,买盘
181,09:44:58,5.84,0.0,11,6424,买盘
182,09:45:10,5.83,-0.01,10,5830,卖盘
183,09:45:25,5.84,0.01,11,6424,买盘
184,09:45:43,5.84,0.0,68,39712,买盘
185,09:45:49,5.83,-0.01,140,81620,卖盘
186,09:45:58,5.84,0.01,142,82928,买盘
187,09:46:01,5.84,0.0,5,2920,卖盘
188,09:46:09,5.84,0.0,95,55480,卖盘
189,09:46:13,5.84,0.0,5,2920,买盘
190,09:46:19,5.84,0.0,25,14600,卖盘
191,09:46:25,5.84,0.0,11,6424,买盘
192,09:46:28,5.84,0.0,4,2336,买盘
193,09:46:34,5.84,0.0,88,51392,买盘
194,09:46:36,5.84,0.0,12,7008,卖盘
195,09:46:39,5.84,0.0,10,5840,中性盘
196,09:46:49,5.84,0.0,3,1752,卖盘
197,09:46:52,5.84,0.0,44,25696,卖盘
198,09:47:13,5.84,0.0,5,2920,卖盘
199,09:47:49,5.84,0.0,31,18104,卖盘
200,09:48:04,5.84,0.0,99,57816,卖盘
201,09:48:12,5.85,0.01,50,29250,买盘
202,09:48:25,5.85,0.0,15,8775,买盘
203,09:48:37,5.85,0.0,17,9945,买盘
204,09:48:46,5.85,0.0,10,5850,买盘
205,09:48:49,5.84,-0.01,83,48472,卖盘
206,09:48:52,5.85,0.01,18,10530,买盘
207,09:49:06,5.85,0.0,53,31005,买盘
208,09:49:09,5.85,0.0,33,19304,买盘
209,09:49:13,5.85,0.0,44,25740,买盘
210,09:49:19,5.85,0.0,1,585,买盘
211,09:49:21,5.84,-0.01,25,14624,卖盘
212,09:49:28,5.85,0.01,78,45630,买盘
213,09:49:30,5.85,0.0,92,53820,买盘
214,09:49:37,5.84,-0.01,5,2920,卖盘
215,09:49:46,5.84,0.0,15,8760,卖盘
216,09:50:01,5.84,0.0,102,59568,卖盘
217,09:50:07,5.84,0.0,298,174032,卖盘
218,09:50:16,5.84,0.0,10,5840,买盘
219,09:50:28,5.84,0.0,106,61904,卖盘
220,09:50:37,5.84,0.0,29,16936,卖盘
221,09:50:40,5.85,0.01,41,23964,买盘
222,09:50:48,5.85,0.0,27,15795,买盘
223,09:51:07,5.84,-0.01,29,16936,卖盘
224,09:51:16,5.84,0.0,9,5256,卖盘
225,09:51:19,5.83,-0.01,657,383125,卖盘
226,09:51:25,5.84,0.01,3,1752,中性盘
227,09:51:31,5.83,-0.01,30,17490,卖盘
228,09:51:39,5.83,0.0,28,16324,卖盘
229,09:51:46,5.83,0.0,51,29733,卖盘
230,09:51:49,5.83,0.0,9,5247,买盘
231,09:51:51,5.83,0.0,10,5830,卖盘
232,09:52:04,5.83,0.0,65,37895,卖盘
233,09:52:13,5.83,0.0,12,6996,买盘
234,09:52:22,5.82,-0.01,120,69860,卖盘
235,09:52:25,5.83,0.01,2,1166,买盘
236,09:52:28,5.83,0.0,1,583,买盘
237,09:53:09,5.83,0.0,4,2332,卖盘
238,09:53:24,5.83,0.0,110,64130,卖盘
239,09:53:33,5.83,0.0,29,16907,卖盘
240,09:53:46,5.83,0.0,9,5247,卖盘
241,09:53:58,5.83,0.0,18,10494,卖盘
242,09:54:10,5.83,0.0,20,11660,卖盘
243,09:54:16,5.83,0.0,106,61798,卖盘
244,09:54:37,5.83,0.0,30,17490,买盘
245,09:54:45,5.83,0.0,20,11660,买盘
246,09:54:52,5.83,0.0,21,12223,买盘
247,09:55:07,5.82,-0.01,10,5820,卖盘
248,09:55:10,5.82,0.0,1,582,卖盘
249,09:55:13,5.83,0.01,116,67628,买盘
250,09:55:16,5.82,-0.01,52,30264,卖盘
251,09:55:22,5.83,0.01,30,17490,买盘
252,09:55:28,5.82,-0.01,16,9312,卖盘
253,09:55:34,5.82,0.0,18,10476,卖盘
254,09:55:40,5.83,0.01,5,2915,买盘
255,09:55:46,5.82,-0.01,24,13968,卖盘
256,09:55:55,5.82,0.0,10,5820,卖盘
257,09:55:58,5.83,0.01,87,50721,买盘
258,09:56:16,5.82,-0.01,14,8148,卖盘
259,09:56:22,5.83,0.01,6,3498,买盘
260,09:56:28,5.83,0.0,5,2915,买盘
261,09:56:30,5.83,0.0,8,4660,买盘
262,09:56:33,5.82,-0.01,20,11640,卖盘
263,09:56:37,5.83,0.01,6,3498,买盘
264,09:56:40,5.82,-0.01,7,4074,卖盘
265,09:56:46,5.83,0.01,98,57134,买盘
266,09:56:49,5.83,0.0,26,15158,买盘
267,09:56:54,5.83,0.0,18,10494,卖盘
268,09:56:58,5.83,0.0,10,5830,中性盘
269,09:57:07,5.83,0.0,317,184511,买盘
270,09:57:31,5.82,-0.01,84,48888,卖盘
271,09:57:34,5.82,0.0,55,32010,卖盘
272,09:57:37,5.83,0.01,2,1166,买盘
273,09:57:52,5.83,0.0,12,6996,卖盘
274,09:57:58,5.83,0.0,5,2915,买盘
275,09:58:04,5.82,-0.01,14,8148,卖盘
276,09:58:09,5.83,0.01,10,5830,买盘
277,09:58:16,5.83,0.0,29,16898,买盘
278,09:58:19,5.82,-0.01,16,9312,卖盘
279,09:58:27,5.82,0.0,38,22116,卖盘
280,09:58:36,5.82,0.0,40,23280,卖盘
281,09:58:40,5.82,0.0,90,52380,卖盘
282,09:58:46,5.82,0.0,7,4074,卖盘
283,09:58:52,5.82,0.0,70,40740,卖盘
284,09:58:58,5.83,0.01,21,12243,买盘
285,09:59:01,5.82,-0.01,10,5824,卖盘
286,09:59:19,5.82,0.0,72,41904,卖盘
287,09:59:34,5.83,0.01,10,5830,买盘
288,09:59:46,5.82,-0.01,230,133890,卖盘
289,10:00:13,5.83,0.01,68,39644,买盘
290,10:00:16,5.83,0.0,4,2332,买盘
291,10:00:19,5.83,0.0,144,83952,买盘
292,10:00:33,5.83,0.0,7,4081,卖盘
293,10:00:43,5.84,0.01,10,5840,买盘
294,10:00:52,5.84,0.0,10,5840,买盘
295,10:00:58,5.83,-0.01,68,39644,卖盘
296,10:01:01,5.84,0.01,43,25112,买盘
297,10:01:19,5.84,0.0,2,1168,买盘
298,10:01:22,5.84,0.0,53,30949,买盘
299,10:01:28,5.84,0.0,22,12848,买盘
300,10:01:34,5.83,-0.01,113,65879,卖盘
301,10:01:43,5.83,0.0,10,5830,卖盘
302,10:01:55,5.84,0.01,25,14595,买盘
303,10:02:01,5.84,0.0,1,584,买盘
304,10:02:13,5.83,-0.01,59,34397,卖盘
305,10:02:16,5.84,0.01,22,12848,买盘
306,10:02:22,5.84,0.0,1,584,买盘
307,10:02:28,5.83,-0.01,127,74041,卖盘
308,10:02:31,5.84,0.01,70,40880,买盘
309,10:02:49,5.83,-0.01,7,4081,买盘
310,10:02:52,5.83,0.0,155,90365,买盘
311,10:03:19,5.83,0.0,10,5830,卖盘
312,10:03:22,5.84,0.01,2,1168,买盘
313,10:03:25,5.83,-0.01,5,2915,卖盘
314,10:03:36,5.84,0.01,5,2920,买盘
315,10:04:01,5.84,0.0,10,5840,买盘
316,10:04:10,5.84,0.0,158,92272,买盘
317,10:04:22,5.85,0.01,1,585,买盘
318,10:04:34,5.84,-0.01,7,4088,卖盘
319,10:04:40,5.84,0.0,5,2920,卖盘
320,10:05:21,5.85,0.01,2,1170,买盘
321,10:05:34,5.85,0.0,60,35100,买盘
322,10:05:42,5.84,-0.01,10,5840,卖盘
323,10:05:45,5.84,0.0,14,8176,卖盘
324,10:06:06,5.84,0.0,20,11680,卖盘
325,10:06:13,5.85,0.01,20,11700,买盘
326,10:06:19,5.84,-0.01,29,16936,卖盘
327,10:06:21,5.85,0.01,5,2925,买盘
328,10:06:25,5.85,0.0,10,5850,买盘
329,10:06:31,5.85,0.0,10,5850,买盘
330,10:06:37,5.85,0.0,25,14620,买盘
331,10:07:10,5.85,0.0,3,1755,买盘
332,10:07:12,5.85,0.0,20,11700,买盘
333,10:07:16,5.85,0.0,30,17550,买盘
334,10:07:33,5.85,0.0,7,4095,买盘
335,10:07:36,5.85,0.0,7,4095,买盘
336,10:07:40,5.85,0.0,39,22815,买盘
337,10:07:46,5.84,-0.01,41,23974,卖盘
338,10:07:58,5.85,0.01,100,58500,买盘
339,10:08:12,5.85,0.0,17,9945,买盘
340,10:08:19,5.85,0.0,10,5850,买盘
341,10:08:21,5.85,0.0,2,1170,买盘
342,10:08:24,5.84,-0.01,79,46136,卖盘
343,10:08:31,5.85,0.01,24,14040,买盘
344,10:08:49,5.85,0.0,8,4680,买盘
345,10:09:07,5.85,0.0,54,31590,买盘
346,10:09:21,5.85,0.0,2,1170,买盘
347,10:09:28,5.84,-0.01,11,6424,卖盘
348,10:09:31,5.84,0.0,1,584,卖盘
349,10:09:46,5.84,0.0,64,37376,卖盘
350,10:09:49,5.85,0.01,60,35100,买盘
351,10:10:01,5.84,-0.01,11,6424,卖盘
352,10:10:16,5.84,0.0,73,42632,卖盘
353,10:10:22,5.84,0.0,10,5840,买盘
354,10:10:39,5.83,-0.01,5,2915,卖盘
355,10:10:43,5.84,0.01,20,11680,买盘
356,10:10:46,5.84,0.0,5,2920,买盘
357,10:10:52,5.83,-0.01,189,110187,卖盘
358,10:10:55,5.83,0.0,5,2915,卖盘
359,10:10:58,5.84,0.01,30,17520,买盘
360,10:11:01,5.83,-0.01,32,18656,卖盘
361,10:11:04,5.83,0.0,525,306075,卖盘
362,10:11:06,5.83,0.0,77,44891,卖盘
363,10:11:12,5.83,0.0,369,215127,卖盘
364,10:11:28,5.82,-0.01,6,3492,卖盘
365,10:11:31,5.82,0.0,226,131532,卖盘
366,10:11:34,5.83,0.01,101,58883,买盘
367,10:11:45,5.82,-0.01,200,116400,卖盘
368,10:11:48,5.82,0.0,50,29100,卖盘
369,10:11:55,5.83,0.01,2,1166,买盘
370,10:12:01,5.82,-0.01,136,79158,卖盘
371,10:12:13,5.82,0.0,168,97776,卖盘
372,10:12:22,5.81,-0.01,475,275975,卖盘
373,10:12:24,5.82,0.01,20,11640,买盘
374,10:12:39,5.81,-0.01,169,98189,卖盘
375,10:12:42,5.82,0.01,50,29100,买盘
376,10:12:45,5.81,-0.01,30,17438,卖盘
377,10:12:49,5.82,0.01,1,582,卖盘
378,10:12:52,5.82,0.0,36,20952,卖盘
379,10:13:19,5.82,0.0,5,2910,卖盘
380,10:13:31,5.82,0.0,5,2910,卖盘
381,10:13:45,5.82,0.0,16,9312,卖盘
382,10:13:52,5.82,0.0,16,9312,卖盘
383,10:13:55,5.82,0.0,2,1164,卖盘
384,10:14:04,5.82,0.0,16,9312,卖盘
385,10:14:10,5.82,0.0,43,25026,卖盘
386,10:14:37,5.82,0.0,30,17460,卖盘
387,10:14:40,5.82,0.0,9,5238,卖盘
388,10:14:46,5.82,0.0,60,34920,卖盘
389,10:14:49,5.82,0.0,417,242694,卖盘
390,10:14:51,5.82,0.0,1,582,卖盘
391,10:14:55,5.82,0.0,7,4074,卖盘
392,10:15:16,5.82,0.0,5,2910,买盘
393,10:15:19,5.82,0.0,326,189732,买盘
394,10:15:33,5.82,0.0,12,6984,卖盘
395,10:15:39,5.82,0.0,35,20370,卖盘
396,10:15:43,5.82,0.0,29,16878,卖盘
397,10:15:46,5.82,0.0,37,21534,卖盘
398,10:15:49,5.82,0.0,93,54126,卖盘
399,10:15:52,5.82,0.0,105,61110,买盘
400,10:15:58,5.82,0.0,23,13393,卖盘
401,10:16:12,5.82,0.0,10,5820,卖盘
402,10:16:16,5.83,0.01,446,260018,买盘
403,10:16:19,5.83,0.0,23,13409,卖盘
404,10:16:52,5.84,0.01,6,3504,买盘
405,10:16:55,5.83,-0.01,405,236215,卖盘
406,10:17:10,5.83,0.0,335,195305,买盘
407,10:17:22,5.83,0.0,10,5830,卖盘
408,10:17:24,5.83,0.0,1,583,卖盘
409,10:17:46,5.83,0.0,21,12243,卖盘
410,10:17:58,5.83,0.0,60,34980,卖盘
411,10:18:01,5.83,0.0,100,58300,卖盘
412,10:18:43,5.84,0.01,58,33861,买盘
413,10:18:46,5.83,-0.01,50,29150,卖盘
414,10:18:49,5.84,0.01,10,5840,买盘
415,10:19:04,5.83,-0.01,3,1749,卖盘
416,10:19:10,5.84,0.01,14,8176,买盘
417,10:19:16,5.83,-0.01,88,51304,卖盘
418,10:19:40,5.83,0.0,52,30316,卖盘
419,10:20:10,5.84,0.01,20,11680,买盘
420,10:20:16,5.83,-0.01,219,127677,卖盘
421,10:20:18,5.84,0.01,1,584,买盘
422,10:20:40,5.83,-0.01,443,258269,卖盘
423,10:20:42,5.83,0.0,57,33231,买盘
424,10:20:52,5.84,0.01,6,3504,买盘
425,10:20:55,5.83,-0.01,150,87450,卖盘
426,10:21:00,5.84,0.01,200,116800,买盘
427,10:21:10,5.84,0.0,30,17520,买盘
428,10:21:13,5.83,-0.01,233,136006,卖盘
429,10:21:16,5.83,0.0,1,583,卖盘
430,10:21:19,5.83,0.0,488,284504,卖盘
431,10:21:22,5.83,0.0,1,583,买盘
432,10:21:40,5.83,0.0,100,58300,买盘
433,10:21:46,5.83,0.0,19,11077,买盘
434,10:21:51,5.84,0.01,30,17520,买盘
435,10:22:04,5.83,-0.01,14,8162,卖盘
436,10:22:16,5.82,-0.01,500,291215,卖盘
437,10:22:22,5.84,0.02,2,1168,买盘
438,10:22:30,5.83,-0.01,14,8162,卖盘
439,10:22:49,5.83,0.0,10,5830,卖盘
440,10:23:06,5.83,0.0,22,12826,卖盘
441,10:23:10,5.83,0.0,13,7579,卖盘
442,10:23:16,5.84,0.01,38,22191,买盘
443,10:23:22,5.84,0.0,5,2920,买盘
444,10:23:33,5.84,0.0,59,34456,卖盘
445,10:23:37,5.85,0.01,4,2340,买盘
446,10:23:52,5.85,0.0,50,29250,买盘
447,10:24:25,5.85,0.0,5,2925,买盘
448,10:24:30,5.85,0.0,10,5850,买盘
449,10:24:34,5.85,0.0,17,9945,买盘
450,10:24:40,5.84,-0.01,100,58400,卖盘
451,10:24:46,5.85,0.01,50,29250,买盘
452,10:24:49,5.85,0.0,33,19275,买盘
453,10:24:52,5.85,0.0,10,5850,买盘
454,10:25:06,5.85,0.0,227,132795,买盘
455,10:25:31,5.85,0.0,30,17550,买盘
456,10:25:36,5.85,0.0,17,9945,买盘
457,10:25:46,5.85,0.0,39,22815,买盘
458,10:26:01,5.85,0.0,38,22230,卖盘
459,10:26:19,5.85,0.0,48,28080,卖盘
460,10:26:40,5.84,-0.01,7,4088,卖盘
461,10:26:45,5.84,0.0,2,1168,卖盘
462,10:27:19,5.84,0.0,56,32704,卖盘
463,10:27:22,5.85,0.01,3,1755,买盘
464,10:28:06,5.85,0.0,6,3510,买盘
465,10:28:19,5.85,0.0,2,1170,买盘
466,10:28:37,5.85,0.0,20,11700,买盘
467,10:28:43,5.85,0.0,6,3510,买盘
468,10:29:01,5.85,0.0,10,5850,买盘
469,10:29:13,5.85,0.0,96,56160,买盘
470,10:29:16,5.85,0.0,2,1170,卖盘
471,10:29:28,5.85,0.0,6,3510,卖盘
472,10:29:31,5.86,0.01,1,586,买盘
473,10:29:52,5.85,-0.01,218,127852,卖盘
474,10:30:01,5.85,0.0,97,56423,卖盘
475,10:30:04,5.85,0.0,2,1170,买盘
476,10:30:30,5.85,0.0,95,55897,买盘
477,10:31:16,5.85,0.0,1,585,卖盘
478,10:31:25,5.85,0.0,321,187463,卖盘
479,10:31:34,5.85,0.0,15,8775,买盘
480,10:31:40,5.85,0.0,220,129022,买盘
481,10:31:46,5.85,0.0,10,5850,卖盘
482,10:32:10,5.85,0.0,74,42968,卖盘
483,10:32:16,5.85,0.0,10,5850,买盘
484,10:32:19,5.85,0.0,2,1170,买盘
485,10:32:24,5.85,0.0,10,5850,买盘
486,10:32:58,5.84,-0.01,4,2336,卖盘
487,10:33:22,5.85,0.01,2,1170,买盘
488,10:33:24,5.85,0.0,53,30986,买盘
489,10:33:27,5.85,0.0,31,18135,买盘
490,10:33:37,5.85,0.0,3,1755,买盘
491,10:33:40,5.85,0.0,3,1755,买盘
492,10:33:43,5.84,-0.01,42,24530,卖盘
493,10:33:46,5.85,0.01,2,1170,买盘
494,10:33:49,5.85,0.0,2,1170,买盘
495,10:33:58,5.84,-0.01,50,29200,卖盘
496,10:34:22,5.85,0.01,62,36270,买盘
497,10:34:42,5.85,0.0,10,5850,买盘
498,10:35:04,5.85,0.0,23,13455,买盘
499,10:36:01,5.84,-0.01,6,3504,卖盘
500,10:36:18,5.85,0.01,2,1170,买盘
501,10:36:31,5.84,-0.01,102,59568,卖盘
502,10:36:43,5.84,0.0,148,86432,卖盘
503,10:36:46,5.84,0.0,4,2336,买盘
504,10:37:04,5.83,-0.01,261,152224,卖盘
505,10:37:06,5.83,0.0,50,29150,卖盘
506,10:37:24,5.83,0.0,7,4081,卖盘
507,10:37:27,5.83,0.0,1,583,卖盘
508,10:38:01,5.83,0.0,20,11660,卖盘
509,10:38:31,5.84,0.01,426,248784,买盘
510,10:38:55,5.84,0.0,2,1168,买盘
511,10:39:04,5.83,-0.01,799,465817,卖盘
512,10:39:10,5.83,0.0,10,5830,卖盘
513,10:39:19,5.83,0.0,5,2915,卖盘
514,10:39:33,5.84,0.01,13,7592,买盘
515,10:39:39,5.83,-0.01,310,180409,卖盘
516,10:39:54,5.82,-0.01,16,9312,卖盘
517,10:39:57,5.83,0.01,8,4664,买盘
518,10:40:04,5.82,-0.01,672,391104,卖盘
519,10:40:09,5.82,0.0,335,194970,卖盘
520,10:40:12,5.82,0.0,19,11058,卖盘
521,10:40:19,5.82,0.0,351,204282,买盘
522,10:40:22,5.82,0.0,100,58200,买盘
523,10:40:25,5.82,0.0,25,14550,买盘
524,10:40:27,5.82,0.0,15,8730,买盘
525,10:40:31,5.82,0.0,10,5820,买盘
526,10:40:34,5.82,0.0,7,4074,买盘
527,10:40:36,5.81,-0.01,37,21502,卖盘
528,10:40:40,5.82,0.01,8,4656,买盘
529,10:40:43,5.82,0.0,4,2328,买盘
530,10:40:46,5.82,0.0,1,582,买盘
531,10:40:48,5.82,0.0,3,1746,买盘
532,10:40:51,5.81,-0.01,185,107494,卖盘
533,10:40:55,5.81,0.0,22,12782,卖盘
534,10:41:12,5.82,0.01,128,74496,买盘
535,10:41:16,5.81,-0.01,977,568009,卖盘
536,10:41:31,5.81,0.0,17,9877,卖盘
537,10:41:52,5.81,0.0,5,2905,卖盘
538,10:42:06,5.82,0.01,14,8148,中性盘
539,10:42:13,5.81,-0.01,1,581,卖盘
540,10:42:15,5.82,0.01,3,1746,买盘
541,10:42:24,5.82,0.0,3,1746,买盘
542,10:42:43,5.81,-0.01,22,12782,卖盘
543,10:42:46,5.82,0.01,10,5820,买盘
544,10:43:18,5.82,0.0,137,79734,买盘
545,10:43:21,5.82,0.0,34,19788,卖盘
546,10:43:34,5.82,0.0,230,133860,卖盘
547,10:44:22,5.82,0.0,5,2910,卖盘
548,10:44:36,5.82,0.0,20,11640,卖盘
549,10:44:40,5.82,0.0,1,582,卖盘
550,10:44:43,5.82,0.0,2,1164,卖盘
551,10:44:54,5.82,0.0,100,58200,卖盘
552,10:45:04,5.83,0.01,41,23867,买盘
553,10:45:07,5.82,-0.01,208,121056,卖盘
554,10:45:19,5.82,0.0,4,2328,卖盘
555,10:45:30,5.82,0.0,153,89046,卖盘
556,10:46:00,5.83,0.01,10,5830,买盘
557,10:46:04,5.82,-0.01,100,58200,卖盘
558,10:46:06,5.82,0.0,22,12804,卖盘
559,10:46:19,5.83,0.01,1,583,买盘
560,10:46:34,5.82,-0.01,50,29100,卖盘
561,10:46:49,5.82,0.0,10,5820,卖盘
562,10:47:19,5.83,0.01,2,1166,买盘
563,10:47:27,5.83,0.0,10,5830,买盘
564,10:47:39,5.82,-0.01,100,58200,卖盘
565,10:47:45,5.83,0.01,5,2915,买盘
566,10:48:31,5.82,-0.01,50,29100,卖盘
567,10:48:36,5.83,0.01,59,34397,买盘
568,10:48:52,5.83,0.0,126,73444,买盘
569,10:48:54,5.82,-0.01,14,8148,卖盘
570,10:49:06,5.82,0.0,69,40158,买盘
571,10:49:16,5.82,0.0,10,5820,买盘
572,10:49:18,5.82,0.0,132,76824,买盘
573,10:49:55,5.82,0.0,4,2328,卖盘
574,10:50:04,5.83,0.01,51,29733,买盘
575,10:50:43,5.82,-0.01,10,5820,卖盘
576,10:50:46,5.83,0.01,371,216614,买盘
577,10:51:40,5.83,0.0,10,5830,卖盘
578,10:51:49,5.83,0.0,22,12505,卖盘
579,10:51:52,5.83,0.0,7,4402,买盘
580,10:52:09,5.83,0.0,17,9911,卖盘
581,10:52:34,5.84,0.01,4,2336,买盘
582,10:54:16,5.84,0.0,10,5840,买盘
583,10:54:19,5.84,0.0,2,1168,买盘
584,10:54:31,5.83,-0.01,70,40810,卖盘
585,10:54:34,5.84,0.01,55,32120,买盘
586,10:54:46,5.83,-0.01,10,5830,卖盘
587,10:55:07,5.83,0.0,54,31482,卖盘
588,10:55:19,5.84,0.01,1,584,买盘
589,10:55:25,5.83,-0.01,6,3498,卖盘
590,10:56:09,5.84,0.01,248,144832,买盘
591,10:56:28,5.84,0.0,37,21608,买盘
592,10:56:42,5.84,0.0,20,11680,买盘
593,10:56:46,5.84,0.0,23,13432,买盘
594,10:56:55,5.84,0.0,60,35040,买盘
595,10:56:58,5.84,0.0,49,28616,买盘
596,10:57:01,5.84,0.0,15,8760,卖盘
597,10:57:13,5.85,0.01,3,1755,买盘
598,10:57:16,5.85,0.0,110,64250,买盘
599,10:57:19,5.85,0.0,150,87750,买盘
600,10:57:22,5.85,0.0,12,7020,买盘
601,10:57:25,5.85,0.0,500,292500,买盘
602,10:57:28,5.86,0.01,167,97823,买盘
603,10:57:31,5.86,0.0,2,1172,买盘
604,10:57:33,5.86,0.0,80,46880,买盘
605,10:57:37,5.86,0.0,50,29271,买盘
606,10:57:40,5.87,0.01,855,501230,买盘
607,10:57:42,5.87,0.0,105,61635,买盘
608,10:57:46,5.87,0.0,43,25241,买盘
609,10:57:48,5.88,0.01,166,97523,买盘
610,10:57:51,5.88,0.0,244,143472,买盘
611,10:57:57,5.89,0.01,263,154714,买盘
612,10:58:00,5.92,0.03,785,463318,买盘
613,10:58:07,5.94,0.02,927,550458,买盘
614,10:58:10,5.94,0.0,195,115830,买盘
615,10:58:13,5.94,0.0,386,229284,买盘
616,10:58:16,5.94,0.0,161,95634,买盘
617,10:58:19,5.93,-0.01,984,583544,中性盘
618,10:58:21,5.93,0.0,20,11860,买盘
619,10:58:25,5.93,0.0,92,54556,买盘
620,10:58:27,5.92,-0.01,115,68183,卖盘
621,10:58:30,5.92,0.0,68,40314,卖盘
622,10:58:33,5.93,0.01,27,16011,买盘
623,10:58:36,5.92,-0.01,46,27232,卖盘
624,10:58:40,5.92,0.0,27,15993,卖盘
625,10:58:43,5.94,0.02,422,250383,买盘
626,10:58:45,5.92,-0.02,25,14816,卖盘
627,10:58:51,5.95,0.03,262,155712,买盘
628,10:58:54,5.94,-0.01,93,55242,卖盘
629,10:58:58,5.95,0.01,221,131481,买盘
630,10:59:00,5.95,0.0,87,51765,买盘
631,10:59:04,5.95,0.0,71,42245,卖盘
632,10:59:07,5.95,0.0,133,79135,卖盘
633,10:59:10,5.95,0.0,222,131988,买盘
634,10:59:13,5.95,0.0,149,88655,买盘
635,10:59:15,5.93,-0.02,220,130665,卖盘
636,10:59:22,5.93,0.0,11,6524,卖盘
637,10:59:25,5.93,0.0,185,109705,卖盘
638,10:59:31,5.92,-0.01,20,11840,卖盘
639,10:59:33,5.92,0.0,93,55056,卖盘
640,10:59:37,5.92,0.0,112,66367,买盘
641,10:59:39,5.91,-0.01,27,15964,卖盘
642,10:59:45,5.92,0.01,41,24272,买盘
643,10:59:49,5.92,0.0,31,18352,买盘
644,10:59:52,5.91,-0.01,4,2364,卖盘
645,10:59:58,5.92,0.01,133,78634,买盘
646,11:00:00,5.91,-0.01,76,44916,卖盘
647,11:00:04,5.92,0.01,643,380541,买盘
648,11:00:16,5.93,0.01,346,205082,买盘
649,11:00:19,5.93,0.0,220,130460,买盘
650,11:00:22,5.92,-0.01,798,472500,卖盘
651,11:00:25,5.92,0.0,59,34928,买盘
652,11:00:28,5.93,0.01,16,9488,卖盘
653,11:00:30,5.93,0.0,30,17790,买盘
654,11:00:33,5.93,0.0,80,47440,买盘
655,11:00:36,5.93,0.0,50,29650,买盘
656,11:00:40,5.93,0.0,51,30243,买盘
657,11:00:43,5.93,0.0,100,59300,买盘
658,11:00:52,5.91,-0.02,265,156627,卖盘
659,11:00:55,5.91,0.0,68,40188,买盘
660,11:00:58,5.9,-0.01,326,192340,卖盘
661,11:01:04,5.9,0.0,100,59000,买盘
662,11:01:06,5.9,0.0,76,44840,买盘
663,11:01:10,5.9,0.0,38,22420,买盘
664,11:01:19,5.91,0.01,1,591,买盘
665,11:01:25,5.91,0.0,911,538391,买盘
666,11:01:28,5.91,0.0,400,236400,买盘
667,11:01:34,5.91,0.0,157,92787,买盘
668,11:01:54,5.91,0.0,104,61464,卖盘
669,11:02:01,5.92,0.01,48,28416,买盘
670,11:02:07,5.92,0.0,15,8880,买盘
671,11:02:10,5.92,0.0,6,3552,买盘
672,11:02:13,5.92,0.0,1,592,买盘
673,11:02:16,5.93,0.01,180,106712,买盘
674,11:02:22,5.94,0.01,51,30248,买盘
675,11:02:27,5.92,-0.02,6,3552,卖盘
676,11:02:31,5.94,0.02,502,298188,买盘
677,11:02:37,5.94,0.0,166,98604,卖盘
678,11:02:40,5.94,0.0,120,71280,买盘
679,11:02:43,5.94,0.0,1,594,买盘
680,11:02:48,5.93,-0.01,2,1186,卖盘
681,11:02:52,5.93,0.0,15,8898,买盘
682,11:03:01,5.92,-0.01,567,336482,卖盘
683,11:03:03,5.93,0.01,104,61672,买盘
684,11:03:06,5.92,-0.01,41,24272,卖盘
685,11:03:16,5.92,0.0,8,4736,买盘
686,11:03:19,5.92,0.0,56,33152,买盘
687,11:03:22,5.9,-0.02,270,159502,卖盘
688,11:03:25,5.9,0.0,157,92630,买盘
689,11:03:31,5.9,0.0,200,118000,买盘
690,11:03:34,5.9,0.0,3,1770,买盘
691,11:03:37,5.9,0.0,136,80240,买盘
692,11:03:40,5.9,0.0,9,5310,买盘
693,11:03:42,5.9,0.0,4,2360,买盘
694,11:03:46,5.9,0.0,289,170505,买盘
695,11:03:49,5.93,0.03,50,29603,买盘
696,11:04:07,5.92,-0.01,5,2960,买盘
697,11:04:31,5.9,-0.02,160,94400,卖盘
698,11:04:43,5.9,0.0,150,88500,卖盘
699,11:04:48,5.9,0.0,34,20075,卖盘
700,11:05:04,5.91,0.01,5,2955,买盘
701,11:05:10,5.9,-0.01,19,11210,卖盘
702,11:05:31,5.91,0.01,10,5910,买盘
703,11:05:34,5.91,0.0,7,4137,买盘
704,11:05:36,5.91,0.0,9,5319,买盘
705,11:05:39,5.91,0.0,35,20685,买盘
706,11:05:42,5.9,-0.01,20,11800,卖盘
707,11:05:55,5.91,0.01,61,36051,买盘
708,11:05:58,5.91,0.0,37,21867,卖盘
709,11:06:19,5.91,0.0,1,591,买盘
710,11:06:40,5.9,-0.01,48,28320,卖盘
711,11:07:13,5.9,0.0,34,20060,卖盘
712,11:07:22,5.9,0.0,5,2950,卖盘
713,11:07:27,5.9,0.0,17,10030,卖盘
714,11:07:34,5.9,0.0,142,83822,卖盘
715,11:07:48,5.9,0.0,85,50150,卖盘
716,11:08:09,5.9,0.0,97,57230,卖盘
717,11:08:13,5.9,0.0,350,206501,卖盘
718,11:08:30,5.9,0.0,4,2360,买盘
719,11:08:33,5.89,-0.01,507,298623,卖盘
720,11:08:37,5.88,-0.01,491,288865,卖盘
721,11:08:46,5.88,0.0,41,24108,卖盘
722,11:09:04,5.88,0.0,16,9408,卖盘
723,11:09:28,5.88,0.0,85,49980,卖盘
724,11:09:45,5.88,0.0,20,11760,卖盘
725,11:10:28,5.89,0.01,10,5890,买盘
726,11:11:45,5.88,-0.01,165,97020,卖盘
727,11:12:04,5.87,-0.01,130,76310,卖盘
728,11:12:16,5.87,0.0,2,1174,买盘
729,11:12:36,5.87,0.0,20,11740,买盘
730,11:12:54,5.88,0.01,600,352373,买盘
731,11:12:57,5.86,-0.02,16,9376,卖盘
732,11:13:12,5.88,0.02,27,15876,买盘
733,11:13:25,5.88,0.0,35,20580,买盘
734,11:13:37,5.88,0.0,100,58800,买盘
735,11:13:46,5.87,-0.01,501,294587,卖盘
736,11:14:06,5.88,0.01,2,1176,买盘
737,11:14:09,5.87,-0.01,27,15872,卖盘
738,11:15:07,5.88,0.01,50,29400,卖盘
739,11:16:22,5.89,0.01,15,8835,买盘
740,11:16:28,5.89,0.0,18,10602,买盘
741,11:16:31,5.89,0.0,192,113088,买盘
742,11:16:52,5.89,0.0,66,38874,买盘
743,11:16:58,5.89,0.0,42,24738,买盘
744,11:17:10,5.9,0.01,11,6490,买盘
745,11:17:13,5.9,0.0,2,1180,买盘
746,11:17:18,5.9,0.0,50,29500,买盘
747,11:17:25,5.9,0.0,5,2950,买盘
748,11:17:27,5.89,-0.01,84,49476,卖盘
749,11:18:25,5.89,0.0,4,2356,卖盘
750,11:19:22,5.9,0.01,11,6490,买盘
751,11:19:58,5.89,-0.01,7,4123,卖盘
752,11:20:13,5.9,0.01,1,590,买盘
753,11:20:19,5.91,0.01,1,591,买盘
754,11:20:30,5.9,-0.01,29,17110,卖盘
755,11:20:49,5.9,0.0,40,23600,买盘
756,11:20:58,5.9,0.0,2,1180,买盘
757,11:21:04,5.91,0.01,132,78003,买盘
758,11:21:19,5.91,0.0,1,591,买盘
759,11:21:43,5.91,0.0,33,19503,买盘
760,11:21:55,5.91,0.0,2,1182,卖盘
761,11:22:04,5.91,0.0,10,5910,卖盘
762,11:22:10,5.91,0.0,12,7092,卖盘
763,11:22:12,5.91,0.0,117,69147,卖盘
764,11:22:19,5.91,0.0,1,591,买盘
765,11:23:01,5.9,-0.01,3,1770,卖盘
766,11:23:19,5.91,0.01,1,591,买盘
767,11:23:58,5.9,-0.01,12,7080,卖盘
768,11:24:19,5.91,0.01,1,591,买盘
769,11:24:28,5.91,0.0,179,105789,买盘
770,11:24:49,5.92,0.01,25,14800,买盘
771,11:25:04,5.92,0.0,150,88800,买盘
772,11:25:18,5.92,0.0,1,592,买盘
773,11:25:28,5.92,0.0,3,1776,买盘
774,11:25:40,5.92,0.0,10,5920,买盘
775,11:25:49,5.91,-0.01,17,10047,卖盘
776,11:25:58,5.91,0.0,360,212760,卖盘
777,11:26:01,5.91,0.0,100,59100,卖盘
778,11:26:04,5.91,0.0,20,11820,卖盘
779,11:26:07,5.91,0.0,53,31323,卖盘
780,11:26:18,5.92,0.01,9,5320,买盘
781,11:26:27,5.91,-0.01,66,39006,卖盘
782,11:26:37,5.91,0.0,155,91470,买盘
783,11:26:55,5.9,-0.01,13,7670,卖盘
784,11:27:10,5.9,0.0,3,1770,卖盘
785,11:27:13,5.9,0.0,9,5310,买盘
786,11:27:31,5.9,0.0,18,10620,卖盘
787,11:27:49,5.9,0.0,2,1180,卖盘
788,11:28:46,5.88,-0.02,516,303553,卖盘
789,11:28:49,5.88,0.0,3,1764,买盘
790,11:28:51,5.88,0.0,3,1764,买盘
791,11:28:54,5.88,0.0,85,49980,买盘
792,11:28:58,5.88,0.0,2,1176,卖盘
793,11:29:04,5.88,0.0,1,588,卖盘
794,13:00:04,5.9,0.02,59,34781,买盘
795,13:00:10,5.9,0.0,8,4720,买盘
796,13:00:30,5.9,0.0,8,4720,买盘
797,13:01:07,5.9,0.0,43,25370,卖盘
798,13:01:12,5.9,0.0,11,6490,买盘
799,13:01:16,5.9,0.0,30,17700,买盘
800,13:01:48,5.9,0.0,1,590,买盘
801,13:01:58,5.89,-0.01,13,7657,卖盘
802,13:02:33,5.89,0.0,17,10013,卖盘
803,13:02:39,5.89,0.0,31,18259,卖盘
804,13:03:12,5.9,0.01,35,20650,买盘
805,13:03:24,5.88,-0.02,1010,594830,卖盘
806,13:03:54,5.88,0.0,190,111720,卖盘
807,13:04:00,5.88,0.0,6,3528,卖盘
808,13:04:15,5.88,0.0,99,58212,卖盘
809,13:04:21,5.89,0.01,2,1178,买盘
810,13:04:25,5.88,-0.01,5,2940,卖盘
811,13:04:33,5.89,0.01,16,9424,买盘
812,13:04:48,5.88,-0.01,16,9408,卖盘
813,13:04:55,5.89,0.01,49,28861,买盘
814,13:04:57,5.89,0.0,5,2945,买盘
815,13:05:10,5.89,0.0,10,5890,买盘
816,13:05:19,5.89,0.0,2,1178,买盘
817,13:05:49,5.89,0.0,29,17081,买盘
818,13:06:01,5.89,0.0,171,100719,卖盘
819,13:06:04,5.89,0.0,3,1767,买盘
820,13:06:18,5.89,0.0,64,37696,卖盘
821,13:06:31,5.89,0.0,50,29450,买盘
822,13:07:28,5.89,0.0,14,8246,买盘
823,13:07:37,5.89,0.0,33,19437,卖盘
824,13:07:48,5.89,0.0,1,589,卖盘
825,13:08:06,5.89,0.0,5,2945,卖盘
826,13:09:21,5.89,0.0,5,2946,卖盘
827,13:09:54,5.89,0.0,41,24149,卖盘
828,13:10:04,5.89,0.0,36,21204,买盘
829,13:10:07,5.89,0.0,13,7657,卖盘
830,13:11:16,5.89,0.0,454,267406,买盘
831,13:11:30,5.89,0.0,17,10013,卖盘
832,13:11:34,5.88,-0.01,712,418716,卖盘
833,13:12:04,5.87,-0.01,30,17610,卖盘
834,13:12:27,5.87,0.0,17,9979,卖盘
835,13:12:33,5.87,0.0,34,19958,卖盘
836,13:12:37,5.87,0.0,3,1761,卖盘
837,13:12:40,5.87,0.0,5,2935,卖盘
838,13:12:43,5.87,0.0,20,11740,卖盘
839,13:12:49,5.87,0.0,82,48134,卖盘
840,13:12:55,5.87,0.0,10,5870,卖盘
841,13:13:28,5.87,0.0,2,1174,卖盘
842,13:13:31,5.87,0.0,1,587,卖盘
843,13:14:04,5.87,0.0,15,8805,卖盘
844,13:14:13,5.88,0.01,8,4704,买盘
845,13:14:33,5.88,0.0,2,1176,买盘
846,13:14:39,5.86,-0.02,656,385043,卖盘
847,13:14:58,5.86,0.0,6,3516,卖盘
848,13:15:13,5.87,0.01,3,1761,卖盘
849,13:15:34,5.87,0.0,23,13501,卖盘
850,13:16:06,5.87,0.0,10,5870,卖盘
851,13:16:13,5.87,0.0,1,587,卖盘
852,13:16:37,5.87,0.0,70,41090,卖盘
853,13:17:13,5.87,0.0,60,35220,卖盘
854,13:17:18,5.87,0.0,75,44025,卖盘
855,13:18:37,5.87,0.0,34,19958,卖盘
856,13:19:04,5.87,0.0,28,16436,卖盘
857,13:19:16,5.87,0.0,17,9979,卖盘
858,13:19:48,5.87,0.0,2,1174,卖盘
859,13:20:22,5.88,0.01,1,588,买盘
860,13:20:51,5.87,-0.01,5,2935,卖盘
861,13:21:21,5.87,0.0,148,86876,卖盘
862,13:21:49,5.87,0.0,10,5870,买盘
863,13:22:30,5.88,0.01,2,1176,买盘
864,13:22:42,5.87,-0.01,26,15262,卖盘
865,13:22:46,5.87,0.0,2,1174,买盘
866,13:23:36,5.87,0.0,10,5870,卖盘
867,13:24:10,5.87,0.0,8,4696,卖盘
868,13:24:24,5.87,0.0,16,9392,卖盘
869,13:24:28,5.88,0.01,120,70560,买盘
870,13:24:49,5.88,0.0,10,5880,买盘
871,13:25:04,5.87,-0.01,77,45199,卖盘
872,13:25:19,5.87,0.0,11,6457,卖盘
873,13:25:22,5.87,0.0,23,13501,买盘
874,13:25:37,5.87,0.0,18,10566,卖盘
875,13:25:42,5.87,0.0,8,4696,卖盘
876,13:26:46,5.87,0.0,5,2935,买盘
877,13:26:48,5.86,-0.01,40,23440,卖盘
878,13:26:55,5.86,0.0,35,20510,卖盘
879,13:26:58,5.86,0.0,110,64460,卖盘
880,13:28:04,5.86,0.0,10,5860,卖盘
881,13:28:24,5.86,0.0,4,2344,卖盘
882,13:28:51,5.86,0.0,17,9962,卖盘
883,13:29:12,5.86,0.0,5,2930,卖盘
884,13:29:21,5.87,0.01,245,143590,买盘
885,13:29:40,5.87,0.0,30,17610,买盘
886,13:30:22,5.87,0.0,10,5870,买盘
887,13:31:15,5.87,0.0,176,103312,买盘
888,13:31:21,5.87,0.0,16,9392,买盘
889,13:31:34,5.87,0.0,23,13501,买盘
890,13:32:07,5.87,0.0,25,14675,买盘
891,13:32:18,5.87,0.0,1,587,卖盘
892,13:32:24,5.87,0.0,6,3522,卖盘
893,13:33:07,5.87,0.0,8,4696,卖盘
894,13:33:18,5.87,0.0,5,2935,卖盘
895,13:34:15,5.86,-0.01,39,22854,卖盘
896,13:34:21,5.86,0.0,201,117787,卖盘
897,13:34:24,5.87,0.01,4,2348,买盘
898,13:34:31,5.86,-0.01,10,5862,卖盘
899,13:34:45,5.88,0.02,3,1764,买盘
900,13:35:42,5.88,0.0,12,7056,买盘
901,13:36:49,5.86,-0.02,5,2930,卖盘
902,13:37:31,5.86,0.0,40,23440,卖盘
903,13:37:34,5.87,0.01,38,22306,买盘
904,13:37:58,5.86,-0.01,21,12306,卖盘
905,13:38:00,5.86,0.0,75,43950,卖盘
906,13:38:13,5.87,0.01,50,29350,买盘
907,13:38:19,5.86,-0.01,50,29300,卖盘
908,13:38:37,5.86,0.0,6,3516,卖盘
909,13:39:04,5.87,0.01,13,7631,买盘
910,13:39:28,5.86,-0.01,20,11720,卖盘
911,13:40:01,5.86,0.0,300,175800,卖盘
912,13:40:06,5.86,0.0,236,138296,卖盘
913,13:40:31,5.86,0.0,26,15236,卖盘
914,13:40:37,5.85,-0.01,65,38025,卖盘
915,13:40:40,5.85,0.0,200,117000,卖盘
916,13:40:55,5.85,0.0,37,21645,卖盘
917,13:40:57,5.85,0.0,76,44460,卖盘
918,13:41:07,5.85,0.0,123,71955,卖盘
919,13:41:16,5.85,0.0,10,5850,卖盘
920,13:41:19,5.85,0.0,200,117012,卖盘
921,13:41:22,5.85,0.0,10,5850,卖盘
922,13:41:25,5.85,0.0,5,2925,卖盘
923,13:41:43,5.84,-0.01,68,39712,卖盘
924,13:41:46,5.85,0.01,5,2925,买盘
925,13:41:52,5.85,0.0,40,23400,买盘
926,13:41:57,5.85,0.0,10,5850,买盘
927,13:42:04,5.85,0.0,15,8775,买盘
928,13:42:13,5.85,0.0,5,2925,买盘
929,13:42:24,5.85,0.0,1,585,买盘
930,13:42:28,5.85,0.0,62,36270,买盘
931,13:42:36,5.85,0.0,33,19305,买盘
932,13:42:43,5.85,0.0,76,44460,买盘
933,13:42:55,5.85,0.0,1,585,卖盘
934,13:42:57,5.86,0.01,133,77938,买盘
935,13:44:15,5.85,-0.01,10,5850,卖盘
936,13:44:18,5.86,0.01,19,11134,买盘
937,13:44:28,5.86,0.0,50,29300,买盘
938,13:44:33,5.85,-0.01,10,5850,卖盘
939,13:45:07,5.85,0.0,381,222885,卖盘
940,13:45:13,5.85,0.0,105,61425,卖盘
941,13:45:18,5.84,-0.01,3,1752,卖盘
942,13:45:25,5.84,0.0,10,5840,卖盘
943,13:45:49,5.84,0.0,1609,939656,卖盘
944,13:46:01,5.84,0.0,59,34456,卖盘
945,13:46:04,5.84,0.0,60,35040,卖盘
946,13:46:21,5.84,0.0,22,12848,卖盘
947,13:46:28,5.84,0.0,20,11680,卖盘
948,13:47:01,5.84,0.0,8,4672,卖盘
949,13:47:04,5.84,0.0,3,1752,卖盘
950,13:47:12,5.85,0.01,50,29250,买盘
951,13:47:28,5.84,-0.01,6,3504,卖盘
952,13:47:31,5.84,0.0,10,5840,卖盘
953,13:47:49,5.84,0.0,10,5840,卖盘
954,13:48:04,5.84,0.0,18,10512,卖盘
955,13:48:10,5.84,0.0,85,49640,卖盘
956,13:48:13,5.84,0.0,19,11096,卖盘
957,13:48:36,5.84,0.0,68,39719,卖盘
958,13:48:43,5.84,0.0,13,7592,卖盘
959,13:48:49,5.84,0.0,15,8760,卖盘
960,13:48:52,5.84,0.0,9,5256,卖盘
961,13:48:55,5.84,0.0,2,1168,买盘
962,13:48:57,5.84,0.0,2,1168,买盘
963,13:49:01,5.84,0.0,6,3504,买盘
964,13:49:04,5.84,0.0,2,1168,卖盘
965,13:49:07,5.84,0.0,40,23360,卖盘
966,13:49:52,5.84,0.0,57,33288,卖盘
967,13:50:01,5.84,0.0,40,23360,买盘
968,13:50:04,5.84,0.0,22,12828,买盘
969,13:50:10,5.83,-0.01,19,11077,卖盘
970,13:50:16,5.84,0.01,12,7008,买盘
971,13:50:42,5.83,-0.01,100,58300,卖盘
972,13:51:07,5.84,0.01,95,55480,买盘
973,13:51:21,5.84,0.0,98,57232,买盘
974,13:51:33,5.85,0.01,10,5850,买盘
975,13:51:49,5.85,0.0,10,5850,买盘
976,13:52:22,5.85,0.0,244,142740,买盘
977,13:52:57,5.85,0.0,2,1170,卖盘
978,13:53:09,5.85,0.0,61,35685,卖盘
979,13:53:30,5.85,0.0,3,1755,买盘
980,13:53:52,5.84,-0.01,21,12264,卖盘
981,13:54:13,5.84,0.0,72,42048,卖盘
982,13:54:18,5.85,0.01,1,585,买盘
983,13:54:21,5.84,-0.01,10,5840,卖盘
984,13:54:24,5.85,0.01,10,5850,买盘
985,13:55:18,5.85,0.0,2,1170,买盘
986,13:55:48,5.85,0.0,1,585,买盘
987,13:56:18,5.85,0.0,1,585,买盘
988,13:56:28,5.84,-0.01,50,29200,卖盘
989,13:56:46,5.84,0.0,315,183960,卖盘
990,13:57:00,5.84,0.0,40,23360,卖盘
991,13:57:28,5.84,0.0,19,11096,卖盘
992,13:57:31,5.84,0.0,25,14600,卖盘
993,13:57:39,5.84,0.0,16,9344,卖盘
994,13:58:12,5.85,0.01,100,58500,买盘
995,13:58:37,5.84,-0.01,80,46720,卖盘
996,13:59:33,5.84,0.0,13,7592,买盘
997,13:59:40,5.83,-0.01,1,583,卖盘
998,13:59:52,5.85,0.02,100,58476,买盘
999,14:00:10,5.83,-0.02,28,16324,卖盘
1000,14:00:13,5.84,0.01,20,11680,买盘
1001,14:00:16,5.84,0.0,18,10512,买盘
1002,14:00:39,5.84,0.0,2,1168,买盘
1003,14:00:46,5.83,-0.01,50,29150,卖盘
1004,14:00:58,5.83,0.0,30,17490,卖盘
1005,14:01:19,5.83,0.0,714,416263,卖盘
1006,14:01:22,5.84,0.01,196,114464,买盘
1007,14:01:25,5.84,0.0,17,9928,卖盘
1008,14:01:34,5.84,0.0,200,116800,卖盘
1009,14:01:36,5.84,0.0,77,44968,卖盘
1010,14:01:40,5.84,0.0,1,584,卖盘
1011,14:01:45,5.83,-0.01,394,229711,卖盘
1012,14:02:01,5.83,0.0,4,2332,买盘
1013,14:02:04,5.82,-0.01,500,291000,卖盘
1014,14:02:24,5.82,0.0,8,4656,卖盘
1015,14:02:31,5.81,-0.01,150,87163,卖盘
1016,14:02:40,5.82,0.01,40,23280,卖盘
1017,14:02:43,5.8,-0.02,1902,1104616,卖盘
1018,14:02:49,5.82,0.02,10,5820,卖盘
1019,14:02:52,5.8,-0.02,2000,1160000,卖盘
1020,14:03:01,5.8,0.0,35,20300,卖盘
1021,14:03:04,5.8,0.0,528,306240,卖盘
1022,14:03:07,5.8,0.0,13,7541,卖盘
1023,14:03:12,5.8,0.0,50,29000,卖盘
1024,14:03:25,5.8,0.0,5,2900,卖盘
1025,14:03:33,5.81,0.01,5,2905,中性盘
1026,14:03:52,5.83,0.02,20,11660,买盘
1027,14:03:55,5.81,-0.02,5,2905,卖盘
1028,14:04:16,5.81,0.0,5,2905,卖盘
1029,14:04:22,5.83,0.02,30,17490,买盘
1030,14:05:01,5.83,0.0,3,1749,买盘
1031,14:05:18,5.83,0.0,70,40810,买盘
1032,14:05:22,5.82,-0.01,20,11640,卖盘
1033,14:05:33,5.82,0.0,10,5820,卖盘
1034,14:05:37,5.82,0.0,237,137934,卖盘
1035,14:06:01,5.83,0.01,49,28567,买盘
1036,14:06:16,5.83,0.0,93,54219,买盘
1037,14:06:25,5.83,0.0,20,11660,卖盘
1038,14:07:01,5.84,0.01,95,55480,买盘
1039,14:07:13,5.85,0.01,289,169065,买盘
1040,14:07:18,5.85,0.0,306,179010,买盘
1041,14:07:25,5.85,0.0,89,52065,卖盘
1042,14:07:31,5.85,0.0,3,1755,卖盘
1043,14:07:33,5.86,0.01,15,8790,买盘
1044,14:07:49,5.86,0.0,5,2930,买盘
1045,14:08:16,5.85,-0.01,100,58500,卖盘
1046,14:08:24,5.85,0.0,48,28080,卖盘
1047,14:08:27,5.85,0.0,10,5850,卖盘
1048,14:08:30,5.85,0.0,50,29250,卖盘
1049,14:08:49,5.85,0.0,248,145080,卖盘
1050,14:08:52,5.85,0.0,12,7020,买盘
1051,14:09:00,5.85,0.0,43,25155,买盘
1052,14:09:12,5.85,0.0,40,23400,买盘
1053,14:09:15,5.84,-0.01,26,15184,卖盘
1054,14:09:22,5.85,0.01,2,1170,买盘
1055,14:09:28,5.84,-0.01,184,107456,卖盘
1056,14:09:48,5.84,0.0,26,15184,买盘
1057,14:09:55,5.84,0.0,20,11680,卖盘
1058,14:10:25,5.85,0.01,50,29250,买盘
1059,14:10:34,5.85,0.0,150,87750,买盘
1060,14:10:49,5.84,-0.01,8,4672,卖盘
1061,14:10:52,5.85,0.01,11,6435,买盘
1062,14:11:04,5.85,0.0,489,286101,卖盘
1063,14:11:13,5.85,0.0,100,58500,买盘
1064,14:11:22,5.85,0.0,1,585,买盘
1065,14:11:28,5.85,0.0,191,111735,买盘
1066,14:11:37,5.85,0.0,34,19890,卖盘
1067,14:11:45,5.85,0.0,209,122265,卖盘
1068,14:11:51,5.85,0.0,10,5850,卖盘
1069,14:12:15,5.85,0.0,2,1170,卖盘
1070,14:12:22,5.86,0.01,1,586,买盘
1071,14:12:34,5.86,0.0,44,25784,买盘
1072,14:12:55,5.85,-0.01,420,245700,卖盘
1073,14:13:36,5.85,0.0,100,58500,卖盘
1074,14:13:43,5.85,0.0,74,43290,卖盘
1075,14:14:04,5.84,-0.01,4,2336,卖盘
1076,14:14:19,5.84,0.0,84,49056,卖盘
1077,14:14:36,5.84,0.0,27,15768,买盘
1078,14:14:58,5.84,0.0,18,10512,买盘
1079,14:15:01,5.84,0.0,15,8760,买盘
1080,14:15:04,5.84,0.0,63,36792,买盘
1081,14:15:10,5.84,0.0,24,14016,买盘
1082,14:15:13,5.84,0.0,150,87600,买盘
1083,14:15:19,5.84,0.0,100,58400,买盘
1084,14:15:24,5.84,0.0,20,11680,买盘
1085,14:15:37,5.84,0.0,71,41452,买盘
1086,14:15:42,5.84,0.0,10,5840,卖盘
1087,14:15:52,5.85,0.01,2,1170,买盘
1088,14:15:58,5.84,-0.01,15,8760,卖盘
1089,14:16:06,5.84,0.0,34,19856,卖盘
1090,14:17:04,5.84,0.0,40,23360,卖盘
1091,14:17:21,5.83,-0.01,262,152990,卖盘
1092,14:17:28,5.84,0.01,5,2920,卖盘
1093,14:17:42,5.84,0.0,5,2920,买盘
1094,14:18:22,5.84,0.0,167,97528,买盘
1095,14:18:33,5.84,0.0,16,9344,买盘
1096,14:19:37,5.84,0.0,200,116800,卖盘
1097,14:20:16,5.85,0.01,3,1755,买盘
1098,14:20:22,5.85,0.0,1,585,买盘
1099,14:20:52,5.84,-0.01,55,32120,卖盘
1100,14:20:58,5.84,0.0,15,8760,卖盘
1101,14:21:00,5.84,0.0,50,29200,卖盘
1102,14:21:19,5.84,0.0,6,3504,卖盘
1103,14:21:25,5.84,0.0,58,33872,卖盘
1104,14:21:51,5.84,0.0,109,63656,卖盘
1105,14:22:04,5.84,0.0,16,9344,买盘
1106,14:22:22,5.84,0.0,1,584,买盘
1107,14:22:31,5.85,0.01,58,33930,买盘
1108,14:23:19,5.85,0.0,2,1170,买盘
1109,14:23:52,5.85,0.0,50,29250,买盘
1110,14:23:55,5.85,0.0,7,4095,买盘
1111,14:23:58,5.84,-0.01,17,9928,卖盘
1112,14:24:13,5.84,0.0,19,11096,卖盘
1113,14:24:21,5.84,0.0,345,201480,卖盘
1114,14:24:27,5.84,0.0,117,68328,买盘
1115,14:25:10,5.83,-0.01,10,5830,卖盘
1116,14:25:12,5.83,0.0,7,4081,卖盘
1117,14:25:15,5.83,0.0,10,5830,卖盘
1118,14:25:19,5.83,0.0,24,14002,卖盘
1119,14:25:40,5.83,0.0,81,47223,卖盘
1120,14:25:48,5.83,0.0,14,8162,卖盘
1121,14:25:52,5.83,0.0,83,48389,卖盘
1122,14:26:34,5.83,0.0,71,41393,卖盘
1123,14:26:48,5.83,0.0,63,36729,卖盘
1124,14:26:52,5.83,0.0,4,2332,买盘
1125,14:27:13,5.82,-0.01,10,5820,卖盘
1126,14:27:15,5.83,0.01,150,87450,买盘
1127,14:27:21,5.83,0.0,4,2332,买盘
1128,14:27:25,5.83,0.0,10,5830,买盘
1129,14:27:34,5.83,0.0,2,1166,买盘
1130,14:27:37,5.83,0.0,8,4664,买盘
1131,14:27:40,5.83,0.0,7,4081,买盘
1132,14:27:42,5.83,0.0,7,4081,买盘
1133,14:27:46,5.83,0.0,8,4664,买盘
1134,14:27:48,5.83,0.0,18,10494,买盘
1135,14:27:51,5.83,0.0,1,583,买盘
1136,14:28:16,5.83,0.0,20,11660,买盘
1137,14:28:37,5.83,0.0,2,1166,买盘
1138,14:28:52,5.82,-0.01,70,40740,卖盘
1139,14:29:01,5.83,0.01,40,23320,买盘
1140,14:29:07,5.83,0.0,25,14575,买盘
1141,14:29:43,5.82,-0.01,2,1164,卖盘
1142,14:29:46,5.83,0.01,17,9911,买盘
1143,14:30:12,5.83,0.0,100,58300,买盘
1144,14:30:34,5.83,0.0,134,78122,买盘
1145,14:30:37,5.82,-0.01,599,348624,卖盘
1146,14:30:52,5.82,0.0,123,71515,买盘
1147,14:31:07,5.82,0.0,100,58200,买盘
1148,14:31:10,5.82,0.0,5,2910,买盘
1149,14:31:13,5.82,0.0,3,1746,买盘
1150,14:31:16,5.82,0.0,23,13386,买盘
1151,14:31:19,5.82,0.0,9,5238,买盘
1152,14:31:31,5.81,-0.01,2,1162,卖盘
1153,14:31:34,5.82,0.01,11,6402,买盘
1154,14:31:58,5.82,0.0,20,11640,买盘
1155,14:32:00,5.81,-0.01,284,165059,卖盘
1156,14:32:06,5.81,0.0,121,70311,卖盘
1157,14:32:10,5.82,0.01,374,217668,买盘
1158,14:32:12,5.81,-0.01,250,145450,卖盘
1159,14:32:16,5.82,0.01,45,26190,买盘
1160,14:32:19,5.82,0.0,108,62848,买盘
1161,14:32:22,5.82,0.0,107,62274,买盘
1162,14:32:31,5.83,0.01,34,19797,买盘
1163,14:32:34,5.82,-0.01,50,29130,卖盘
1164,14:32:42,5.82,0.0,100,58200,卖盘
1165,14:32:45,5.82,0.0,20,11640,卖盘
1166,14:32:51,5.83,0.01,158,92114,买盘
1167,14:32:58,5.83,0.0,100,58300,买盘
1168,14:33:04,5.83,0.0,28,16324,买盘
1169,14:33:07,5.83,0.0,15,8745,买盘
1170,14:33:10,5.83,0.0,20,11660,买盘
1171,14:33:13,5.83,0.0,95,55385,买盘
1172,14:33:16,5.83,0.0,14,8162,买盘
1173,14:33:22,5.82,-0.01,10,5820,卖盘
1174,14:33:28,5.83,0.01,5,2915,买盘
1175,14:33:30,5.83,0.0,811,472012,买盘
1176,14:33:34,5.83,0.0,15,8745,买盘
1177,14:33:37,5.82,-0.01,50,29100,卖盘
1178,14:33:39,5.83,0.01,45,26235,买盘
1179,14:33:43,5.83,0.0,49,28567,买盘
1180,14:33:52,5.83,0.0,10,5830,买盘
1181,14:33:55,5.83,0.0,15,8745,买盘
1182,14:33:57,5.83,0.0,10,5830,买盘
1183,14:34:01,5.82,-0.01,47,27356,卖盘
1184,14:34:04,5.83,0.01,70,40810,买盘
1185,14:34:13,5.83,0.0,200,116600,买盘
1186,14:34:15,5.83,0.0,113,65879,买盘
1187,14:34:18,5.83,0.0,28,16324,买盘
1188,14:34:21,5.82,-0.01,30,17480,卖盘
1189,14:34:25,5.82,0.0,160,93294,卖盘
1190,14:34:37,5.83,0.01,16,9328,卖盘
1191,14:34:46,5.84,0.01,30,17520,买盘
1192,14:34:52,5.84,0.0,5,2920,买盘
1193,14:34:55,5.82,-0.02,870,506658,卖盘
1194,14:35:01,5.84,0.02,7,4088,买盘
1195,14:35:22,5.84,0.0,10,5840,卖盘
1196,14:35:28,5.84,0.0,5,2920,卖盘
1197,14:35:34,5.85,0.01,23,13440,买盘
1198,14:35:39,5.85,0.0,121,70785,买盘
1199,14:35:42,5.85,0.0,260,152100,买盘
1200,14:35:45,5.85,0.0,30,17550,买盘
1201,14:35:49,5.85,0.0,30,17550,买盘
1202,14:35:51,5.85,0.0,56,32760,买盘
1203,14:35:55,5.85,0.0,78,45630,买盘
1204,14:35:58,5.85,0.0,49,28665,卖盘
1205,14:36:01,5.85,0.0,80,46800,买盘
1206,14:36:04,5.85,0.0,20,11700,买盘
1207,14:36:07,5.85,0.0,51,29835,买盘
1208,14:36:10,5.85,0.0,27,15795,卖盘
1209,14:36:12,5.85,0.0,18,10520,买盘
1210,14:36:16,5.85,0.0,63,36905,卖盘
1211,14:36:19,5.86,0.01,2,1172,买盘
1212,14:36:30,5.85,-0.01,110,64350,卖盘
1213,14:36:37,5.85,0.0,44,25760,卖盘
1214,14:36:40,5.85,0.0,60,35100,卖盘
1215,14:36:46,5.85,0.0,20,11700,买盘
1216,14:36:52,5.84,-0.01,267,155928,卖盘
1217,14:37:00,5.84,0.0,21,12264,买盘
1218,14:37:04,5.83,-0.01,9,5247,卖盘
1219,14:37:07,5.84,0.01,58,33822,买盘
1220,14:37:15,5.83,-0.01,216,125929,卖盘
1221,14:37:19,5.84,0.01,110,64135,买盘
1222,14:37:24,5.84,0.0,1,584,买盘
1223,14:37:27,5.84,0.0,1,584,买盘
1224,14:37:31,5.84,0.0,1,584,买盘
1225,14:37:33,5.84,0.0,1,584,买盘
1226,14:37:36,5.84,0.0,1,584,买盘
1227,14:37:39,5.84,0.0,19,11096,买盘
1228,14:37:52,5.84,0.0,34,19856,卖盘
1229,14:38:13,5.85,0.01,54,31590,买盘
1230,14:38:16,5.85,0.0,20,11700,买盘
1231,14:38:31,5.83,-0.02,428,249688,卖盘
1232,14:38:33,5.85,0.02,15,8775,买盘
1233,14:38:58,5.85,0.0,100,58500,买盘
1234,14:39:01,5.85,0.0,15,8775,买盘
1235,14:39:04,5.85,0.0,50,29250,买盘
1236,14:39:13,5.85,0.0,10,5850,买盘
1237,14:39:16,5.85,0.0,7,4095,买盘
1238,14:39:18,5.86,0.01,2,1172,买盘
1239,14:39:21,5.84,-0.02,285,166538,卖盘
1240,14:39:40,5.85,0.01,1,585,买盘
1241,14:39:43,5.85,0.0,11,6435,买盘
1242,14:40:12,5.85,0.0,116,67860,卖盘
1243,14:40:24,5.85,0.0,102,59720,卖盘
1244,14:40:28,5.85,0.0,31,18135,买盘
1245,14:40:46,5.85,0.0,11,6435,卖盘
1246,14:41:13,5.85,0.0,100,58500,卖盘
1247,14:41:19,5.85,0.0,20,11700,卖盘
1248,14:41:24,5.85,0.0,235,137475,卖盘
1249,14:41:36,5.85,0.0,10,5850,买盘
1250,14:41:43,5.85,0.0,22,12870,买盘
1251,14:41:46,5.85,0.0,10,5850,买盘
1252,14:41:51,5.84,-0.01,571,333464,卖盘
1253,14:41:55,5.85,0.01,23,13455,买盘
1254,14:41:57,5.85,0.0,61,35685,卖盘
1255,14:42:37,5.85,0.0,20,11700,卖盘
1256,14:42:49,5.85,0.0,17,9945,卖盘
1257,14:42:52,5.85,0.0,20,11700,卖盘
1258,14:42:57,5.86,0.01,10,5855,买盘
1259,14:43:16,5.85,-0.01,10,5850,卖盘
1260,14:43:19,5.86,0.01,1,586,买盘
1261,14:43:22,5.85,-0.01,18,10530,卖盘
1262,14:43:25,5.85,0.0,20,11700,卖盘
1263,14:43:34,5.86,0.01,50,29300,买盘
1264,14:43:36,5.86,0.0,10,5860,买盘
1265,14:44:34,5.85,-0.01,83,48556,卖盘
1266,14:44:40,5.86,0.01,5,2930,买盘
1267,14:44:42,5.85,-0.01,26,15210,卖盘
1268,14:44:48,5.86,0.01,2,1172,买盘
1269,14:45:07,5.86,0.0,1,586,买盘
1270,14:45:30,5.86,0.0,3,1758,买盘
1271,14:45:34,5.86,0.0,2,1172,买盘
1272,14:45:37,5.86,0.0,5,2930,买盘
1273,14:45:40,5.86,0.0,145,84864,买盘
1274,14:45:43,5.86,0.0,2,1172,买盘
1275,14:45:52,5.86,0.0,32,18752,买盘
1276,14:45:55,5.85,-0.01,33,19305,卖盘
1277,14:46:07,5.86,0.01,28,16408,买盘
1278,14:46:19,5.85,-0.01,19,11115,卖盘
1279,14:46:22,5.85,0.0,19,11125,卖盘
1280,14:46:27,5.85,0.0,112,65520,卖盘
1281,14:46:55,5.84,-0.01,7,4088,卖盘
1282,14:47:10,5.85,0.01,9,5265,买盘
1283,14:47:27,5.85,0.0,50,29250,买盘
1284,14:47:34,5.84,-0.01,142,82930,卖盘
1285,14:47:40,5.85,0.01,86,50310,买盘
1286,14:47:46,5.85,0.0,20,11700,买盘
1287,14:48:16,5.85,0.0,20,11700,买盘
1288,14:48:25,5.85,0.0,100,58500,买盘
1289,14:48:27,5.85,0.0,9,5265,买盘
1290,14:48:30,5.85,0.0,20,11691,买盘
1291,14:48:33,5.85,0.0,7,4095,买盘
1292,14:48:37,5.85,0.0,3,1755,买盘
1293,14:48:39,5.85,0.0,7,4095,买盘
1294,14:48:42,5.85,0.0,4,2340,买盘
1295,14:48:46,5.85,0.0,11,6435,买盘
1296,14:48:48,5.84,-0.01,5,2920,卖盘
1297,14:48:52,5.85,0.01,6,3510,买盘
1298,14:48:55,5.85,0.0,3,1755,买盘
1299,14:49:01,5.84,-0.01,20,11680,卖盘
1300,14:49:09,5.85,0.01,1,585,买盘
1301,14:49:13,5.84,-0.01,73,42632,卖盘
1302,14:49:28,5.84,0.0,47,27448,卖盘
1303,14:49:34,5.85,0.01,129,75365,买盘
1304,14:49:49,5.85,0.0,10,5850,买盘
1305,14:49:55,5.84,-0.01,18,10512,卖盘
1306,14:50:10,5.84,0.0,26,15184,卖盘
1307,14:50:16,5.85,0.01,10,5850,买盘
1308,14:50:24,5.84,-0.01,10,5840,卖盘
1309,14:50:31,5.84,0.0,20,11680,卖盘
1310,14:50:39,5.84,0.0,2,1168,卖盘
1311,14:50:43,5.84,0.0,27,15778,卖盘
1312,14:50:46,5.84,0.0,84,49056,卖盘
1313,14:50:54,5.84,0.0,9,5256,卖盘
1314,14:50:57,5.84,0.0,6,3504,卖盘
1315,14:51:07,5.84,0.0,10,5840,卖盘
1316,14:51:10,5.84,0.0,41,23944,卖盘
1317,14:51:13,5.84,0.0,100,58400,卖盘
1318,14:51:16,5.85,0.01,9,5265,买盘
1319,14:51:19,5.84,-0.01,119,69496,卖盘
1320,14:51:28,5.84,0.0,202,117968,卖盘
1321,14:51:34,5.84,0.0,5,2920,买盘
1322,14:51:40,5.84,0.0,40,23360,买盘
1323,14:51:43,5.84,0.0,63,36792,买盘
1324,14:51:52,5.84,0.0,31,18104,买盘
1325,14:51:58,5.83,-0.01,49,28567,卖盘
1326,14:52:00,5.83,0.0,248,144624,卖盘
1327,14:52:12,5.84,0.01,8,4672,买盘
1328,14:52:16,5.84,0.0,22,12848,卖盘
1329,14:52:31,5.84,0.0,32,18688,买盘
1330,14:52:34,5.84,0.0,17,9928,卖盘
1331,14:52:40,5.84,0.0,10,5840,买盘
1332,14:52:46,5.84,0.0,18,10512,买盘
1333,14:52:52,5.84,0.0,16,9344,买盘
1334,14:52:58,5.83,-0.01,33,19261,卖盘
1335,14:53:12,5.83,0.0,716,417428,卖盘
1336,14:53:25,5.83,0.0,1,583,买盘
1337,14:53:28,5.82,-0.01,97,56454,卖盘
1338,14:53:31,5.82,0.0,33,19206,卖盘
1339,14:53:34,5.82,0.0,25,14555,卖盘
1340,14:53:37,5.83,0.01,37,21571,买盘
1341,14:53:40,5.83,0.0,1,583,买盘
1342,14:53:43,5.83,0.0,3,1749,买盘
1343,14:53:46,5.83,0.0,25,14575,买盘
1344,14:53:49,5.83,0.0,25,14572,买盘
1345,14:53:51,5.83,0.0,171,99588,买盘
1346,14:53:55,5.82,-0.01,31,18071,卖盘
1347,14:53:57,5.83,0.01,3,1749,买盘
1348,14:54:01,5.83,0.0,24,13992,买盘
1349,14:54:04,5.83,0.0,4,2332,买盘
1350,14:54:07,5.83,0.0,51,29733,买盘
1351,14:54:15,5.84,0.01,10,5840,买盘
1352,14:54:25,5.84,0.0,30,17520,买盘
1353,14:54:31,5.84,0.0,29,16936,买盘
1354,14:54:46,5.84,0.0,52,30368,买盘
1355,14:54:52,5.83,-0.01,130,75790,卖盘
1356,14:55:01,5.84,0.01,68,39712,买盘
1357,14:55:04,5.84,0.0,17,9928,买盘
1358,14:55:13,5.83,-0.01,101,58884,卖盘
1359,14:55:15,5.84,0.01,20,11680,买盘
1360,14:55:19,5.84,0.0,96,55973,买盘
1361,14:55:28,5.84,0.0,12,7008,买盘
1362,14:55:30,5.84,0.0,40,23360,买盘
1363,14:55:33,5.83,-0.01,102,59468,卖盘
1364,14:55:37,5.83,0.0,55,32075,卖盘
1365,14:55:40,5.83,0.0,384,223872,卖盘
1366,14:55:43,5.84,0.01,19,11087,买盘
1367,14:55:49,5.82,-0.02,49,28538,卖盘
1368,14:55:58,5.83,0.01,52,30316,卖盘
1369,14:56:04,5.83,0.0,5,2915,卖盘
1370,14:56:09,5.83,0.0,183,106689,卖盘
1371,14:56:15,5.83,0.0,20,11650,买盘
1372,14:56:22,5.82,-0.01,13,7566,卖盘
1373,14:56:28,5.82,0.0,68,39576,卖盘
1374,14:56:36,5.82,0.0,108,62904,卖盘
1375,14:56:39,5.82,0.0,170,98947,卖盘
1376,14:56:46,5.83,0.01,6,3498,买盘
1377,14:56:49,5.83,0.0,50,29150,买盘
1378,14:56:52,5.83,0.0,18,10494,买盘
1379,14:56:58,5.82,-0.01,40,23310,卖盘
1380,14:57:00,5.83,0.01,68,39644,买盘
1381,15:00:04,5.83,0.0,907,528781,卖盘
