,time,price,change,volume,amount,type
0,09:25:04,3.79,-0.01,98,37142,卖盘
1,09:30:03,3.79,0.0,231,87549,卖盘
2,09:30:06,3.79,0.0,3,1137,买盘
3,09:30:09,3.79,0.0,114,43206,买盘
4,09:30:13,3.78,-0.01,9,3403,卖盘
5,09:30:15,3.79,0.01,50,18950,买盘
6,09:30:18,3.78,-0.01,100,37800,卖盘
7,09:30:21,3.79,0.01,1,379,买盘
8,09:30:30,3.79,0.0,48,18192,买盘
9,09:30:45,3.78,-0.01,84,31752,卖盘
10,09:30:48,3.79,0.01,8,3032,买盘
11,09:30:54,3.78,-0.01,108,40824,卖盘
12,09:31:00,3.79,0.01,8,3032,买盘
13,09:31:04,3.79,0.0,77,29182,买盘
14,09:31:06,3.79,0.0,16,6064,买盘
15,09:31:09,3.79,0.0,26,9854,买盘
16,09:31:21,3.79,0.0,17,6443,买盘
17,09:31:33,3.79,0.0,7,2653,买盘
18,09:31:39,3.78,-0.01,90,34050,卖盘
19,09:31:48,3.79,0.01,5,1891,买盘
20,09:31:51,3.79,0.0,64,24256,买盘
21,09:31:54,3.78,-0.01,6,2268,卖盘
22,09:31:57,3.79,0.01,60,22740,买盘
23,09:32:01,3.79,0.0,31,11749,买盘
24,09:32:04,3.78,-0.01,1,378,卖盘
25,09:32:06,3.79,0.01,1000,379000,买盘
26,09:32:09,3.79,0.0,91,34489,买盘
27,09:32:12,3.79,0.0,81,30699,买盘
28,09:32:15,3.79,0.0,49,18571,买盘
29,09:32:18,3.8,0.01,3,1140,买盘
30,09:32:21,3.8,0.0,43,16340,买盘
31,09:32:24,3.8,0.0,25,9500,买盘
32,09:32:27,3.8,0.0,15,5700,买盘
33,09:32:33,3.8,0.0,11,4180,买盘
34,09:32:36,3.8,0.0,31,11750,买盘
35,09:32:42,3.8,0.0,6,2280,买盘
36,09:32:45,3.8,0.0,109,41420,买盘
37,09:32:51,3.8,0.0,73,27740,买盘
38,09:32:54,3.81,0.01,4,1524,买盘
39,09:32:57,3.8,-0.01,186,70680,卖盘
40,09:33:00,3.81,0.01,13,4953,买盘
41,09:33:04,3.81,0.0,10,3809,买盘
42,09:33:13,3.8,-0.01,88,33440,卖盘
43,09:33:18,3.79,-0.01,4,1517,卖盘
44,09:33:24,3.8,0.01,25,9500,买盘
45,09:33:27,3.8,0.0,95,36100,买盘
46,09:33:33,3.8,0.0,144,54720,买盘
47,09:33:39,3.8,0.0,130,49400,卖盘
48,09:33:42,3.8,0.0,98,37240,卖盘
49,09:33:45,3.8,0.0,100,38000,卖盘
50,09:33:48,3.8,0.0,2,760,卖盘
51,09:33:51,3.8,0.0,116,44080,卖盘
52,09:33:54,3.8,0.0,4,1520,卖盘
53,09:33:57,3.8,0.0,38,14440,卖盘
54,09:34:04,3.8,0.0,1,380,卖盘
55,09:34:09,3.8,0.0,13,4940,卖盘
56,09:34:12,3.81,0.01,104,39624,买盘
57,09:34:18,3.8,-0.01,16,6080,卖盘
58,09:34:27,3.81,0.01,9,3429,买盘
59,09:34:33,3.8,-0.01,9,3427,卖盘
60,09:35:04,3.8,0.0,12,4560,卖盘
61,09:35:06,3.8,0.0,2,760,卖盘
62,09:35:12,3.8,0.0,40,15200,卖盘
63,09:35:21,3.8,0.0,113,42940,卖盘
64,09:35:27,3.8,0.0,184,69920,卖盘
65,09:35:33,3.8,0.0,3,1140,买盘
66,09:35:45,3.8,0.0,2,760,买盘
67,09:36:03,3.8,0.0,2,760,买盘
68,09:36:30,3.8,0.0,55,20900,买盘
69,09:36:39,3.79,-0.01,2,758,卖盘
70,09:36:42,3.8,0.01,30,11400,买盘
71,09:36:48,3.79,-0.01,211,79969,卖盘
72,09:36:57,3.79,0.0,5,1895,卖盘
73,09:37:04,3.79,0.0,1,379,卖盘
74,09:37:09,3.79,0.0,2,758,卖盘
75,09:37:21,3.79,0.0,1,379,卖盘
76,09:37:45,3.8,0.01,5,1900,买盘
77,09:37:54,3.8,0.0,9,3420,买盘
78,09:37:57,3.79,-0.01,1,379,卖盘
79,09:38:04,3.79,0.0,1,379,卖盘
80,09:38:09,3.79,0.0,30,11370,卖盘
81,09:38:18,3.8,0.01,23,8740,买盘
82,09:38:36,3.8,0.0,51,19380,买盘
83,09:38:45,3.8,0.0,100,38000,买盘
84,09:38:54,3.8,0.0,4,1520,买盘
85,09:38:57,3.8,0.0,40,15200,买盘
86,09:39:04,3.8,0.0,2,759,买盘
87,09:39:06,3.8,0.0,20,7600,买盘
88,09:39:09,3.79,-0.01,63,23877,卖盘
89,09:39:13,3.8,0.01,5,1900,买盘
90,09:39:21,3.8,0.0,500,190000,买盘
91,09:39:24,3.8,0.0,40,15200,买盘
92,09:39:27,3.8,0.0,10,3800,买盘
93,09:39:30,3.8,0.0,20,7600,买盘
94,09:39:39,3.8,0.0,100,38000,买盘
95,09:39:42,3.8,0.0,64,24320,买盘
96,09:39:45,3.8,0.0,10,3800,买盘
97,09:39:49,3.8,0.0,10,3800,买盘
98,09:39:54,3.8,0.0,107,40660,买盘
99,09:39:57,3.8,0.0,4,1520,买盘
100,09:40:03,3.8,0.0,45,17100,买盘
101,09:40:06,3.79,-0.01,10,3793,卖盘
102,09:40:09,3.8,0.01,30,11400,买盘
103,09:40:18,3.8,0.0,212,80560,买盘
104,09:40:21,3.8,0.0,32,12160,买盘
105,09:40:24,3.8,0.0,2,760,买盘
106,09:40:28,3.8,0.0,4,1520,买盘
107,09:40:48,3.8,0.0,1,380,买盘
108,09:40:57,3.8,0.0,4,1520,买盘
109,09:41:00,3.8,0.0,37,14060,买盘
110,09:41:03,3.79,-0.01,1,379,卖盘
111,09:41:09,3.8,0.01,100,38000,买盘
112,09:41:12,3.8,0.0,2,760,买盘
113,09:41:16,3.79,-0.01,96,36384,卖盘
114,09:41:21,3.8,0.01,76,28880,买盘
115,09:41:24,3.8,0.0,4,1520,买盘
116,09:41:33,3.79,-0.01,8,3034,卖盘
117,09:41:37,3.8,0.01,60,22800,买盘
118,09:41:39,3.8,0.0,45,17100,买盘
119,09:41:45,3.79,-0.01,60,22740,卖盘
120,09:41:48,3.8,0.01,12,4560,买盘
121,09:41:54,3.8,0.0,4,1520,买盘
122,09:41:57,3.8,0.0,39,14820,买盘
123,09:42:01,3.8,0.0,2,760,买盘
124,09:42:12,3.8,0.0,4,1520,买盘
125,09:42:27,3.8,0.0,4,1520,买盘
126,09:42:42,3.79,-0.01,7,2653,卖盘
127,09:42:45,3.79,0.0,42,15918,卖盘
128,09:42:57,3.8,0.01,14,5320,买盘
129,09:43:04,3.8,0.0,13,4939,买盘
130,09:43:06,3.79,-0.01,25,9475,卖盘
131,09:43:15,3.79,0.0,51,19329,卖盘
132,09:43:22,3.8,0.01,4,1520,买盘
133,09:43:27,3.8,0.0,30,11400,买盘
134,09:43:48,3.79,-0.01,26,9854,卖盘
135,09:43:54,3.8,0.01,4,1520,买盘
136,09:44:04,3.8,0.0,77,29240,买盘
137,09:44:09,3.79,-0.01,47,17813,卖盘
138,09:44:12,3.8,0.01,75,28475,买盘
139,09:44:21,3.8,0.0,22,8360,买盘
140,09:44:24,3.8,0.0,5,1900,买盘
141,09:44:33,3.8,0.0,2,760,买盘
142,09:44:42,3.8,0.0,2,760,买盘
143,09:44:45,3.8,0.0,84,31904,买盘
144,09:44:51,3.8,0.0,30,11374,买盘
145,09:45:04,3.8,0.0,15,5699,买盘
146,09:45:15,3.79,-0.01,104,39416,卖盘
147,09:45:18,3.8,0.01,1,380,买盘
148,09:45:25,3.79,-0.01,25,9475,卖盘
149,09:45:33,3.79,0.0,6,2274,卖盘
150,09:45:36,3.79,0.0,28,10614,卖盘
151,09:45:51,3.79,0.0,200,75800,卖盘
152,09:46:04,3.79,0.0,119,45101,卖盘
153,09:46:12,3.79,0.0,42,15918,卖盘
154,09:46:21,3.79,0.0,6,2274,卖盘
155,09:46:30,3.79,0.0,40,15160,卖盘
156,09:46:33,3.79,0.0,7,2653,卖盘
157,09:46:48,3.79,0.0,25,9475,卖盘
158,09:46:51,3.79,0.0,44,16676,卖盘
159,09:47:04,3.79,0.0,3,1137,卖盘
160,09:47:07,3.79,0.0,26,9854,卖盘
161,09:47:12,3.79,0.0,553,209587,卖盘
162,09:47:15,3.79,0.0,29,10991,卖盘
163,09:47:24,3.8,0.01,646,245480,买盘
164,09:47:39,3.79,-0.01,25,9475,卖盘
165,09:47:54,3.8,0.01,992,376960,买盘
166,09:47:57,3.8,0.0,13,4940,买盘
167,09:48:03,3.79,-0.01,18,6835,卖盘
168,09:48:06,3.8,0.01,28,10640,买盘
169,09:48:09,3.8,0.0,41,15580,买盘
170,09:48:12,3.8,0.0,53,20140,买盘
171,09:48:15,3.8,0.0,25,9500,买盘
172,09:48:18,3.8,0.0,6,2280,买盘
173,09:48:21,3.8,0.0,12,4560,买盘
174,09:48:24,3.79,-0.01,26,9878,卖盘
175,09:48:30,3.81,0.02,1,381,买盘
176,09:48:42,3.81,0.0,25,9514,买盘
177,09:48:51,3.8,-0.01,25,9500,卖盘
178,09:48:57,3.8,0.0,1,380,卖盘
179,09:49:04,3.8,0.0,2,760,卖盘
180,09:49:06,3.8,0.0,27,10260,卖盘
181,09:49:24,3.81,0.01,683,260223,买盘
182,09:49:30,3.8,-0.01,10,3800,卖盘
183,09:49:45,3.8,0.0,200,76000,卖盘
184,09:49:48,3.8,0.0,116,44170,卖盘
185,09:49:51,3.81,0.01,14,5334,买盘
186,09:49:57,3.81,0.0,7,2667,买盘
187,09:50:00,3.8,-0.01,40,15200,卖盘
188,09:50:03,3.81,0.01,11,4190,买盘
189,09:50:15,3.8,-0.01,200,76000,卖盘
190,09:50:19,3.8,0.0,25,9500,卖盘
191,09:50:48,3.8,0.0,26,9880,卖盘
192,09:50:57,3.8,0.0,1,380,卖盘
193,09:51:04,3.8,0.0,3,1140,卖盘
194,09:51:06,3.81,0.01,5,1905,买盘
195,09:51:18,3.8,-0.01,25,9500,卖盘
196,09:51:21,3.8,0.0,242,91960,卖盘
197,09:51:27,3.8,0.0,1,380,卖盘
198,09:51:30,3.8,0.0,40,15200,卖盘
199,09:51:33,3.8,0.0,13,4940,卖盘
200,09:51:48,3.8,0.0,26,9880,卖盘
201,09:51:57,3.81,0.01,50,19050,买盘
202,09:52:06,3.8,-0.01,66,25080,卖盘
203,09:52:15,3.81,0.01,4,1524,买盘
204,09:52:21,3.8,-0.01,217,82477,卖盘
205,09:52:27,3.8,0.0,50,19000,卖盘
206,09:52:48,3.8,0.0,26,9880,卖盘
207,09:52:54,3.81,0.01,2,762,买盘
208,09:53:04,3.8,-0.01,21,7980,卖盘
209,09:53:09,3.8,0.0,25,9500,卖盘
210,09:53:12,3.81,0.01,10,3810,买盘
211,09:53:15,3.8,-0.01,44,16720,卖盘
212,09:53:21,3.8,0.0,50,19000,卖盘
213,09:53:36,3.8,0.0,30,11400,卖盘
214,09:53:39,3.8,0.0,224,85120,卖盘
215,09:53:48,3.81,0.01,76,28930,买盘
216,09:53:54,3.81,0.0,9,3429,买盘
217,09:53:57,3.81,0.0,10,3810,买盘
218,09:54:03,3.8,-0.01,3,1140,卖盘
219,09:54:12,3.8,0.0,95,36100,卖盘
220,09:54:16,3.8,0.0,50,19000,卖盘
221,09:54:19,3.8,0.0,42,15960,卖盘
222,09:54:33,3.8,0.0,30,11400,卖盘
223,09:54:42,3.8,0.0,16,6080,卖盘
224,09:54:48,3.8,0.0,25,9500,卖盘
225,09:54:57,3.8,0.0,4,1520,卖盘
226,09:55:04,3.8,0.0,7,2660,卖盘
227,09:55:21,3.8,0.0,26,9880,卖盘
228,09:55:30,3.8,0.0,58,22040,卖盘
229,09:55:45,3.8,0.0,44,16720,卖盘
230,09:55:51,3.81,0.01,1,381,买盘
231,09:55:55,3.8,-0.01,25,9500,卖盘
232,09:55:58,3.81,0.01,130,49420,买盘
233,09:56:06,3.8,-0.01,137,52060,卖盘
234,09:56:09,3.81,0.01,1,381,买盘
235,09:56:15,3.81,0.0,50,19050,买盘
236,09:56:27,3.81,0.0,9,3429,买盘
237,09:56:33,3.81,0.0,229,87249,买盘
238,09:56:45,3.8,-0.01,1000,380000,卖盘
239,09:56:51,3.8,0.0,25,9500,卖盘
240,09:57:04,3.8,0.0,1,380,卖盘
241,09:57:15,3.8,0.0,1000,380000,卖盘
242,09:57:21,3.8,0.0,86,32680,卖盘
243,09:57:24,3.8,0.0,200,76000,卖盘
244,09:57:51,3.8,0.0,208,79048,卖盘
245,09:57:55,3.8,0.0,26,9880,卖盘
246,09:58:00,3.8,0.0,100,38000,卖盘
247,09:58:09,3.8,0.0,25,9500,卖盘
248,09:58:19,3.8,0.0,10,3800,卖盘
249,09:58:30,3.8,0.0,20,7600,卖盘
250,09:58:39,3.8,0.0,26,9880,卖盘
251,09:59:04,3.8,0.0,1,380,卖盘
252,09:59:09,3.8,0.0,39,14820,卖盘
253,09:59:18,3.8,0.0,3,1140,卖盘
254,09:59:30,3.8,0.0,26,9880,卖盘
255,09:59:33,3.8,0.0,16,6080,卖盘
256,09:59:36,3.8,0.0,1000,380000,卖盘
257,09:59:39,3.8,0.0,30,11400,卖盘
258,09:59:45,3.8,0.0,21,7980,卖盘
259,09:59:54,3.8,0.0,65,24700,卖盘
260,10:00:06,3.8,0.0,10,3800,卖盘
261,10:00:09,3.8,0.0,47,17860,卖盘
262,10:00:12,3.8,0.0,50,19000,卖盘
263,10:00:21,3.8,0.0,105,39900,卖盘
264,10:00:24,3.8,0.0,200,76000,卖盘
265,10:00:39,3.79,-0.01,70,26595,卖盘
266,10:00:42,3.79,0.0,30,11397,卖盘
267,10:00:45,3.8,0.01,88,33415,买盘
268,10:00:48,3.8,0.0,4,1520,买盘
269,10:00:51,3.79,-0.01,3,1138,卖盘
270,10:00:54,3.79,0.0,62,23558,卖盘
271,10:00:57,3.8,0.01,201,76380,买盘
272,10:01:00,3.8,0.0,1,380,买盘
273,10:01:04,3.8,0.0,47,17815,买盘
274,10:01:06,3.8,0.0,44,16720,买盘
275,10:01:09,3.79,-0.01,34,12894,卖盘
276,10:01:12,3.8,0.01,12,4560,买盘
277,10:01:18,3.79,-0.01,4,1516,卖盘
278,10:01:21,3.8,0.01,11,4180,买盘
279,10:01:24,3.8,0.0,11,4177,买盘
280,10:01:27,3.8,0.0,2,760,买盘
281,10:01:30,3.79,-0.01,4,1519,卖盘
282,10:01:33,3.79,0.0,2,759,卖盘
283,10:01:36,3.8,0.01,4,1520,买盘
284,10:01:39,3.79,-0.01,29,10995,卖盘
285,10:01:42,3.8,0.01,9,3420,买盘
286,10:01:45,3.8,0.0,4,1520,买盘
287,10:01:48,3.79,-0.01,8,3038,卖盘
288,10:01:51,3.8,0.01,4,1520,买盘
289,10:01:54,3.8,0.0,2,760,买盘
290,10:01:57,3.79,-0.01,12,4559,卖盘
291,10:02:00,3.79,0.0,4,1519,卖盘
292,10:02:04,3.8,0.01,39,14820,买盘
293,10:02:06,3.8,0.0,32,12157,买盘
294,10:02:09,3.79,-0.01,32,12134,卖盘
295,10:02:13,3.8,0.01,14,5319,买盘
296,10:02:15,3.8,0.0,5,1900,买盘
297,10:02:18,3.79,-0.01,47,17858,卖盘
298,10:02:21,3.8,0.01,56,21280,买盘
299,10:02:24,3.8,0.0,5,1899,买盘
300,10:02:27,3.8,0.0,5,1900,买盘
301,10:02:30,3.8,0.0,21,7980,买盘
302,10:02:33,3.8,0.0,23,8740,买盘
303,10:02:36,3.79,-0.01,3,1139,卖盘
304,10:02:39,3.79,0.0,27,10235,卖盘
305,10:02:42,3.8,0.01,9,3420,买盘
306,10:02:45,3.8,0.0,2,760,买盘
307,10:02:48,3.8,0.0,2,759,买盘
308,10:02:51,3.8,0.0,50,19000,买盘
309,10:02:54,3.8,0.0,14,5320,卖盘
310,10:03:00,3.79,-0.01,53,20134,卖盘
311,10:03:03,3.8,0.01,1,380,中性盘
312,10:03:10,3.79,-0.01,27,10233,卖盘
313,10:03:12,3.8,0.01,8,3040,买盘
314,10:03:15,3.8,0.0,1,380,卖盘
315,10:03:18,3.79,-0.01,6,2274,卖盘
316,10:03:21,3.79,0.0,2,758,卖盘
317,10:03:33,3.8,0.01,2,760,买盘
318,10:03:39,3.79,-0.01,26,9854,卖盘
319,10:03:42,3.8,0.01,10,3800,买盘
320,10:04:00,3.79,-0.01,7,2653,卖盘
321,10:04:06,3.79,0.0,1,379,卖盘
322,10:04:09,3.79,0.0,25,9475,卖盘
323,10:04:12,3.79,0.0,8,3032,卖盘
324,10:04:21,3.79,0.0,3,1137,卖盘
325,10:04:24,3.79,0.0,1,379,卖盘
326,10:04:27,3.79,0.0,1,379,卖盘
327,10:04:30,3.8,0.01,11,4180,买盘
328,10:04:33,3.8,0.0,100,38000,买盘
329,10:04:36,3.79,-0.01,1,379,卖盘
330,10:04:40,3.79,0.0,26,9854,卖盘
331,10:04:45,3.79,0.0,3,1137,卖盘
332,10:04:48,3.79,0.0,2,758,卖盘
333,10:04:57,3.79,0.0,2,758,卖盘
334,10:05:06,3.79,0.0,1,379,卖盘
335,10:05:09,3.79,0.0,26,9854,卖盘
336,10:05:12,3.79,0.0,2,758,卖盘
337,10:05:24,3.79,0.0,2,758,卖盘
338,10:05:27,3.8,0.01,135,51300,买盘
339,10:05:34,3.79,-0.01,1,379,卖盘
340,10:05:36,3.79,0.0,4,1516,卖盘
341,10:05:39,3.79,0.0,25,9475,卖盘
342,10:05:45,3.79,0.0,10,3790,卖盘
343,10:05:48,3.79,0.0,16,6064,卖盘
344,10:05:51,3.8,0.01,1,380,买盘
345,10:05:57,3.79,-0.01,4,1518,卖盘
346,10:06:00,3.79,0.0,44,16676,卖盘
347,10:06:04,3.79,0.0,7,2653,卖盘
348,10:06:12,3.79,0.0,51,19329,卖盘
349,10:06:15,3.79,0.0,26,9854,卖盘
350,10:06:21,3.8,0.01,4,1520,买盘
351,10:06:27,3.79,-0.01,2,758,卖盘
352,10:06:30,3.79,0.0,5,1895,卖盘
353,10:06:39,3.79,0.0,1,379,卖盘
354,10:06:42,3.79,0.0,25,9475,卖盘
355,10:07:00,3.79,0.0,6,2274,卖盘
356,10:07:06,3.79,0.0,50,18950,卖盘
357,10:07:09,3.79,0.0,27,10233,卖盘
358,10:07:12,3.79,0.0,1,379,卖盘
359,10:07:18,3.79,0.0,300,113900,卖盘
360,10:07:21,3.79,0.0,20,7580,卖盘
361,10:07:24,3.8,0.01,6,2280,买盘
362,10:07:27,3.79,-0.01,22,8356,卖盘
363,10:07:30,3.79,0.0,2,758,卖盘
364,10:07:39,3.79,0.0,26,9854,卖盘
365,10:07:42,3.79,0.0,17,6443,卖盘
366,10:07:45,3.79,0.0,44,16676,卖盘
367,10:07:51,3.8,0.01,4,1520,买盘
368,10:07:54,3.8,0.0,13,4936,买盘
369,10:08:04,3.79,-0.01,54,20466,卖盘
370,10:08:06,3.79,0.0,14,5306,卖盘
371,10:08:09,3.79,0.0,28,10612,卖盘
372,10:08:24,3.79,0.0,4,1516,卖盘
373,10:08:30,3.8,0.01,4,1520,买盘
374,10:08:36,3.79,-0.01,2,758,卖盘
375,10:08:39,3.79,0.0,28,10613,卖盘
376,10:08:45,3.79,0.0,1,379,卖盘
377,10:08:49,3.79,0.0,100,37900,卖盘
378,10:08:54,3.79,0.0,1,379,卖盘
379,10:08:57,3.79,0.0,35,13265,卖盘
380,10:09:03,3.8,0.01,5,1899,买盘
381,10:09:06,3.79,-0.01,16,6064,卖盘
382,10:09:09,3.79,0.0,28,10612,卖盘
383,10:09:12,3.79,0.0,100,37900,卖盘
384,10:09:21,3.8,0.01,317,120153,买盘
385,10:09:27,3.79,-0.01,1678,635962,卖盘
386,10:09:30,3.78,-0.01,6,2268,卖盘
387,10:09:36,3.78,0.0,27,10231,卖盘
388,10:09:39,3.79,0.01,304,115181,买盘
389,10:09:45,3.78,-0.01,3,1134,卖盘
390,10:09:54,3.78,0.0,2,529,卖盘
391,10:10:00,3.78,0.0,26,9828,卖盘
392,10:10:09,3.78,0.0,1,378,卖盘
393,10:10:12,3.79,0.01,2,758,买盘
394,10:10:19,3.78,-0.01,2,757,卖盘
395,10:10:33,3.79,0.01,612,231923,买盘
396,10:10:42,3.78,-0.01,35,13236,卖盘
397,10:11:00,3.78,0.0,8,3024,卖盘
398,10:11:03,3.79,0.01,186,70466,买盘
399,10:11:09,3.78,-0.01,100,37800,卖盘
400,10:11:12,3.79,0.01,6,2274,买盘
401,10:11:16,3.78,-0.01,1,378,卖盘
402,10:11:21,3.78,0.0,16,6048,卖盘
403,10:11:33,3.78,0.0,70,26460,卖盘
404,10:11:39,3.79,0.01,5,1895,买盘
405,10:11:42,3.79,0.0,253,95887,买盘
406,10:11:48,3.78,-0.01,1,378,卖盘
407,10:11:54,3.79,0.01,76,28804,买盘
408,10:12:06,3.79,0.0,200,75800,买盘
409,10:12:09,3.78,-0.01,25,9450,卖盘
410,10:12:21,3.78,0.0,1,378,卖盘
411,10:12:39,3.78,0.0,20,7560,卖盘
412,10:12:46,3.78,0.0,1,378,卖盘
413,10:12:51,3.78,0.0,2519,952182,卖盘
414,10:12:54,3.78,0.0,1,378,卖盘
415,10:12:57,3.78,0.0,8,3024,卖盘
416,10:13:04,3.78,0.0,51,19278,卖盘
417,10:13:06,3.78,0.0,30,11340,卖盘
418,10:13:27,3.78,0.0,176,66528,卖盘
419,10:13:39,3.78,0.0,363,137214,卖盘
420,10:14:00,3.77,-0.01,1,377,卖盘
421,10:14:06,3.77,0.0,100,37700,卖盘
422,10:14:09,3.78,0.01,100,37800,买盘
423,10:14:12,3.77,-0.01,60,22620,卖盘
424,10:14:21,3.78,0.01,4,1512,买盘
425,10:14:24,3.78,0.0,14,5291,买盘
426,10:14:28,3.78,0.0,10,3780,买盘
427,10:14:30,3.78,0.0,14,5292,买盘
428,10:14:33,3.77,-0.01,8,3023,卖盘
429,10:14:36,3.78,0.01,163,61614,买盘
430,10:14:39,3.78,0.0,38,14364,买盘
431,10:14:42,3.78,0.0,58,21924,买盘
432,10:14:45,3.78,0.0,36,13608,买盘
433,10:14:48,3.78,0.0,54,20412,买盘
434,10:14:51,3.78,0.0,155,58590,买盘
435,10:14:54,3.77,-0.01,94,35524,卖盘
436,10:14:57,3.78,0.01,27,10206,买盘
437,10:15:00,3.78,0.0,68,25704,买盘
438,10:15:04,3.78,0.0,11,4158,买盘
439,10:15:06,3.78,0.0,68,25705,卖盘
440,10:15:21,3.78,0.0,94,35622,卖盘
441,10:15:39,3.78,0.0,21,7958,卖盘
442,10:16:04,3.78,0.0,1,378,卖盘
443,10:16:12,3.78,0.0,1,378,卖盘
444,10:16:18,3.79,0.01,10,3790,买盘
445,10:16:27,3.79,0.0,15,5685,买盘
446,10:16:39,3.78,-0.01,9,3403,卖盘
447,10:16:45,3.78,0.0,1,378,卖盘
448,10:16:57,3.79,0.01,1,379,买盘
449,10:17:04,3.78,-0.01,1,378,卖盘
450,10:17:06,3.78,0.0,91,34398,卖盘
451,10:17:18,3.78,0.0,1,378,卖盘
452,10:17:42,3.78,0.0,1,378,卖盘
453,10:17:54,3.78,0.0,1,378,卖盘
454,10:18:06,3.78,0.0,1,378,卖盘
455,10:18:27,3.78,0.0,14,5292,卖盘
456,10:18:37,3.78,0.0,5,1890,卖盘
457,10:18:39,3.78,0.0,8,3024,卖盘
458,10:18:57,3.78,0.0,5,1890,卖盘
459,10:19:00,3.78,0.0,1,378,卖盘
460,10:19:12,3.78,0.0,50,18900,卖盘
461,10:19:21,3.78,0.0,1,378,卖盘
462,10:19:30,3.79,0.01,4,1516,买盘
463,10:19:33,3.78,-0.01,1,378,卖盘
464,10:19:42,3.78,0.0,44,16632,卖盘
465,10:19:57,3.79,0.01,1,379,买盘
466,10:20:04,3.78,-0.01,70,26463,卖盘
467,10:20:06,3.78,0.0,1,378,卖盘
468,10:20:18,3.79,0.01,4,1516,买盘
469,10:20:21,3.78,-0.01,1195,451710,卖盘
470,10:20:24,3.78,0.0,26,9828,卖盘
471,10:20:27,3.78,0.0,45,17010,卖盘
472,10:20:33,3.78,0.0,537,202986,卖盘
473,10:20:39,3.78,0.0,1,378,卖盘
474,10:20:45,3.79,0.01,1,379,买盘
475,10:20:48,3.79,0.0,47,17813,买盘
476,10:20:57,3.78,-0.01,77,29106,卖盘
477,10:21:01,3.77,-0.01,7,2639,卖盘
478,10:21:04,3.78,0.01,6,2268,买盘
479,10:21:06,3.78,0.0,35,13230,买盘
480,10:21:12,3.78,0.0,1,378,卖盘
481,10:21:15,3.78,0.0,82,30996,卖盘
482,10:21:18,3.77,-0.01,32,12094,卖盘
483,10:21:27,3.78,0.01,20,7560,买盘
484,10:21:33,3.78,0.0,50,18900,买盘
485,10:21:42,3.78,0.0,6,2268,买盘
486,10:21:54,3.77,-0.01,11,4157,卖盘
487,10:21:57,3.78,0.01,100,37800,买盘
488,10:22:03,3.78,0.0,3,1134,买盘
489,10:22:12,3.78,0.0,9,3402,买盘
490,10:22:15,3.78,0.0,16,6048,买盘
491,10:22:19,3.78,0.0,200,75600,买盘
492,10:22:27,3.77,-0.01,22,8315,卖盘
493,10:22:33,3.77,0.0,20,7540,卖盘
494,10:22:39,3.77,0.0,21,7937,卖盘
495,10:22:42,3.78,0.01,6,2268,买盘
496,10:22:48,3.77,-0.01,12,4524,卖盘
497,10:23:00,3.78,0.01,301,113777,买盘
498,10:23:06,3.78,0.0,7,2646,买盘
499,10:23:09,3.78,0.0,50,18900,买盘
500,10:23:12,3.78,0.0,6,2268,买盘
501,10:23:30,3.78,0.0,3,1134,买盘
502,10:23:36,3.77,-0.01,1,377,卖盘
503,10:24:00,3.78,0.01,9,3402,买盘
504,10:24:06,3.77,-0.01,21,7917,卖盘
505,10:24:12,3.78,0.01,3,1134,买盘
506,10:24:18,3.77,-0.01,1,377,卖盘
507,10:24:36,3.78,0.01,44,16632,买盘
508,10:24:39,3.77,-0.01,16,6032,卖盘
509,10:24:42,3.77,0.0,1,377,卖盘
510,10:24:51,3.77,0.0,53,19981,卖盘
511,10:25:00,3.77,0.0,127,47879,卖盘
512,10:25:04,3.77,0.0,68,25636,卖盘
513,10:25:06,3.78,0.01,300,113400,买盘
514,10:25:12,3.78,0.0,144,54432,买盘
515,10:25:15,3.78,0.0,4,1511,买盘
516,10:25:18,3.78,0.0,50,18900,买盘
517,10:25:27,3.78,0.0,3,1134,买盘
518,10:25:39,3.78,0.0,10,3780,买盘
519,10:25:48,3.77,-0.01,2,754,卖盘
520,10:25:57,3.78,0.01,1,378,买盘
521,10:26:00,3.78,0.0,3,1134,买盘
522,10:26:03,3.78,0.0,18,6804,买盘
523,10:26:06,3.78,0.0,100,37800,买盘
524,10:26:15,3.78,0.0,25,9450,买盘
525,10:26:21,3.77,-0.01,1,377,卖盘
526,10:26:27,3.78,0.01,10,3780,买盘
527,10:26:30,3.78,0.0,12,4536,买盘
528,10:26:36,3.78,0.0,50,18900,买盘
529,10:26:42,3.77,-0.01,1,377,卖盘
530,10:26:54,3.78,0.01,100,37800,买盘
531,10:26:57,3.78,0.0,4,1512,买盘
532,10:27:00,3.78,0.0,50,18900,买盘
533,10:27:03,3.78,0.0,4,1512,买盘
534,10:27:09,3.77,-0.01,108,40716,卖盘
535,10:27:27,3.77,0.0,2,754,卖盘
536,10:27:30,3.77,0.0,16,6032,卖盘
537,10:27:42,3.78,0.01,48,18100,买盘
538,10:27:45,3.78,0.0,300,113400,买盘
539,10:27:51,3.78,0.0,307,116046,买盘
540,10:27:54,3.78,0.0,109,41202,买盘
541,10:27:57,3.78,0.0,129,48762,买盘
542,10:28:00,3.78,0.0,28,10584,买盘
543,10:28:12,3.79,0.01,1,379,买盘
544,10:28:18,3.78,-0.01,1,454,卖盘
545,10:28:24,3.78,0.0,52,19656,卖盘
546,10:28:30,3.79,0.01,22,8338,买盘
547,10:28:33,3.78,-0.01,1,378,卖盘
548,10:28:42,3.79,0.01,42,15918,买盘
549,10:28:57,3.78,-0.01,8,3024,卖盘
550,10:29:04,3.78,0.0,5,1890,卖盘
551,10:29:06,3.78,0.0,2,756,卖盘
552,10:29:12,3.79,0.01,4,1516,买盘
553,10:29:27,3.79,0.0,23,8717,买盘
554,10:29:37,3.79,0.0,3,1137,买盘
555,10:29:39,3.78,-0.01,1,378,卖盘
556,10:29:54,3.78,0.0,31,11718,卖盘
557,10:29:57,3.78,0.0,11,4158,卖盘
558,10:30:00,3.79,0.01,46,17434,买盘
559,10:30:12,3.78,-0.01,1,378,卖盘
560,10:30:30,3.78,0.0,10,3780,卖盘
561,10:30:39,3.78,0.0,8,3024,卖盘
562,10:30:42,3.78,0.0,16,6048,卖盘
563,10:30:45,3.78,0.0,2,756,卖盘
564,10:30:54,3.79,0.01,4,1516,买盘
565,10:31:18,3.78,-0.01,1,378,卖盘
566,10:31:27,3.79,0.01,3,1137,买盘
567,10:31:36,3.79,0.0,76,28804,买盘
568,10:31:42,3.79,0.0,4,1516,买盘
569,10:31:45,3.79,0.0,41,15539,买盘
570,10:31:52,3.78,-0.01,1,378,卖盘
571,10:32:00,3.79,0.01,111,42069,买盘
572,10:32:15,3.79,0.0,2,758,买盘
573,10:32:24,3.78,-0.01,659,249759,卖盘
574,10:32:27,3.79,0.01,39,14781,买盘
575,10:32:30,3.79,0.0,50,18950,买盘
576,10:32:33,3.79,0.0,150,56850,买盘
577,10:32:42,3.78,-0.01,8,3024,卖盘
578,10:32:58,3.78,0.0,1,378,卖盘
579,10:33:00,3.79,0.01,2,758,买盘
580,10:33:09,3.79,0.0,101,38262,买盘
581,10:33:12,3.79,0.0,2,758,买盘
582,10:33:15,3.79,0.0,1,379,买盘
583,10:33:27,3.79,0.0,443,167897,买盘
584,10:33:33,3.79,0.0,2,758,买盘
585,10:33:36,3.79,0.0,538,203902,买盘
586,10:33:54,3.79,0.0,161,61019,卖盘
587,10:33:57,3.8,0.01,15,5689,买盘
588,10:34:00,3.79,-0.01,21,7959,卖盘
589,10:34:09,3.79,0.0,24,9096,卖盘
590,10:34:12,3.8,0.01,7,2660,买盘
591,10:34:15,3.79,-0.01,50,18950,卖盘
592,10:34:31,3.8,0.01,242,91960,买盘
593,10:34:39,3.79,-0.01,8,3032,卖盘
594,10:34:48,3.8,0.01,4,1520,买盘
595,10:35:06,3.8,0.0,43,16340,买盘
596,10:35:30,3.79,-0.01,10,3790,卖盘
597,10:35:33,3.8,0.01,4,1520,买盘
598,10:35:45,3.79,-0.01,5,1895,卖盘
599,10:36:15,3.8,0.01,717,272460,买盘
600,10:36:21,3.8,0.0,7,2660,买盘
601,10:36:24,3.8,0.0,855,324900,买盘
602,10:36:27,3.8,0.0,243,92106,买盘
603,10:36:30,3.8,0.0,4,1520,买盘
604,10:36:33,3.79,-0.01,141,53439,卖盘
605,10:36:42,3.8,0.01,42,15960,买盘
606,10:36:49,3.8,0.0,1030,391370,买盘
607,10:36:54,3.8,0.0,316,120080,买盘
608,10:36:57,3.8,0.0,34,12920,买盘
609,10:37:00,3.81,0.01,65,24741,买盘
610,10:37:06,3.79,-0.02,520,197142,卖盘
611,10:37:19,3.8,0.01,100,38000,卖盘
612,10:37:30,3.8,0.0,50,19000,卖盘
613,10:37:39,3.8,0.0,25,9500,卖盘
614,10:37:43,3.8,0.0,50,19000,卖盘
615,10:37:54,3.8,0.0,86,32680,卖盘
616,10:37:57,3.8,0.0,6,2280,卖盘
617,10:38:00,3.8,0.0,4,1520,卖盘
618,10:38:15,3.81,0.01,3,1143,买盘
619,10:38:18,3.8,-0.01,8,3040,卖盘
620,10:38:27,3.81,0.01,2,762,买盘
621,10:38:39,3.81,0.0,2,762,买盘
622,10:39:00,3.8,-0.01,179,68020,卖盘
623,10:39:06,3.8,0.0,60,22800,买盘
624,10:39:09,3.8,0.0,60,22800,买盘
625,10:39:12,3.8,0.0,122,46360,买盘
626,10:39:18,3.8,0.0,18,6840,买盘
627,10:39:21,3.8,0.0,30,11400,买盘
628,10:39:42,3.8,0.0,20,7600,买盘
629,10:39:46,3.8,0.0,205,77900,买盘
630,10:39:48,3.8,0.0,10,3800,买盘
631,10:39:52,3.8,0.0,34,12920,买盘
632,10:39:54,3.8,0.0,30,11400,买盘
633,10:40:06,3.8,0.0,233,88540,买盘
634,10:40:09,3.8,0.0,3,1140,买盘
635,10:40:15,3.8,0.0,70,26600,买盘
636,10:40:18,3.79,-0.01,8,3032,卖盘
637,10:40:24,3.8,0.01,802,304760,买盘
638,10:40:27,3.8,0.0,24,9120,买盘
639,10:40:30,3.8,0.0,20,7600,买盘
640,10:40:36,3.8,0.0,40,15200,买盘
641,10:40:45,3.8,0.0,33,12540,买盘
642,10:40:57,3.8,0.0,41,15580,卖盘
643,10:41:00,3.8,0.0,139,52820,买盘
644,10:41:12,3.81,0.01,85,32385,买盘
645,10:42:06,3.8,-0.01,8,3040,卖盘
646,10:42:18,3.81,0.01,37,14097,买盘
647,10:42:42,3.81,0.0,63,24003,买盘
648,10:42:54,3.81,0.0,1,381,买盘
649,10:42:57,3.81,0.0,8,3048,买盘
650,10:43:06,3.81,0.0,55,20955,买盘
651,10:43:27,3.81,0.0,1,381,买盘
652,10:43:39,3.8,-0.01,5,1900,卖盘
653,10:43:45,3.81,0.01,30,11430,买盘
654,10:43:48,3.8,-0.01,8,3040,卖盘
655,10:44:12,3.81,0.01,43,16383,买盘
656,10:44:21,3.8,-0.01,7,2660,卖盘
657,10:44:39,3.81,0.01,5,1905,买盘
658,10:45:00,3.81,0.0,10,3810,买盘
659,10:45:04,3.81,0.0,9,3429,买盘
660,10:45:22,3.81,0.0,4,1524,买盘
661,10:45:27,3.8,-0.01,8,3040,卖盘
662,10:45:54,3.81,0.01,10,3810,买盘
663,10:46:12,3.81,0.0,42,16002,买盘
664,10:46:18,3.81,0.0,4,1524,买盘
665,10:46:33,3.8,-0.01,1000,380000,卖盘
666,10:46:36,3.81,0.01,10,3810,买盘
667,10:46:45,3.8,-0.01,130,49400,卖盘
668,10:46:51,3.8,0.0,100,38000,卖盘
669,10:46:54,3.81,0.01,10,3810,买盘
670,10:46:57,3.8,-0.01,117,44460,卖盘
671,10:47:04,3.8,0.0,27,10260,卖盘
672,10:47:06,3.81,0.01,4,1524,买盘
673,10:47:30,3.8,-0.01,30,11400,卖盘
674,10:48:06,3.81,0.01,4,1524,买盘
675,10:48:12,3.81,0.0,43,16383,买盘
676,10:48:30,3.8,-0.01,1,380,卖盘
677,10:48:45,3.8,0.0,8,3040,卖盘
678,10:48:48,3.81,0.01,4,1524,买盘
679,10:49:00,3.81,0.0,7,2667,买盘
680,10:49:30,3.8,-0.01,20,7600,卖盘
681,10:49:42,3.81,0.01,6,2286,买盘
682,10:49:48,3.81,0.0,11,4191,买盘
683,10:49:51,3.81,0.0,5,1905,买盘
684,10:49:57,3.8,-0.01,150,57000,卖盘
685,10:50:04,3.81,0.01,15,5715,买盘
686,10:50:06,3.81,0.0,14,5334,买盘
687,10:50:12,3.81,0.0,43,16383,买盘
688,10:50:18,3.8,-0.01,31,11780,卖盘
689,10:50:33,3.8,0.0,102,38760,卖盘
690,10:50:36,3.81,0.01,5,1905,买盘
691,10:50:45,3.81,0.0,8,3048,买盘
692,10:50:51,3.81,0.0,3,1143,买盘
693,10:50:54,3.8,-0.01,26,9880,卖盘
694,10:51:06,3.8,0.0,8,3040,卖盘
695,10:51:15,3.8,0.0,50,19000,卖盘
696,10:51:27,3.81,0.01,19,7239,买盘
697,10:51:46,3.8,-0.01,5,1900,卖盘
698,10:52:00,3.8,0.0,75,28500,卖盘
699,10:52:09,3.8,0.0,200,76000,卖盘
700,10:52:12,3.81,0.01,42,16002,买盘
701,10:52:24,3.8,-0.01,100,38000,卖盘
702,10:52:45,3.8,0.0,30,11400,卖盘
703,10:52:51,3.8,0.0,603,229140,卖盘
704,10:52:54,3.8,0.0,50,19000,卖盘
705,10:53:15,3.8,0.0,500,190000,卖盘
706,10:53:18,3.8,0.0,200,76000,卖盘
707,10:53:21,3.8,0.0,251,95380,卖盘
708,10:53:24,3.8,0.0,1,380,买盘
709,10:53:33,3.8,0.0,20,7600,买盘
710,10:53:36,3.8,0.0,9,3420,买盘
711,10:53:42,3.8,0.0,4,1520,买盘
712,10:53:57,3.8,0.0,83,31540,买盘
713,10:54:03,3.79,-0.01,8,3032,卖盘
714,10:54:12,3.8,0.01,105,39900,买盘
715,10:54:16,3.8,0.0,4,1520,买盘
716,10:55:24,3.8,0.0,50,19000,买盘
717,10:56:12,3.8,0.0,541,205580,买盘
718,10:56:15,3.8,0.0,16,6080,买盘
719,10:56:18,3.8,0.0,40,15200,买盘
720,10:56:27,3.8,0.0,210,79800,买盘
721,10:56:45,3.8,0.0,8,3040,卖盘
722,10:56:49,3.81,0.01,4,1524,买盘
723,10:56:51,3.8,-0.01,491,186580,卖盘
724,10:57:42,3.8,0.0,105,39900,卖盘
725,10:58:18,3.8,0.0,30,11400,卖盘
726,10:58:30,3.8,0.0,10,3800,卖盘
727,10:58:34,3.8,0.0,93,35340,卖盘
728,10:58:36,3.8,0.0,201,76380,卖盘
729,10:58:42,3.8,0.0,50,19000,卖盘
730,10:58:51,3.81,0.01,4,1524,买盘
731,10:58:57,3.81,0.0,30,11430,买盘
732,10:59:06,3.8,-0.01,50,19000,卖盘
733,10:59:42,3.81,0.01,4,1524,买盘
734,10:59:48,3.8,-0.01,10,3800,卖盘
735,10:59:54,3.8,0.0,9,3420,卖盘
736,11:00:06,3.8,0.0,200,76000,卖盘
737,11:00:09,3.8,0.0,166,63080,卖盘
738,11:00:24,3.8,0.0,20,7600,卖盘
739,11:00:39,3.8,0.0,1,380,卖盘
740,11:00:54,3.8,0.0,10,3800,卖盘
741,11:01:04,3.8,0.0,31,11780,卖盘
742,11:01:06,3.8,0.0,4,1520,买盘
743,11:01:12,3.8,0.0,4,1520,买盘
744,11:01:30,3.8,0.0,50,19000,买盘
745,11:01:36,3.8,0.0,25,9500,买盘
746,11:01:42,3.8,0.0,4,1520,买盘
747,11:01:48,3.8,0.0,100,38000,买盘
748,11:01:51,3.8,0.0,1,380,买盘
749,11:02:12,3.8,0.0,9,3420,买盘
750,11:02:15,3.8,0.0,5,1900,买盘
751,11:02:21,3.79,-0.01,1,379,卖盘
752,11:02:46,3.8,0.01,5,1900,买盘
753,11:02:52,3.8,0.0,7,2660,买盘
754,11:02:54,3.8,0.0,87,33060,买盘
755,11:03:18,3.8,0.0,5,1900,买盘
756,11:03:33,3.8,0.0,4,1520,买盘
757,11:03:42,3.8,0.0,3,1140,买盘
758,11:03:48,3.8,0.0,14,5320,买盘
759,11:04:09,3.8,0.0,36,13680,买盘
760,11:04:12,3.8,0.0,93,35340,买盘
761,11:04:15,3.8,0.0,1,380,买盘
762,11:04:36,3.8,0.0,4,1520,买盘
763,11:04:39,3.8,0.0,4,1520,买盘
764,11:04:42,3.8,0.0,4,1520,买盘
765,11:05:03,3.8,0.0,63,23940,买盘
766,11:05:06,3.79,-0.01,45,17056,卖盘
767,11:05:15,3.8,0.01,26,9880,买盘
768,11:05:18,3.8,0.0,85,32300,买盘
769,11:05:27,3.8,0.0,1,380,卖盘
770,11:05:30,3.8,0.0,4,1520,买盘
771,11:05:33,3.8,0.0,16,6080,买盘
772,11:05:42,3.79,-0.01,160,60640,卖盘
773,11:05:58,3.8,0.01,17,6460,买盘
774,11:06:04,3.8,0.0,21,7980,卖盘
775,11:06:15,3.8,0.0,16,6080,买盘
776,11:06:18,3.8,0.0,12,4560,买盘
777,11:06:28,3.81,0.01,4,1524,买盘
778,11:06:39,3.81,0.0,14,5334,买盘
779,11:06:51,3.8,-0.01,52,19760,卖盘
780,11:07:09,3.79,-0.01,2,758,卖盘
781,11:07:39,3.79,0.0,1,379,卖盘
782,11:07:57,3.8,0.01,14,5320,买盘
783,11:08:00,3.8,0.0,15,5700,买盘
784,11:08:03,3.8,0.0,13,4940,买盘
785,11:08:09,3.8,0.0,29,11020,买盘
786,11:08:24,3.8,0.0,4,1520,买盘
787,11:08:30,3.8,0.0,34,12920,买盘
788,11:08:51,3.8,0.0,42,15960,卖盘
789,11:09:27,3.8,0.0,14,5320,买盘
790,11:09:30,3.8,0.0,7,2660,买盘
791,11:09:42,3.8,0.0,20,7600,买盘
792,11:09:45,3.8,0.0,33,12540,买盘
793,11:10:13,3.8,0.0,180,68400,买盘
794,11:10:15,3.8,0.0,1,380,买盘
795,11:10:40,3.8,0.0,37,14060,买盘
796,11:10:42,3.8,0.0,4,1520,买盘
797,11:10:45,3.8,0.0,9,3420,买盘
798,11:10:54,3.8,0.0,13,4940,买盘
799,11:11:13,3.8,0.0,3,1140,买盘
800,11:11:36,3.79,-0.01,60,22740,卖盘
801,11:12:18,3.8,0.01,14,5320,买盘
802,11:12:21,3.8,0.0,100,38000,买盘
803,11:12:36,3.8,0.0,36,13680,买盘
804,11:12:51,3.79,-0.01,695,263405,卖盘
805,11:13:00,3.79,0.0,10,3790,卖盘
806,11:13:42,3.8,0.01,13,4940,买盘
807,11:13:48,3.8,0.0,11,4180,买盘
808,11:13:51,3.8,0.0,4,1520,买盘
809,11:14:24,3.8,0.0,42,15960,买盘
810,11:14:48,3.79,-0.01,1,379,卖盘
811,11:14:55,3.8,0.01,4,1520,买盘
812,11:15:12,3.8,0.0,14,5320,买盘
813,11:15:16,3.79,-0.01,100,37900,卖盘
814,11:15:33,3.79,0.0,160,60640,卖盘
815,11:15:48,3.79,0.0,300,113700,卖盘
816,11:15:51,3.79,0.0,1312,497248,卖盘
817,11:15:54,3.8,0.01,131,49780,买盘
818,11:16:03,3.79,-0.01,15,5685,卖盘
819,11:16:21,3.79,0.0,236,89444,卖盘
820,11:16:30,3.79,0.0,163,61777,卖盘
821,11:16:33,3.8,0.01,85,32229,买盘
822,11:16:39,3.8,0.0,11,4180,买盘
823,11:16:42,3.79,-0.01,286,108394,卖盘
824,11:16:49,3.79,0.0,195,73905,卖盘
825,11:16:54,3.8,0.01,1,380,买盘
826,11:16:57,3.79,-0.01,193,73147,卖盘
827,11:17:00,3.79,0.0,45,17055,卖盘
828,11:17:09,3.79,0.0,99,37521,买盘
829,11:17:15,3.79,0.0,99,37521,买盘
830,11:17:21,3.79,0.0,6,2274,买盘
831,11:17:30,3.79,0.0,99,37521,买盘
832,11:17:33,3.79,0.0,71,26909,买盘
833,11:18:00,3.79,0.0,13,4927,买盘
834,11:18:03,3.79,0.0,14,5306,买盘
835,11:18:15,3.78,-0.01,28,10584,卖盘
836,11:18:27,3.79,0.01,7,2653,买盘
837,11:18:54,3.79,0.0,11,4169,买盘
838,11:19:18,3.79,0.0,9,3411,买盘
839,11:19:24,3.78,-0.01,26,9842,卖盘
840,11:19:27,3.79,0.01,79,29941,买盘
841,11:19:39,3.79,0.0,53,20087,买盘
842,11:20:09,3.79,0.0,35,13265,买盘
843,11:20:15,3.79,0.0,10,3790,买盘
844,11:20:30,3.79,0.0,36,13644,买盘
845,11:20:45,3.79,0.0,5,1895,买盘
846,11:20:48,3.79,0.0,13,4927,买盘
847,11:21:12,3.79,0.0,3,1137,买盘
848,11:21:27,3.79,0.0,11,4169,买盘
849,11:21:30,3.79,0.0,100,37900,买盘
850,11:21:33,3.79,0.0,10,3790,买盘
851,11:21:42,3.79,0.0,30,11370,买盘
852,11:21:51,3.78,-0.01,18,6821,卖盘
853,11:22:12,3.79,0.01,23,8717,买盘
854,11:22:15,3.79,0.0,4,1516,买盘
855,11:22:18,3.79,0.0,4,1516,买盘
856,11:22:27,3.79,0.0,20,7580,买盘
857,11:22:43,3.79,0.0,4,1516,买盘
858,11:22:45,3.79,0.0,7,2653,买盘
859,11:23:09,3.79,0.0,11,4169,买盘
860,11:23:12,3.79,0.0,3,1137,买盘
861,11:23:21,3.79,0.0,4,1516,买盘
862,11:23:30,3.79,0.0,200,75800,买盘
863,11:23:39,3.79,0.0,13,4927,买盘
864,11:23:42,3.79,0.0,4,1516,买盘
865,11:23:48,3.79,0.0,303,114837,买盘
866,11:23:51,3.78,-0.01,72,27216,卖盘
867,11:24:12,3.79,0.01,5,1895,买盘
868,11:24:24,3.79,0.0,57,21603,买盘
869,11:24:30,3.79,0.0,1,379,买盘
870,11:24:45,3.79,0.0,58,21982,买盘
871,11:24:48,3.79,0.0,56,21224,买盘
872,11:24:51,3.79,0.0,2,758,买盘
873,11:24:54,3.79,0.0,11,4169,买盘
874,11:24:57,3.8,0.01,8,3040,买盘
875,11:25:03,3.8,0.0,14,5320,买盘
876,11:25:09,3.8,0.0,12,4560,买盘
877,11:25:33,3.8,0.0,4,1520,买盘
878,11:26:00,3.8,0.0,180,68400,买盘
879,11:26:30,3.8,0.0,13,4940,买盘
880,11:26:36,3.8,0.0,10,3800,买盘
881,11:26:42,3.8,0.0,11,4180,买盘
882,11:27:24,3.79,-0.01,818,310022,卖盘
883,11:27:27,3.8,0.01,42,15933,买盘
884,11:27:54,3.8,0.0,14,5320,买盘
885,11:27:57,3.8,0.0,20,7600,买盘
886,11:28:06,3.8,0.0,5,1900,买盘
887,11:29:15,3.8,0.0,4,1520,买盘
888,11:29:21,3.8,0.0,36,13680,买盘
889,11:29:36,3.8,0.0,1,380,买盘
890,13:00:04,3.8,0.0,209,79409,买盘
891,13:00:06,3.79,-0.01,265,100500,卖盘
892,13:00:09,3.8,0.01,77,29230,买盘
893,13:00:13,3.8,0.0,124,47120,买盘
894,13:00:46,3.8,0.0,14,5320,买盘
895,13:01:15,3.79,-0.01,60,22740,卖盘
896,13:01:39,3.8,0.01,10,3800,买盘
897,13:01:42,3.79,-0.01,100,37900,卖盘
898,13:02:12,3.8,0.01,6,2280,买盘
899,13:02:18,3.8,0.0,12,4560,买盘
900,13:02:42,3.79,-0.01,300,113700,卖盘
901,13:03:12,3.8,0.01,21,7980,买盘
902,13:03:48,3.79,-0.01,1,379,卖盘
903,13:04:15,3.8,0.01,12,4560,买盘
904,13:04:18,3.79,-0.01,492,186468,卖盘
905,13:04:42,3.79,0.0,8,3032,买盘
906,13:04:45,3.78,-0.01,210,79380,卖盘
907,13:05:30,3.79,0.01,271,102709,买盘
908,13:05:36,3.79,0.0,76,28804,买盘
909,13:05:48,3.79,0.0,25,9475,买盘
910,13:05:57,3.79,0.0,100,37900,卖盘
911,13:06:18,3.8,0.01,12,4560,买盘
912,13:06:57,3.8,0.0,7,2660,买盘
913,13:07:00,3.79,-0.01,6,2274,卖盘
914,13:07:33,3.8,0.01,10,3800,买盘
915,13:07:45,3.8,0.0,2,760,买盘
916,13:08:18,3.8,0.0,12,4560,买盘
917,13:08:30,3.8,0.0,5,1900,买盘
918,13:08:57,3.8,0.0,12,4560,买盘
919,13:09:24,3.79,-0.01,306,115974,卖盘
920,13:10:04,3.79,0.0,44,16676,卖盘
921,13:10:15,3.8,0.01,12,4560,买盘
922,13:11:18,3.8,0.0,38,14440,买盘
923,13:11:39,3.79,-0.01,50,18950,卖盘
924,13:12:18,3.8,0.01,12,4560,买盘
925,13:12:24,3.8,0.0,200,76000,买盘
926,13:12:52,3.8,0.0,7,2660,买盘
927,13:12:54,3.79,-0.01,10,3790,卖盘
928,13:13:12,3.79,0.0,60,22740,卖盘
929,13:13:15,3.79,0.0,16,6064,卖盘
930,13:13:49,3.79,0.0,105,39795,卖盘
931,13:14:04,3.79,0.0,623,236117,卖盘
932,13:14:12,3.79,0.0,118,44722,买盘
933,13:14:18,3.79,0.0,72,27228,买盘
934,13:14:45,3.79,0.0,291,110289,买盘
935,13:14:55,3.79,0.0,5,1895,买盘
936,13:16:16,3.79,0.0,32,12128,买盘
937,13:16:19,3.79,0.0,12,4548,买盘
938,13:16:30,3.79,0.0,20,7580,买盘
939,13:16:33,3.79,0.0,134,50786,买盘
940,13:16:45,3.78,-0.01,42,15916,卖盘
941,13:16:48,3.79,0.01,19,7201,买盘
942,13:16:51,3.78,-0.01,2,756,卖盘
943,13:16:54,3.79,0.01,37,14023,买盘
944,13:17:00,3.78,-0.01,2,756,卖盘
945,13:17:15,3.78,0.0,2,756,卖盘
946,13:17:21,3.78,0.0,2,756,卖盘
947,13:17:30,3.78,0.0,2,756,卖盘
948,13:17:39,3.78,0.0,2,756,卖盘
949,13:17:48,3.78,0.0,2,756,卖盘
950,13:17:57,3.78,0.0,5,1890,卖盘
951,13:18:00,3.78,0.0,2,756,卖盘
952,13:18:04,3.79,0.01,68,25754,买盘
953,13:18:06,3.78,-0.01,2,756,卖盘
954,13:18:16,3.78,0.0,2,756,卖盘
955,13:18:18,3.79,0.01,12,4548,买盘
956,13:18:27,3.78,-0.01,2,756,卖盘
957,13:18:33,3.79,0.01,300,113700,买盘
958,13:18:36,3.78,-0.01,2,756,卖盘
959,13:18:45,3.78,0.0,2,756,卖盘
960,13:18:54,3.78,0.0,2,756,卖盘
961,13:19:00,3.79,0.01,100,37900,买盘
962,13:19:04,3.78,-0.01,2,756,卖盘
963,13:19:15,3.78,0.0,2,756,卖盘
964,13:19:24,3.78,0.0,2,756,卖盘
965,13:19:33,3.78,0.0,2,756,卖盘
966,13:19:43,3.78,0.0,2,756,卖盘
967,13:19:52,3.78,0.0,2,756,卖盘
968,13:20:00,3.78,0.0,2,756,卖盘
969,13:20:09,3.78,0.0,2,756,卖盘
970,13:20:18,3.79,0.01,12,4548,买盘
971,13:20:21,3.78,-0.01,2,756,卖盘
972,13:20:30,3.78,0.0,685,258930,卖盘
973,13:20:39,3.78,0.0,3,1134,卖盘
974,13:20:45,3.78,0.0,2,756,卖盘
975,13:21:00,3.78,0.0,900,340200,卖盘
976,13:21:39,3.78,0.0,39,14742,卖盘
977,13:21:42,3.78,0.0,1,378,卖盘
978,13:22:18,3.79,0.01,12,4548,买盘
979,13:22:24,3.78,-0.01,60,22680,卖盘
980,13:22:30,3.79,0.01,102,38658,买盘
981,13:23:42,3.78,-0.01,1000,378000,卖盘
982,13:23:45,3.79,0.01,26,9854,买盘
983,13:24:12,3.78,-0.01,312,117936,卖盘
984,13:24:18,3.79,0.01,12,4548,买盘
985,13:24:21,3.79,0.0,76,28804,买盘
986,13:24:33,3.78,-0.01,5,1890,卖盘
987,13:24:39,3.79,0.01,10,3790,买盘
988,13:25:04,3.78,-0.01,309,116802,卖盘
989,13:25:06,3.78,0.0,115,43458,买盘
990,13:25:30,3.77,-0.01,42,15834,卖盘
991,13:25:33,3.78,0.01,150,56700,买盘
992,13:25:39,3.77,-0.01,100,37700,卖盘
993,13:25:54,3.78,0.01,50,18900,买盘
994,13:26:06,3.78,0.0,300,113400,买盘
995,13:26:09,3.78,0.0,238,89964,买盘
996,13:26:12,3.78,0.0,4,1512,买盘
997,13:26:15,3.79,0.01,12,4548,买盘
998,13:26:36,3.78,-0.01,5,1890,卖盘
999,13:26:39,3.78,0.0,32,12091,买盘
1000,13:27:12,3.78,0.0,21,7938,买盘
1001,13:27:33,3.78,0.0,29,10962,买盘
1002,13:27:51,3.78,0.0,49,18522,卖盘
1003,13:27:54,3.77,-0.01,6,2263,卖盘
1004,13:27:57,3.78,0.01,86,32508,买盘
1005,13:28:15,3.78,0.0,5,1890,买盘
1006,13:28:18,3.78,0.0,12,4536,买盘
1007,13:28:24,3.78,0.0,150,56700,买盘
1008,13:28:30,3.78,0.0,39,14742,买盘
1009,13:28:33,3.78,0.0,50,18900,买盘
1010,13:28:36,3.78,0.0,11,4158,买盘
1011,13:28:42,3.78,0.0,10,3780,买盘
1012,13:28:45,3.78,0.0,16,6048,卖盘
1013,13:28:48,3.78,0.0,35,13230,卖盘
1014,13:28:57,3.79,0.01,39,14781,买盘
1015,13:29:00,3.78,-0.01,916,346248,卖盘
1016,13:29:54,3.79,0.01,4,1516,买盘
1017,13:30:18,3.79,0.0,12,4548,买盘
1018,13:30:45,3.78,-0.01,20,7560,卖盘
1019,13:32:18,3.79,0.01,12,4548,买盘
1020,13:32:21,3.79,0.0,100,37900,买盘
1021,13:32:48,3.78,-0.01,2,756,卖盘
1022,13:33:10,3.78,0.0,10,3780,卖盘
1023,13:33:21,3.78,0.0,16,6048,卖盘
1024,13:33:57,3.79,0.01,13,4927,买盘
1025,13:34:18,3.79,0.0,12,4548,买盘
1026,13:34:24,3.79,0.0,7,2653,买盘
1027,13:34:36,3.79,0.0,60,22740,买盘
1028,13:34:42,3.78,-0.01,878,331884,卖盘
1029,13:35:42,3.78,0.0,16,6048,卖盘
1030,13:36:00,3.78,0.0,100,37800,卖盘
1031,13:36:09,3.78,0.0,44,16632,卖盘
1032,13:36:16,3.78,0.0,66,24948,卖盘
1033,13:36:19,3.79,0.01,12,4548,买盘
1034,13:37:21,3.78,-0.01,130,49140,卖盘
1035,13:37:33,3.79,0.01,3,1137,买盘
1036,13:37:51,3.78,-0.01,240,90720,卖盘
1037,13:37:57,3.79,0.01,20,7580,买盘
1038,13:38:00,3.78,-0.01,73,27594,卖盘
1039,13:38:06,3.78,0.0,1,378,卖盘
1040,13:38:18,3.78,0.0,62,23448,卖盘
1041,13:38:21,3.78,0.0,213,80514,卖盘
1042,13:38:24,3.77,-0.01,51,19227,卖盘
1043,13:38:33,3.77,0.0,1419,534963,卖盘
1044,13:40:12,3.78,0.01,2,756,买盘
1045,13:40:15,3.78,0.0,34,12852,买盘
1046,13:40:18,3.78,0.0,12,4536,买盘
1047,13:40:21,3.78,0.0,8,3024,买盘
1048,13:40:33,3.78,0.0,50,18900,买盘
1049,13:40:39,3.78,0.0,100,37800,买盘
1050,13:40:42,3.78,0.0,4,1512,买盘
1051,13:41:09,3.78,0.0,131,49518,买盘
1052,13:41:12,3.78,0.0,5,1890,买盘
1053,13:41:15,3.78,0.0,110,41580,买盘
1054,13:41:18,3.78,0.0,8,3024,买盘
1055,13:41:21,3.78,0.0,5,1890,买盘
1056,13:41:24,3.78,0.0,100,37800,买盘
1057,13:41:27,3.78,0.0,8,3024,买盘
1058,13:41:39,3.78,0.0,76,28728,买盘
1059,13:41:42,3.77,-0.01,53,19990,卖盘
1060,13:41:45,3.78,0.01,298,112644,买盘
1061,13:42:09,3.78,0.0,10,3780,买盘
1062,13:42:12,3.78,0.0,4,1512,买盘
1063,13:42:15,3.78,0.0,70,26460,买盘
1064,13:42:18,3.78,0.0,43,16254,买盘
1065,13:42:51,3.78,0.0,6,2268,买盘
1066,13:43:48,3.78,0.0,25,9450,买盘
1067,13:44:12,3.78,0.0,4,1512,买盘
1068,13:44:15,3.77,-0.01,2,754,卖盘
1069,13:44:18,3.78,0.01,12,4536,买盘
1070,13:44:24,3.78,0.0,10,3780,买盘
1071,13:44:45,3.78,0.0,5,1890,买盘
1072,13:44:54,3.78,0.0,79,29862,买盘
1073,13:44:57,3.77,-0.01,16,6032,卖盘
1074,13:45:00,3.78,0.01,794,300132,买盘
1075,13:45:03,3.78,0.0,13,4914,买盘
1076,13:45:12,3.78,0.0,2,756,买盘
1077,13:45:18,3.78,0.0,217,82026,买盘
1078,13:45:33,3.79,0.01,37,14023,买盘
1079,13:45:54,3.79,0.0,7,2653,买盘
1080,13:46:18,3.79,0.0,12,4548,买盘
1081,13:46:30,3.78,-0.01,50,18900,卖盘
1082,13:47:06,3.79,0.01,10,3790,买盘
1083,13:47:31,3.79,0.0,42,15918,买盘
1084,13:47:48,3.78,-0.01,1000,378000,卖盘
1085,13:48:18,3.79,0.01,12,4548,买盘
1086,13:49:21,3.78,-0.01,13,4914,卖盘
1087,13:49:30,3.79,0.01,43,16297,买盘
1088,13:50:09,3.78,-0.01,44,16632,卖盘
1089,13:50:12,3.78,0.0,69,26082,卖盘
1090,13:50:21,3.78,0.0,25,9462,卖盘
1091,13:51:24,3.79,0.01,41,15539,买盘
1092,13:52:18,3.78,-0.01,110,41693,卖盘
1093,13:52:21,3.79,0.01,12,4548,买盘
1094,13:53:21,3.79,0.0,40,15160,买盘
1095,13:54:21,3.79,0.0,12,4548,买盘
1096,13:54:27,3.78,-0.01,16,6048,卖盘
1097,13:54:45,3.79,0.01,144,54532,买盘
1098,13:55:04,3.79,0.0,7,2653,买盘
1099,13:55:06,3.79,0.0,42,15918,买盘
1100,13:55:39,3.78,-0.01,1049,396409,卖盘
1101,13:55:42,3.78,0.0,38,14364,买盘
1102,13:55:48,3.78,0.0,30,11340,买盘
1103,13:55:57,3.77,-0.01,215,81055,卖盘
1104,13:56:00,3.77,0.0,285,107445,卖盘
1105,13:56:04,3.78,0.01,30,11340,买盘
1106,13:56:06,3.77,-0.01,215,81055,卖盘
1107,13:56:09,3.77,0.0,200,75400,卖盘
1108,13:56:18,3.78,0.01,12,4536,买盘
1109,13:56:21,3.77,-0.01,60,22620,卖盘
1110,13:56:24,3.77,0.0,215,81055,卖盘
1111,13:56:27,3.77,0.0,200,75400,卖盘
1112,13:56:30,3.77,0.0,252,95004,卖盘
1113,13:56:36,3.77,0.0,15,5655,卖盘
1114,13:56:42,3.77,0.0,215,81055,卖盘
1115,13:56:45,3.77,0.0,252,95004,卖盘
1116,13:56:48,3.77,0.0,261,98397,卖盘
1117,13:56:51,3.77,0.0,205,77285,卖盘
1118,13:56:54,3.77,0.0,285,107445,卖盘
1119,13:56:57,3.77,0.0,288,108614,卖盘
1120,13:57:00,3.77,0.0,93,35061,卖盘
1121,13:57:03,3.77,0.0,28,10550,买盘
1122,13:57:10,3.77,0.0,7,2639,买盘
1123,13:57:12,3.77,0.0,157,59189,买盘
1124,13:57:21,3.77,0.0,31,11687,买盘
1125,13:57:24,3.77,0.0,50,18850,买盘
1126,13:57:30,3.77,0.0,311,117058,买盘
1127,13:58:00,3.77,0.0,215,81055,卖盘
1128,13:58:04,3.77,0.0,151,56927,卖盘
1129,13:58:18,3.78,0.01,12,4536,买盘
1130,13:58:27,3.77,-0.01,215,81055,卖盘
1131,13:58:42,3.78,0.01,43,16254,买盘
1132,13:59:00,3.77,-0.01,215,81055,卖盘
1133,13:59:04,3.77,0.0,151,56927,卖盘
1134,13:59:06,3.77,0.0,2,754,卖盘
1135,13:59:42,3.77,0.0,215,81055,卖盘
1136,13:59:45,3.77,0.0,185,69745,卖盘
1137,13:59:48,3.77,0.0,151,56927,卖盘
1138,13:59:51,3.77,0.0,118,44486,卖盘
1139,13:59:54,3.77,0.0,105,39585,卖盘
1140,14:00:04,3.77,0.0,215,81055,卖盘
1141,14:00:06,3.77,0.0,185,69745,卖盘
1142,14:00:09,3.78,0.01,1,378,买盘
1143,14:00:12,3.77,-0.01,185,69745,卖盘
1144,14:00:21,3.77,0.0,108,40916,卖盘
1145,14:00:24,3.76,-0.01,14,5265,卖盘
1146,14:00:33,3.77,0.01,28,10556,买盘
1147,14:00:42,3.77,0.0,4,1508,买盘
1148,14:00:45,3.77,0.0,5,1885,买盘
1149,14:00:54,3.77,0.0,23,8671,买盘
1150,14:01:03,3.77,0.0,20,7540,买盘
1151,14:01:06,3.77,0.0,5,1885,买盘
1152,14:01:10,3.77,0.0,200,75400,买盘
1153,14:01:12,3.77,0.0,22,8294,买盘
1154,14:01:15,3.77,0.0,20,7540,买盘
1155,14:01:19,3.77,0.0,53,19981,买盘
1156,14:01:21,3.77,0.0,60,22620,买盘
1157,14:01:30,3.77,0.0,50,18850,买盘
1158,14:01:33,3.77,0.0,15,5655,买盘
1159,14:01:36,3.77,0.0,50,18850,买盘
1160,14:01:42,3.77,0.0,54,20358,买盘
1161,14:01:48,3.77,0.0,200,75400,买盘
1162,14:01:54,3.77,0.0,208,78416,买盘
1163,14:01:57,3.77,0.0,18,6786,买盘
1164,14:02:07,3.77,0.0,210,79170,买盘
1165,14:02:09,3.77,0.0,29,10744,买盘
1166,14:02:18,3.78,0.01,12,4536,买盘
1167,14:02:39,3.77,-0.01,215,81055,卖盘
1168,14:02:42,3.77,0.0,188,71064,卖盘
1169,14:02:54,3.77,0.0,20,7540,买盘
1170,14:02:57,3.77,0.0,65,24505,买盘
1171,14:03:00,3.77,0.0,50,18850,买盘
1172,14:03:03,3.77,0.0,110,41365,买盘
1173,14:03:06,3.77,0.0,291,109522,买盘
1174,14:03:13,3.77,0.0,39,14703,买盘
1175,14:03:21,3.77,0.0,36,13572,买盘
1176,14:03:27,3.77,0.0,10,3770,买盘
1177,14:03:42,3.76,-0.01,476,178826,卖盘
1178,14:03:45,3.77,0.01,5,1885,买盘
1179,14:03:48,3.77,0.0,5,1885,买盘
1180,14:03:54,3.76,-0.01,151,56776,卖盘
1181,14:04:03,3.77,0.01,100,37700,买盘
1182,14:04:06,3.77,0.0,5,1885,买盘
1183,14:04:15,3.77,0.0,4,1508,买盘
1184,14:04:18,3.77,0.0,12,4524,买盘
1185,14:04:21,3.77,0.0,1,377,买盘
1186,14:04:54,3.77,0.0,5,1885,买盘
1187,14:05:06,3.77,0.0,42,15834,买盘
1188,14:05:12,3.77,0.0,58,21866,买盘
1189,14:06:00,3.77,0.0,58,21866,买盘
1190,14:06:04,3.76,-0.01,1051,395289,卖盘
1191,14:06:15,3.77,0.01,18,6786,买盘
1192,14:06:19,3.77,0.0,10,3770,买盘
1193,14:06:21,3.77,0.0,45,16965,买盘
1194,14:06:24,3.77,0.0,130,49010,买盘
1195,14:06:27,3.77,0.0,8,3016,买盘
1196,14:06:30,3.77,0.0,39,14703,买盘
1197,14:06:33,3.77,0.0,102,38454,买盘
1198,14:06:36,3.77,0.0,6,2450,买盘
1199,14:06:45,3.78,0.01,84,31752,买盘
1200,14:06:48,3.78,0.0,37,13986,买盘
1201,14:07:51,3.78,0.0,88,33264,买盘
1202,14:08:18,3.78,0.0,54,20412,买盘
1203,14:08:21,3.78,0.0,91,34093,买盘
1204,14:08:24,3.78,0.0,60,22680,买盘
1205,14:08:33,3.78,0.0,30,11340,买盘
1206,14:08:36,3.78,0.0,60,22680,买盘
1207,14:08:39,3.78,0.0,35,13230,买盘
1208,14:08:42,3.78,0.0,14,5292,买盘
1209,14:08:48,3.78,0.0,117,44226,买盘
1210,14:08:57,3.78,0.0,24,9072,买盘
1211,14:09:04,3.78,0.0,10,3780,买盘
1212,14:09:06,3.78,0.0,40,15120,买盘
1213,14:09:09,3.78,0.0,367,138726,买盘
1214,14:09:45,3.77,-0.01,1295,488643,卖盘
1215,14:09:51,3.78,0.01,16,6048,卖盘
1216,14:09:54,3.78,0.0,11,4158,买盘
1217,14:10:00,3.78,0.0,18,6804,买盘
1218,14:10:04,3.78,0.0,26,9828,卖盘
1219,14:10:06,3.79,0.01,41,15539,买盘
1220,14:10:18,3.79,0.0,1027,389233,买盘
1221,14:10:21,3.79,0.0,12,4548,买盘
1222,14:10:36,3.79,0.0,115,43585,买盘
1223,14:11:00,3.79,0.0,48,18192,买盘
1224,14:11:12,3.79,0.0,297,112374,买盘
1225,14:11:18,3.79,0.0,14,5306,卖盘
1226,14:11:24,3.79,0.0,50,18950,卖盘
1227,14:11:30,3.79,0.0,150,57040,卖盘
1228,14:11:33,3.79,0.0,36,13454,买盘
1229,14:11:36,3.79,0.0,26,9854,卖盘
1230,14:11:51,3.8,0.01,10,3800,买盘
1231,14:12:21,3.8,0.0,12,4560,买盘
1232,14:12:51,3.79,-0.01,285,108204,卖盘
1233,14:12:55,3.79,0.0,37,14023,买盘
1234,14:13:12,3.79,0.0,24,9096,买盘
1235,14:14:12,3.79,0.0,560,212050,买盘
1236,14:14:21,3.8,0.01,12,4560,买盘
1237,14:14:27,3.8,0.0,20,7600,买盘
1238,14:14:36,3.79,-0.01,100,37900,卖盘
1239,14:14:40,3.79,0.0,89,33731,卖盘
1240,14:14:57,3.79,0.0,30,11370,卖盘
1241,14:15:09,3.8,0.01,1,380,买盘
1242,14:15:18,3.79,-0.01,68,25962,卖盘
1243,14:15:21,3.79,0.0,13,4927,买盘
1244,14:15:27,3.79,0.0,16,6064,买盘
1245,14:15:39,3.79,0.0,8,3032,买盘
1246,14:15:42,3.79,0.0,38,14212,买盘
1247,14:15:45,3.79,0.0,13,4927,卖盘
1248,14:16:21,3.79,0.0,102,38848,卖盘
1249,14:17:18,3.79,0.0,9,3411,买盘
1250,14:17:21,3.79,0.0,33,12507,买盘
1251,14:17:24,3.79,0.0,46,17244,买盘
1252,14:17:27,3.8,0.01,36,13680,买盘
1253,14:17:33,3.8,0.0,8,3040,买盘
1254,14:18:09,3.79,-0.01,30,11370,卖盘
1255,14:18:12,3.79,0.0,100,37900,卖盘
1256,14:18:21,3.8,0.01,12,4560,买盘
1257,14:18:48,3.8,0.0,36,13680,买盘
1258,14:19:21,3.8,0.0,100,38000,买盘
1259,14:20:21,3.8,0.0,12,4560,买盘
1260,14:20:24,3.8,0.0,42,15960,买盘
1261,14:20:42,3.8,0.0,40,15200,买盘
1262,14:20:48,3.79,-0.01,100,37900,卖盘
1263,14:21:21,3.8,0.01,50,19000,买盘
1264,14:21:42,3.8,0.0,36,13680,买盘
1265,14:21:45,3.8,0.0,31,11780,买盘
1266,14:21:48,3.8,0.0,6,2280,买盘
1267,14:22:00,3.8,0.0,105,39900,买盘
1268,14:22:04,3.8,0.0,108,41040,买盘
1269,14:22:21,3.8,0.0,12,4560,买盘
1270,14:22:33,3.8,0.0,7,2660,买盘
1271,14:22:39,3.8,0.0,50,19000,买盘
1272,14:22:54,3.79,-0.01,36,13644,卖盘
1273,14:23:06,3.8,0.01,50,19000,买盘
1274,14:23:24,3.8,0.0,37,14060,买盘
1275,14:23:27,3.8,0.0,5,1900,买盘
1276,14:23:36,3.79,-0.01,9,3411,卖盘
1277,14:23:39,3.8,0.01,100,38000,买盘
1278,14:24:15,3.79,-0.01,26,9854,卖盘
1279,14:24:21,3.8,0.01,12,4560,买盘
1280,14:24:33,3.8,0.0,10,3800,买盘
1281,14:24:39,3.8,0.0,43,16340,买盘
1282,14:25:39,3.8,0.0,38,14440,买盘
1283,14:25:42,3.8,0.0,2,760,买盘
1284,14:26:03,3.8,0.0,41,15580,买盘
1285,14:26:24,3.8,0.0,12,4560,买盘
1286,14:26:51,3.8,0.0,44,16720,买盘
1287,14:27:00,3.8,0.0,36,13680,买盘
1288,14:27:06,3.8,0.0,400,152000,买盘
1289,14:27:12,3.79,-0.01,31,11749,卖盘
1290,14:27:24,3.8,0.01,44,16720,买盘
1291,14:27:33,3.8,0.0,1,380,买盘
1292,14:27:45,3.79,-0.01,20,7580,卖盘
1293,14:28:04,3.8,0.01,40,15200,买盘
1294,14:28:18,3.8,0.0,50,19000,买盘
1295,14:28:21,3.8,0.0,12,4560,买盘
1296,14:28:24,3.79,-0.01,171,64809,卖盘
1297,14:28:30,3.8,0.01,43,16340,买盘
1298,14:28:51,3.8,0.0,49,18620,买盘
1299,14:29:00,3.8,0.0,38,14440,买盘
1300,14:29:06,3.8,0.0,173,65740,买盘
1301,14:29:21,3.8,0.0,500,190000,买盘
1302,14:29:24,3.8,0.0,8,3040,买盘
1303,14:29:33,3.8,0.0,20,7600,买盘
1304,14:29:48,3.8,0.0,100,38000,买盘
1305,14:29:51,3.8,0.0,5,1900,买盘
1306,14:29:54,3.8,0.0,1,380,买盘
1307,14:29:57,3.8,0.0,24,9120,买盘
1308,14:30:00,3.8,0.0,47,17860,买盘
1309,14:30:06,3.8,0.0,163,61940,买盘
1310,14:30:15,3.8,0.0,403,153140,买盘
1311,14:30:21,3.8,0.0,13,4940,买盘
1312,14:30:42,3.8,0.0,12,4560,买盘
1313,14:30:54,3.79,-0.01,1612,610948,卖盘
1314,14:31:00,3.79,0.0,2,758,卖盘
1315,14:31:33,3.8,0.01,20,7600,买盘
1316,14:31:36,3.8,0.0,43,16340,买盘
1317,14:31:42,3.8,0.0,5,1900,买盘
1318,14:31:51,3.8,0.0,50,19000,买盘
1319,14:32:15,3.8,0.0,30,11400,买盘
1320,14:32:24,3.8,0.0,12,4560,买盘
1321,14:32:28,3.8,0.0,200,76000,买盘
1322,14:32:39,3.8,0.0,14,5320,买盘
1323,14:33:00,3.8,0.0,39,14820,买盘
1324,14:33:04,3.8,0.0,51,19380,买盘
1325,14:33:24,3.8,0.0,10,3800,买盘
1326,14:33:48,3.8,0.0,63,23913,买盘
1327,14:33:57,3.8,0.0,50,19000,买盘
1328,14:34:06,3.8,0.0,38,14440,买盘
1329,14:34:21,3.8,0.0,19,7220,买盘
1330,14:34:33,3.8,0.0,2,760,买盘
1331,14:34:42,3.8,0.0,1,380,买盘
1332,14:35:03,3.79,-0.01,2,758,卖盘
1333,14:35:12,3.8,0.01,8,3040,买盘
1334,14:35:15,3.8,0.0,198,75240,买盘
1335,14:35:28,3.8,0.0,62,23560,买盘
1336,14:35:42,3.8,0.0,106,40280,买盘
1337,14:35:54,3.8,0.0,26,9880,买盘
1338,14:36:04,3.8,0.0,40,15200,买盘
1339,14:36:06,3.8,0.0,66,25080,买盘
1340,14:36:18,3.79,-0.01,23,8724,卖盘
1341,14:36:21,3.8,0.01,622,236360,买盘
1342,14:36:27,3.8,0.0,48,18240,买盘
1343,14:36:33,3.8,0.0,5,1900,买盘
1344,14:36:37,3.8,0.0,51,19380,买盘
1345,14:36:42,3.8,0.0,50,19000,买盘
1346,14:37:06,3.8,0.0,20,7600,买盘
1347,14:37:27,3.8,0.0,50,19000,买盘
1348,14:37:31,3.8,0.0,39,14820,买盘
1349,14:37:34,3.8,0.0,22,8360,买盘
1350,14:37:54,3.79,-0.01,3,1137,卖盘
1351,14:37:57,3.8,0.01,60,22800,买盘
1352,14:38:03,3.8,0.0,7,2660,买盘
1353,14:38:12,3.79,-0.01,100,37900,卖盘
1354,14:38:22,3.8,0.01,12,4560,买盘
1355,14:38:30,3.8,0.0,60,22800,买盘
1356,14:38:45,3.8,0.0,103,39140,买盘
1357,14:39:06,3.8,0.0,19,7220,买盘
1358,14:39:09,3.8,0.0,19,7220,买盘
1359,14:39:12,3.8,0.0,54,20520,买盘
1360,14:39:15,3.8,0.0,26,9880,买盘
1361,14:39:21,3.8,0.0,203,77140,买盘
1362,14:39:24,3.8,0.0,8,3040,买盘
1363,14:39:27,3.8,0.0,19,7220,买盘
1364,14:39:36,3.79,-0.01,9,3411,卖盘
1365,14:39:51,3.8,0.01,36,13680,买盘
1366,14:39:54,3.8,0.0,62,23560,买盘
1367,14:40:03,3.8,0.0,500,190000,买盘
1368,14:40:18,3.8,0.0,30,11400,买盘
1369,14:40:21,3.8,0.0,174,66120,买盘
1370,14:40:30,3.8,0.0,348,132240,买盘
1371,14:40:33,3.8,0.0,7,2660,买盘
1372,14:40:51,3.8,0.0,36,13680,买盘
1373,14:40:58,3.8,0.0,48,18240,买盘
1374,14:41:04,3.8,0.0,1977,751260,买盘
1375,14:41:18,3.8,0.0,89,33820,卖盘
1376,14:41:21,3.8,0.0,20,7600,卖盘
1377,14:41:39,3.8,0.0,25,9500,卖盘
1378,14:41:43,3.8,0.0,30,11400,卖盘
1379,14:41:45,3.81,0.01,19,7239,买盘
1380,14:41:48,3.81,0.0,19,7239,买盘
1381,14:41:57,3.81,0.0,14,5334,买盘
1382,14:42:03,3.8,-0.01,225,85500,卖盘
1383,14:42:27,3.8,0.0,16,6080,卖盘
1384,14:43:00,3.8,0.0,100,38000,卖盘
1385,14:43:04,3.81,0.01,10,3810,买盘
1386,14:43:09,3.81,0.0,8,3048,买盘
1387,14:43:12,3.81,0.0,5,1905,买盘
1388,14:43:39,3.81,0.0,1400,533400,买盘
1389,14:43:42,3.81,0.0,20,7620,买盘
1390,14:43:45,3.81,0.0,5,1905,买盘
1391,14:44:09,3.81,0.0,47,17907,买盘
1392,14:44:21,3.81,0.0,18,6858,买盘
1393,14:44:24,3.81,0.0,18,6858,买盘
1394,14:45:00,3.81,0.0,15,5715,买盘
1395,14:45:06,3.8,-0.01,60,22800,卖盘
1396,14:45:36,3.81,0.01,281,107061,买盘
1397,14:45:39,3.8,-0.01,60,22800,卖盘
1398,14:45:51,3.81,0.01,500,190500,买盘
1399,14:46:00,3.81,0.0,48,18288,买盘
1400,14:46:03,3.81,0.0,14,5334,买盘
1401,14:46:09,3.81,0.0,14,5334,买盘
1402,14:46:18,3.81,0.0,35,13335,买盘
1403,14:46:21,3.81,0.0,13,4953,买盘
1404,14:46:24,3.81,0.0,64,24384,买盘
1405,14:46:33,3.81,0.0,4,1524,买盘
1406,14:46:42,3.81,0.0,500,190500,买盘
1407,14:46:57,3.81,0.0,100,38100,买盘
1408,14:47:06,3.81,0.0,50,19050,买盘
1409,14:47:09,3.81,0.0,216,82280,买盘
1410,14:47:18,3.81,0.0,80,30480,买盘
1411,14:47:24,3.81,0.0,30,11430,买盘
1412,14:47:27,3.81,0.0,263,100203,买盘
1413,14:47:30,3.81,0.0,131,49911,买盘
1414,14:47:39,3.81,0.0,284,108204,买盘
1415,14:47:42,3.81,0.0,30,11430,买盘
1416,14:47:48,3.81,0.0,69,26289,买盘
1417,14:47:51,3.81,0.0,30,11430,买盘
1418,14:47:54,3.81,0.0,329,125349,买盘
1419,14:48:00,3.81,0.0,300,114300,买盘
1420,14:48:06,3.81,0.0,130,49530,买盘
1421,14:48:12,3.81,0.0,48,18402,买盘
1422,14:48:25,3.81,0.0,55,20955,卖盘
1423,14:48:42,3.81,0.0,40,15240,卖盘
1424,14:48:48,3.81,0.0,2,762,卖盘
1425,14:48:54,3.81,0.0,402,153162,卖盘
1426,14:49:03,3.81,0.0,120,45720,卖盘
1427,14:49:06,3.82,0.01,85,32470,买盘
1428,14:49:12,3.81,-0.01,43,16383,卖盘
1429,14:49:39,3.82,0.01,70,26740,买盘
1430,14:49:42,3.81,-0.01,26,9906,卖盘
1431,14:50:04,3.81,0.0,1,381,卖盘
1432,14:50:06,3.82,0.01,60,22920,买盘
1433,14:50:09,3.81,-0.01,25,9525,卖盘
1434,14:50:12,3.81,0.0,44,16764,卖盘
1435,14:50:15,3.82,0.01,125,47750,买盘
1436,14:50:24,3.81,-0.01,7,2667,卖盘
1437,14:50:30,3.81,0.0,100,38100,卖盘
1438,14:50:42,3.81,0.0,20,7620,卖盘
1439,14:50:45,3.81,0.0,200,76200,卖盘
1440,14:50:51,3.81,0.0,65,24765,卖盘
1441,14:51:01,3.81,0.0,280,106680,卖盘
1442,14:51:06,3.81,0.0,172,65532,卖盘
1443,14:51:09,3.81,0.0,146,55655,卖盘
1444,14:51:12,3.81,0.0,61,23241,卖盘
1445,14:51:15,3.81,0.0,31,11811,卖盘
1446,14:51:18,3.81,0.0,157,59817,卖盘
1447,14:51:21,3.81,0.0,30,11430,卖盘
1448,14:51:24,3.81,0.0,55,20955,卖盘
1449,14:51:33,3.81,0.0,29,11049,卖盘
1450,14:51:36,3.81,0.0,11,4191,卖盘
1451,14:51:39,3.81,0.0,20,7620,卖盘
1452,14:51:48,3.81,0.0,39,14859,卖盘
1453,14:51:54,3.81,0.0,25,9525,卖盘
1454,14:51:57,3.81,0.0,30,11450,卖盘
1455,14:52:00,3.81,0.0,10,3810,卖盘
1456,14:52:04,3.82,0.01,30,11460,买盘
1457,14:52:09,3.81,-0.01,100,38100,卖盘
1458,14:52:12,3.81,0.0,10,3810,卖盘
1459,14:52:18,3.81,0.0,30,11430,卖盘
1460,14:52:21,3.81,0.0,100,38100,卖盘
1461,14:52:33,3.81,0.0,289,109995,卖盘
1462,14:52:36,3.81,0.0,3,1143,买盘
1463,14:52:39,3.81,0.0,88,33528,买盘
1464,14:52:42,3.81,0.0,6,2286,买盘
1465,14:52:45,3.8,-0.01,1344,510720,卖盘
1466,14:52:48,3.81,0.01,63,24003,买盘
1467,14:52:51,3.81,0.0,25,9525,买盘
1468,14:52:57,3.81,0.0,86,32766,买盘
1469,14:53:18,3.81,0.0,314,119634,买盘
1470,14:53:24,3.81,0.0,30,11430,买盘
1471,14:53:39,3.81,0.0,42,16002,买盘
1472,14:53:42,3.81,0.0,14,5334,买盘
1473,14:53:45,3.81,0.0,80,30480,买盘
1474,14:53:48,3.81,0.0,30,11430,买盘
1475,14:53:54,3.81,0.0,1,381,买盘
1476,14:54:00,3.81,0.0,37,14097,买盘
1477,14:54:12,3.81,0.0,27,10287,买盘
1478,14:54:16,3.8,-0.01,152,57890,卖盘
1479,14:54:21,3.81,0.01,50,19050,买盘
1480,14:54:33,3.81,0.0,60,22860,买盘
1481,14:54:36,3.81,0.0,67,25467,买盘
1482,14:54:39,3.81,0.0,4,1524,买盘
1483,14:54:42,3.81,0.0,39,14859,买盘
1484,14:54:48,3.81,0.0,130,49530,买盘
1485,14:54:57,3.81,0.0,6,2286,买盘
1486,14:55:06,3.81,0.0,17,6477,买盘
1487,14:55:09,3.81,0.0,40,15240,买盘
1488,14:55:12,3.81,0.0,33,12573,买盘
1489,14:55:27,3.8,-0.01,136,51680,卖盘
1490,14:55:30,3.81,0.01,30,11430,买盘
1491,14:55:45,3.8,-0.01,100,38000,卖盘
1492,14:55:48,3.81,0.01,76,28912,买盘
1493,14:55:57,3.8,-0.01,249,94620,卖盘
1494,14:56:09,3.8,0.0,56,21280,卖盘
1495,14:56:21,3.81,0.01,100,38100,买盘
1496,14:56:27,3.81,0.0,165,62825,买盘
1497,14:56:36,3.8,-0.01,24,9130,卖盘
1498,14:56:42,3.81,0.01,5,1905,买盘
1499,14:56:48,3.81,0.0,2,762,买盘
1500,14:56:54,3.81,0.0,48,18288,买盘
1501,14:57:01,3.81,0.0,169,64503,买盘
1502,15:00:04,3.81,0.0,922,351282,卖盘
