,time,price,change,volume,amount,type
0,09:30:07,8.09,-0.05,1,809,买盘
1,09:30:12,8.11,0.02,3,2429,买盘
2,09:30:19,8.12,0.01,1,812,买盘
3,09:30:25,8.14,0.02,115,93606,买盘
4,09:30:31,8.11,-0.03,10,8110,买盘
5,09:30:34,8.11,0.0,1,811,买盘
6,09:31:37,8.09,-0.02,1,809,买盘
7,09:31:40,8.09,0.0,1,809,买盘
8,09:32:04,8.07,-0.02,14,11298,卖盘
9,09:32:07,8.07,0.0,2,1614,买盘
10,09:32:10,8.06,-0.01,1,806,卖盘
11,09:32:13,8.07,0.01,4,3226,买盘
12,09:32:16,8.07,0.0,2,1614,买盘
13,09:32:19,8.07,0.0,10,8070,买盘
14,09:32:28,8.07,0.0,23,18570,卖盘
15,09:32:31,8.09,0.02,72,58125,买盘
16,09:32:33,8.09,0.0,4,3236,卖盘
17,09:32:37,8.1,0.01,3,2430,买盘
18,09:32:43,8.11,0.01,19,15409,买盘
19,09:32:46,8.11,0.0,16,12976,买盘
20,09:32:48,8.11,0.0,40,32430,买盘
21,09:32:52,8.11,0.0,2,1622,卖盘
22,09:32:55,8.12,0.01,2,1624,买盘
23,09:33:04,8.16,0.04,1,816,买盘
24,09:33:07,8.16,0.0,1,816,买盘
25,09:33:10,8.16,0.0,1,816,买盘
26,09:33:13,8.16,0.0,1,816,中性盘
27,09:33:22,8.16,0.0,1,816,中性盘
28,09:33:34,8.16,0.0,1,816,中性盘
29,09:34:16,8.13,-0.03,11,8943,买盘
30,09:34:19,8.13,0.0,3,2439,买盘
31,09:34:28,8.13,0.0,1,813,买盘
32,09:34:31,8.13,0.0,2,1626,买盘
33,09:34:36,8.14,0.01,11,8952,买盘
34,09:34:48,8.14,0.0,5,4070,买盘
35,09:34:58,8.14,0.0,1,814,买盘
36,09:35:06,8.14,0.0,2,1628,买盘
37,09:35:10,8.14,0.0,3,2442,买盘
38,09:35:13,8.15,0.01,5,4075,买盘
39,09:35:16,8.15,0.0,3,2445,买盘
40,09:35:19,8.15,0.0,3,2445,买盘
41,09:35:22,8.16,0.01,23,18751,买盘
42,09:35:28,8.17,0.01,15,12241,买盘
43,09:35:37,8.18,0.01,43,35145,买盘
44,09:35:43,8.18,0.0,2,1636,买盘
45,09:35:46,8.16,-0.02,27,22054,卖盘
46,09:35:49,8.16,0.0,2,1634,卖盘
47,09:35:58,8.18,0.02,1,818,买盘
48,09:36:04,8.18,0.0,1,818,买盘
49,09:36:10,8.18,0.0,15,12270,买盘
50,09:36:13,8.18,0.0,1,818,买盘
51,09:36:19,8.17,-0.01,2,1635,卖盘
52,09:36:55,8.16,-0.01,13,10608,卖盘
53,09:37:01,8.15,-0.01,22,17940,卖盘
54,09:37:04,8.14,-0.01,8,6512,卖盘
55,09:37:06,8.14,0.0,58,47212,卖盘
56,09:37:10,8.15,0.01,8,6518,买盘
57,09:37:19,8.14,-0.01,1,814,买盘
58,09:37:27,8.14,0.0,2,1628,买盘
59,09:37:34,8.14,0.0,5,4070,卖盘
60,09:37:37,8.15,0.01,19,15485,买盘
61,09:37:46,8.15,0.0,8,6520,买盘
62,09:37:49,8.15,0.0,10,8150,买盘
63,09:37:51,8.15,0.0,1,815,买盘
64,09:37:58,8.15,0.0,2,1630,买盘
65,09:38:06,8.15,0.0,1,815,买盘
66,09:38:09,8.14,-0.01,1,814,卖盘
67,09:38:13,8.14,0.0,5,4070,卖盘
68,09:38:19,8.14,0.0,7,5698,买盘
69,09:38:27,8.14,0.0,7,5696,买盘
70,09:38:37,8.14,0.0,3,2442,买盘
71,09:38:43,8.14,0.0,4,3256,买盘
72,09:38:46,8.14,0.0,2,1628,卖盘
73,09:38:49,8.15,0.01,12,9780,买盘
74,09:38:54,8.14,-0.01,57,46433,卖盘
75,09:38:58,8.16,0.02,2,1632,买盘
76,09:39:07,8.16,0.0,1,816,买盘
77,09:39:13,8.15,-0.01,1,815,卖盘
78,09:39:19,8.15,0.0,2,1630,买盘
79,09:39:22,8.15,0.0,6,4890,买盘
80,09:39:25,8.15,0.0,2,1630,买盘
81,09:39:28,8.15,0.0,24,19560,买盘
82,09:39:31,8.15,0.0,2,1630,买盘
83,09:39:34,8.15,0.0,12,9780,买盘
84,09:39:37,8.15,0.0,70,57050,卖盘
85,09:39:40,8.17,0.02,6,4901,买盘
86,09:40:10,8.17,0.0,48,39216,买盘
87,09:40:19,8.17,0.0,25,20425,买盘
88,09:40:22,8.17,0.0,5,4085,买盘
89,09:40:27,8.17,0.0,9,7353,买盘
90,09:40:40,8.17,0.0,5,4085,买盘
91,09:40:49,8.17,0.0,21,17157,买盘
92,09:40:58,8.18,0.01,38,31084,买盘
93,09:41:00,8.17,-0.01,15,12598,卖盘
94,09:41:04,8.17,0.0,1,474,卖盘
95,09:41:16,8.18,0.01,15,12270,买盘
96,09:41:19,8.17,-0.01,20,16340,卖盘
97,09:41:21,8.18,0.01,30,24540,买盘
98,09:41:25,8.17,-0.01,1,817,卖盘
99,09:41:28,8.18,0.01,3,2454,买盘
100,09:41:37,8.17,-0.01,51,41667,卖盘
101,09:41:40,8.17,0.0,3,2451,卖盘
102,09:41:55,8.17,0.0,11,8987,卖盘
103,09:42:01,8.17,0.0,11,8987,卖盘
104,09:42:04,8.17,0.0,1,817,卖盘
105,09:42:13,8.17,0.0,10,8170,卖盘
106,09:42:16,8.17,0.0,2,1634,卖盘
107,09:42:25,8.18,0.01,10,8180,买盘
108,09:42:34,8.18,0.0,2,1636,买盘
109,09:42:40,8.17,-0.01,25,20425,卖盘
110,09:42:52,8.18,0.01,2,1636,买盘
111,09:42:58,8.18,0.0,3,2454,买盘
112,09:43:16,8.17,-0.01,1,817,卖盘
113,09:43:19,8.17,0.0,55,44935,卖盘
114,09:43:33,8.17,0.0,55,44935,卖盘
115,09:43:36,8.17,0.0,1,817,卖盘
116,09:43:58,8.16,-0.01,2,1632,卖盘
117,09:44:06,8.17,0.01,1,817,买盘
118,09:44:22,8.15,-0.02,19,15485,卖盘
119,09:45:01,8.17,0.02,21,17157,买盘
120,09:45:13,8.17,0.0,2,1634,买盘
121,09:45:31,8.15,-0.02,1,815,卖盘
122,09:45:33,8.17,0.02,2,1634,买盘
123,09:45:57,8.15,-0.02,1,815,卖盘
124,09:46:10,8.15,0.0,4,3260,卖盘
125,09:46:16,8.15,0.0,8,6520,卖盘
126,09:46:22,8.15,0.0,12,9780,卖盘
127,09:46:28,8.12,-0.03,3,2436,卖盘
128,09:46:54,8.15,0.03,1,815,买盘
129,09:47:01,8.12,-0.03,8,6496,卖盘
130,09:47:04,8.14,0.02,1,814,买盘
131,09:47:12,8.13,-0.01,2,1625,买盘
132,09:47:34,8.12,-0.01,5,4060,卖盘
133,09:47:57,8.12,0.0,28,22736,卖盘
134,09:48:04,8.12,0.0,74,60088,买盘
135,09:48:07,8.12,0.0,4,3248,卖盘
136,09:48:22,8.12,0.0,14,11482,卖盘
137,09:48:37,8.14,0.02,3,2326,买盘
138,09:48:46,8.14,0.0,1,814,中性盘
139,09:48:58,8.16,0.02,6,4894,买盘
140,09:49:04,8.16,0.0,5,4080,买盘
141,09:49:09,8.17,0.01,25,20415,买盘
142,09:49:12,8.16,-0.01,8,6533,中性盘
143,09:49:34,8.17,0.01,6,4899,买盘
144,09:49:37,8.15,-0.02,2,1630,中性盘
145,09:49:43,8.16,0.01,50,40800,卖盘
146,09:50:04,8.17,0.01,20,16340,买盘
147,09:50:07,8.17,0.0,2,1634,买盘
148,09:50:12,8.16,-0.01,2,1632,买盘
149,09:50:16,8.18,0.02,5,4088,买盘
150,09:50:19,8.18,0.0,5,4090,买盘
151,09:50:22,8.18,0.0,16,13088,买盘
152,09:50:25,8.18,0.0,5,4090,买盘
153,09:50:37,8.17,-0.01,4,3268,卖盘
154,09:50:43,8.17,0.0,22,17974,买盘
155,09:50:45,8.23,0.06,86,70359,买盘
156,09:50:52,8.22,-0.01,16,13152,买盘
157,09:50:55,8.23,0.01,10,8222,买盘
158,09:51:34,8.18,-0.05,1,818,卖盘
159,09:51:37,8.2,0.02,1,820,买盘
160,09:51:49,8.2,0.0,7,5739,买盘
161,09:51:58,8.17,-0.03,1,817,卖盘
162,09:52:16,8.17,0.0,1,817,卖盘
163,09:52:22,8.18,0.01,3,2454,买盘
164,09:52:27,8.18,0.0,3,2454,卖盘
165,09:52:46,8.19,0.01,16,13104,买盘
166,09:52:49,8.17,-0.02,6,4902,卖盘
167,09:52:55,8.17,0.0,5,4085,买盘
168,09:52:57,8.17,0.0,129,105393,买盘
169,09:53:07,8.19,0.02,2,1638,买盘
170,09:53:45,8.18,-0.01,2,1636,买盘
171,09:54:00,8.19,0.01,10,8190,买盘
172,09:54:04,8.19,0.0,5,4095,买盘
173,09:54:06,8.19,0.0,10,8190,买盘
174,09:54:16,8.19,0.0,10,8190,买盘
175,09:54:18,8.19,0.0,7,5731,买盘
176,09:54:22,8.19,0.0,10,8190,买盘
177,09:54:37,8.19,0.0,1,819,买盘
178,09:54:52,8.19,0.0,5,4095,买盘
179,09:54:58,8.19,0.0,117,95823,买盘
180,09:55:22,8.19,0.0,1,819,买盘
181,09:55:37,8.18,-0.01,1,818,卖盘
182,09:55:55,8.19,0.01,16,13104,买盘
183,09:55:58,8.19,0.0,5,4095,买盘
184,09:56:01,8.19,0.0,16,13104,买盘
185,09:56:04,8.19,0.0,8,6552,买盘
186,09:56:06,8.19,0.0,2,1638,买盘
187,09:56:16,8.19,0.0,5,4095,买盘
188,09:56:22,8.19,0.0,16,13104,买盘
189,09:56:27,8.19,0.0,1,819,买盘
190,09:56:42,8.19,0.0,50,40950,买盘
191,09:56:55,8.2,0.01,5,4100,买盘
192,09:56:58,8.2,0.0,19,15579,买盘
193,09:57:01,8.2,0.0,5,4100,买盘
194,09:57:04,8.2,0.0,16,13120,买盘
195,09:57:13,8.2,0.0,24,19680,买盘
196,09:57:30,8.2,0.0,27,22140,买盘
197,09:57:37,8.2,0.0,5,4100,买盘
198,09:58:10,8.2,0.0,13,10660,卖盘
199,09:59:07,8.2,0.0,2,1640,买盘
200,09:59:15,8.2,0.0,5,4100,买盘
201,09:59:19,8.2,0.0,16,13120,买盘
202,09:59:28,8.2,0.0,1,820,买盘
203,09:59:31,8.2,0.0,16,13120,买盘
204,09:59:46,8.18,-0.02,1,818,卖盘
205,09:59:58,8.19,0.01,3,2457,买盘
206,10:00:04,8.18,-0.01,10,8180,卖盘
207,10:00:07,8.19,0.01,37,30303,买盘
208,10:00:10,8.18,-0.01,8,6551,卖盘
209,10:00:13,8.19,0.01,43,35217,买盘
210,10:00:19,8.19,0.0,4,3276,买盘
211,10:00:36,8.19,0.0,1,819,买盘
212,10:01:10,8.18,-0.01,10,8180,卖盘
213,10:01:13,8.19,0.01,6,4914,买盘
214,10:01:16,8.18,-0.01,11,8998,卖盘
215,10:01:19,8.19,0.01,20,16380,买盘
216,10:01:28,8.18,-0.01,42,34391,卖盘
217,10:01:34,8.18,0.0,29,23722,卖盘
218,10:02:07,8.18,0.0,5,4090,买盘
219,10:02:31,8.19,0.01,62,50758,买盘
220,10:02:37,8.17,-0.02,30,24524,卖盘
221,10:02:43,8.19,0.02,16,13104,买盘
222,10:03:01,8.19,0.0,30,24570,买盘
223,10:03:16,8.19,0.0,5,4095,买盘
224,10:03:28,8.18,-0.01,1,818,买盘
225,10:03:37,8.19,0.01,1,819,买盘
226,10:03:40,8.19,0.0,21,17199,买盘
227,10:03:46,8.18,-0.01,4,3275,卖盘
228,10:03:49,8.19,0.01,5,4095,买盘
229,10:03:55,8.18,-0.01,3,2454,卖盘
230,10:03:58,8.18,0.0,5,4090,买盘
231,10:04:01,8.18,0.0,1,818,买盘
232,10:04:07,8.18,0.0,1,818,买盘
233,10:04:22,8.18,0.0,11,8998,买盘
234,10:04:49,8.19,0.01,5,4095,买盘
235,10:05:07,8.19,0.0,2,1638,买盘
236,10:05:18,8.19,0.0,4,3276,买盘
237,10:05:25,8.19,0.0,4,3276,买盘
238,10:05:28,8.19,0.0,32,26208,买盘
239,10:05:34,8.19,0.0,2,1638,买盘
240,10:05:43,8.19,0.0,1,819,买盘
241,10:05:46,8.19,0.0,6,4914,买盘
242,10:05:49,8.19,0.0,1,819,买盘
243,10:05:58,8.19,0.0,5,4095,买盘
244,10:06:01,8.19,0.0,1,819,买盘
245,10:06:37,8.18,-0.01,56,45812,卖盘
246,10:06:39,8.18,0.0,81,66258,买盘
247,10:06:43,8.18,0.0,6,4908,中性盘
248,10:06:49,8.2,0.02,20,16392,买盘
249,10:07:13,8.2,0.0,16,13120,买盘
250,10:07:16,8.19,-0.01,6,4919,卖盘
251,10:07:25,8.2,0.01,33,27060,买盘
252,10:07:39,8.2,0.0,17,13940,买盘
253,10:07:45,8.2,0.0,5,4100,买盘
254,10:07:49,8.2,0.0,21,17220,买盘
255,10:07:52,8.2,0.0,21,17220,买盘
256,10:07:55,8.2,0.0,6,4920,买盘
257,10:08:01,8.2,0.0,2,1640,买盘
258,10:08:04,8.21,0.01,90,73815,买盘
259,10:08:07,8.21,0.0,1,821,买盘
260,10:08:16,8.21,0.0,5,4105,买盘
261,10:08:33,8.21,0.0,5,4103,买盘
262,10:08:36,8.21,0.0,6,4926,买盘
263,10:09:16,8.19,-0.02,20,16380,卖盘
264,10:09:37,8.2,0.01,3,2459,买盘
265,10:10:10,8.2,0.0,4,3280,买盘
266,10:10:16,8.2,0.0,29,23780,买盘
267,10:10:22,8.21,0.01,3,2463,买盘
268,10:10:25,8.21,0.0,4,3284,买盘
269,10:10:28,8.21,0.0,1,821,买盘
270,10:10:46,8.2,-0.01,10,8200,卖盘
271,10:10:49,8.21,0.01,10,8210,买盘
272,10:10:58,8.21,0.0,2,1642,买盘
273,10:11:01,8.2,-0.01,44,36084,卖盘
274,10:11:06,8.2,0.0,5,4100,买盘
275,10:11:10,8.2,0.0,1,820,买盘
276,10:11:16,8.18,-0.02,10,8183,卖盘
277,10:11:25,8.2,0.02,4,3280,买盘
278,10:11:39,8.2,0.0,24,19680,买盘
279,10:11:42,8.2,0.0,2,1640,买盘
280,10:11:46,8.2,0.0,6,4920,买盘
281,10:11:52,8.2,0.0,5,4100,买盘
282,10:11:58,8.2,0.0,20,16400,买盘
283,10:12:01,8.2,0.0,4,3280,买盘
284,10:12:16,8.2,0.0,4,3280,买盘
285,10:12:28,8.2,0.0,5,4100,买盘
286,10:12:34,8.2,0.0,2,1640,买盘
287,10:12:39,8.2,0.0,2,1640,买盘
288,10:12:46,8.2,0.0,5,4100,买盘
289,10:12:52,8.2,0.0,1,820,买盘
290,10:12:55,8.2,0.0,2,1640,买盘
291,10:13:00,8.2,0.0,1,820,买盘
292,10:13:07,8.2,0.0,1,820,买盘
293,10:13:13,8.2,0.0,1,820,买盘
294,10:13:16,8.19,-0.01,1,819,卖盘
295,10:13:48,8.2,0.01,29,23780,买盘
296,10:13:52,8.2,0.0,21,17220,买盘
297,10:14:01,8.2,0.0,40,32800,买盘
298,10:14:06,8.2,0.0,16,13120,买盘
299,10:14:46,8.2,0.0,24,19680,买盘
300,10:15:01,8.2,0.0,10,8200,买盘
301,10:15:04,8.2,0.0,16,13120,买盘
302,10:15:06,8.2,0.0,5,4100,买盘
303,10:15:16,8.2,0.0,44,36080,买盘
304,10:15:19,8.2,0.0,3,2460,买盘
305,10:15:25,8.2,0.0,5,4100,买盘
306,10:15:31,8.19,-0.01,47,38493,卖盘
307,10:15:34,8.19,0.0,2,1638,买盘
308,10:15:40,8.19,0.0,5,4095,买盘
309,10:15:45,8.19,0.0,2,1638,买盘
310,10:15:57,8.18,-0.01,2,1636,卖盘
311,10:16:10,8.18,0.0,90,73620,卖盘
312,10:16:28,8.18,0.0,15,12270,买盘
313,10:16:55,8.18,0.0,5,4090,买盘
314,10:17:06,8.17,-0.01,118,96406,卖盘
315,10:17:19,8.18,0.01,4,3272,买盘
316,10:17:28,8.17,-0.01,2,1634,卖盘
317,10:17:40,8.16,-0.01,37,30192,卖盘
318,10:17:46,8.16,0.0,5,4080,买盘
319,10:17:49,8.15,-0.01,1,815,卖盘
320,10:18:01,8.15,0.0,1,815,卖盘
321,10:18:10,8.15,0.0,7,5705,卖盘
322,10:18:25,8.15,0.0,4,3260,卖盘
323,10:18:28,8.15,0.0,4,3260,卖盘
324,10:18:40,8.15,0.0,20,16300,卖盘
325,10:18:43,8.15,0.0,5,4075,买盘
326,10:18:46,8.15,0.0,6,4890,买盘
327,10:18:52,8.14,-0.01,10,8140,卖盘
328,10:18:55,8.15,0.01,4,3260,买盘
329,10:19:00,8.15,0.0,1,815,买盘
330,10:19:04,8.15,0.0,39,31785,买盘
331,10:19:10,8.15,0.0,6,4890,买盘
332,10:19:15,8.15,0.0,17,13859,买盘
333,10:19:25,8.16,0.01,9,7344,买盘
334,10:19:36,8.16,0.0,2,1632,买盘
335,10:19:42,8.16,0.0,2,1632,卖盘
336,10:19:49,8.16,0.0,8,6528,卖盘
337,10:19:52,8.16,0.0,10,8160,卖盘
338,10:20:10,8.16,0.0,2,1632,卖盘
339,10:20:16,8.17,0.01,19,15523,买盘
340,10:20:34,8.17,0.0,7,5719,买盘
341,10:20:57,8.17,0.0,16,13072,买盘
342,10:21:16,8.16,-0.01,2,1632,卖盘
343,10:21:21,8.17,0.01,6,4902,买盘
344,10:21:25,8.17,0.0,26,21242,买盘
345,10:21:31,8.17,0.0,6,4902,买盘
346,10:21:37,8.17,0.0,9,7353,买盘
347,10:21:40,8.17,0.0,7,5719,买盘
348,10:21:55,8.17,0.0,6,4902,买盘
349,10:21:58,8.17,0.0,7,5719,买盘
350,10:22:10,8.17,0.0,7,5719,买盘
351,10:22:16,8.17,0.0,22,17974,买盘
352,10:22:18,8.17,0.0,9,7353,买盘
353,10:22:22,8.17,0.0,7,5719,买盘
354,10:22:36,8.16,-0.01,31,25296,卖盘
355,10:22:43,8.16,0.0,6,4896,买盘
356,10:22:49,8.16,0.0,4,3264,买盘
357,10:22:55,8.16,0.0,3,2448,买盘
358,10:23:30,8.15,-0.01,1,815,卖盘
359,10:23:33,8.15,0.0,10,8150,卖盘
360,10:23:37,8.16,0.01,2,1632,买盘
361,10:23:40,8.15,-0.01,6,4890,卖盘
362,10:24:07,8.14,-0.01,1,814,卖盘
363,10:24:25,8.15,0.01,14,11410,买盘
364,10:25:07,8.15,0.0,1,815,卖盘
365,10:25:16,8.15,0.0,1,815,卖盘
366,10:25:37,8.15,0.0,1,815,卖盘
367,10:25:45,8.15,0.0,18,14670,卖盘
368,10:26:04,8.15,0.0,3,2445,买盘
369,10:26:22,8.15,0.0,4,3260,买盘
370,10:27:22,8.14,-0.01,4,3256,卖盘
371,10:27:25,8.15,0.01,16,13040,买盘
372,10:27:55,8.15,0.0,2,1630,买盘
373,10:28:07,8.15,0.0,5,4075,买盘
374,10:28:30,8.14,-0.01,116,94424,卖盘
375,10:28:43,8.15,0.01,52,42380,买盘
376,10:29:06,8.15,0.0,2,1630,卖盘
377,10:29:22,8.16,0.01,1,816,买盘
378,10:29:28,8.16,0.0,38,31008,买盘
379,10:29:58,8.17,0.01,4,3268,买盘
380,10:30:04,8.16,-0.01,1,816,卖盘
381,10:30:13,8.17,0.01,68,55556,买盘
382,10:30:16,8.17,0.0,5,4085,买盘
383,10:30:19,8.17,0.0,7,5719,买盘
384,10:30:22,8.17,0.0,17,13889,买盘
385,10:30:28,8.19,0.02,16,13104,买盘
386,10:30:33,8.19,0.0,2,1638,买盘
387,10:30:39,8.19,0.0,6,4914,买盘
388,10:30:52,8.19,0.0,2,1638,买盘
389,10:30:57,8.19,0.0,52,42587,买盘
390,10:31:06,8.19,0.0,8,6558,卖盘
391,10:31:19,8.18,-0.01,6,4908,买盘
392,10:31:43,8.18,0.0,60,49080,买盘
393,10:32:12,8.17,-0.01,37,30229,卖盘
394,10:32:22,8.17,0.0,1,817,买盘
395,10:32:28,8.17,0.0,11,8987,买盘
396,10:32:31,8.16,-0.01,20,16320,卖盘
397,10:32:36,8.16,0.0,1,816,买盘
398,10:33:06,8.16,0.0,93,75888,买盘
399,10:33:18,8.16,0.0,1,816,卖盘
400,10:33:34,8.17,0.01,4,3268,买盘
401,10:33:55,8.17,0.0,2,1634,买盘
402,10:34:01,8.17,0.0,40,32680,买盘
403,10:34:07,8.17,0.0,2,1634,卖盘
404,10:34:12,8.17,0.0,7,5719,卖盘
405,10:34:46,8.17,0.0,21,17153,买盘
406,10:35:07,8.17,0.0,1,817,卖盘
407,10:35:10,8.17,0.0,16,13072,卖盘
408,10:35:16,8.16,-0.01,107,87321,卖盘
409,10:35:25,8.18,0.02,2,1636,买盘
410,10:35:31,8.18,0.0,48,39264,买盘
411,10:35:40,8.15,-0.03,1,815,卖盘
412,10:36:04,8.17,0.02,2,1634,买盘
413,10:36:07,8.17,0.0,1,817,卖盘
414,10:36:13,8.15,-0.02,10,8150,卖盘
415,10:36:16,8.17,0.02,49,40033,买盘
416,10:36:22,8.15,-0.02,48,39120,卖盘
417,10:36:46,8.16,0.01,1,816,买盘
418,10:36:54,8.16,0.0,3,2448,卖盘
419,10:36:58,8.16,0.0,16,13056,买盘
420,10:37:00,8.17,0.01,35,28591,买盘
421,10:37:10,8.17,0.0,128,104576,买盘
422,10:37:16,8.17,0.0,1,817,卖盘
423,10:37:19,8.17,0.0,1,817,卖盘
424,10:37:24,8.18,0.01,7,5722,买盘
425,10:37:37,8.17,-0.01,2,1634,卖盘
426,10:37:43,8.18,0.01,20,16360,买盘
427,10:37:52,8.18,0.0,3,2454,买盘
428,10:38:07,8.18,0.0,4,3272,买盘
429,10:38:19,8.17,-0.01,150,122550,卖盘
430,10:38:25,8.18,0.01,2,1636,买盘
431,10:38:42,8.18,0.0,4,3272,买盘
432,10:38:49,8.17,-0.01,9,7353,卖盘
433,10:38:52,8.17,0.0,5,4085,买盘
434,10:39:28,8.17,0.0,3,2451,买盘
435,10:39:39,8.16,-0.01,5,4080,卖盘
436,10:39:45,8.16,0.0,10,8160,买盘
437,10:39:55,8.15,-0.01,56,45640,卖盘
438,10:40:01,8.15,0.0,1,815,买盘
439,10:40:03,8.15,0.0,4,3260,买盘
440,10:40:07,8.15,0.0,1,815,买盘
441,10:40:24,8.15,0.0,1,815,买盘
442,10:40:31,8.14,-0.01,2,1628,卖盘
443,10:40:46,8.15,0.01,1,815,买盘
444,10:40:49,8.15,0.0,22,17930,买盘
445,10:40:52,8.15,0.0,5,4075,买盘
446,10:41:01,8.15,0.0,5,4075,买盘
447,10:41:24,8.15,0.0,3,2445,买盘
448,10:41:43,8.14,-0.01,1,814,卖盘
449,10:42:07,8.14,0.0,1,814,卖盘
450,10:42:10,8.14,0.0,1,814,卖盘
451,10:42:22,8.15,0.01,39,31785,买盘
452,10:42:24,8.15,0.0,1,815,买盘
453,10:42:28,8.15,0.0,4,3260,买盘
454,10:42:31,8.15,0.0,3,2445,买盘
455,10:42:58,8.14,-0.01,1,814,卖盘
456,10:43:10,8.15,0.01,35,28525,买盘
457,10:43:16,8.14,-0.01,1,814,卖盘
458,10:43:22,8.15,0.01,1,815,买盘
459,10:43:28,8.15,0.0,1,815,买盘
460,10:43:48,8.15,0.0,11,8965,买盘
461,10:44:07,8.15,0.0,2,1630,卖盘
462,10:44:22,8.16,0.01,5,4080,买盘
463,10:44:25,8.16,0.0,1,816,买盘
464,10:44:33,8.16,0.0,41,33456,买盘
465,10:44:48,8.15,-0.01,3,2445,卖盘
466,10:45:10,8.15,0.0,32,26080,卖盘
467,10:45:19,8.15,0.0,42,34230,买盘
468,10:45:25,8.15,0.0,1,815,买盘
469,10:45:46,8.15,0.0,20,16300,买盘
470,10:45:49,8.15,0.0,1,815,卖盘
471,10:46:04,8.16,0.01,6,4896,买盘
472,10:46:06,8.16,0.0,5,4079,买盘
473,10:46:24,8.15,-0.01,9,7335,卖盘
474,10:46:31,8.15,0.0,2,1630,买盘
475,10:47:10,8.15,0.0,1,815,买盘
476,10:47:24,8.15,0.0,6,4890,买盘
477,10:47:52,8.16,0.01,5,4080,买盘
478,10:48:04,8.15,-0.01,23,18745,卖盘
479,10:48:09,8.14,-0.01,198,161172,卖盘
480,10:48:37,8.14,0.0,3,2442,买盘
481,10:48:58,8.14,0.0,1,814,卖盘
482,10:49:04,8.14,0.0,1,814,卖盘
483,10:49:07,8.14,0.0,4,3256,卖盘
484,10:49:09,8.15,0.01,1,815,买盘
485,10:49:40,8.15,0.0,4,3260,买盘
486,10:49:55,8.15,0.0,10,8150,买盘
487,10:49:58,8.15,0.0,10,8150,买盘
488,10:50:13,8.15,0.0,1,815,买盘
489,10:50:15,8.14,-0.01,1,814,卖盘
490,10:50:37,8.15,0.01,35,28525,买盘
491,10:50:40,8.16,0.01,29,23649,买盘
492,10:51:13,8.16,0.0,1,816,买盘
493,10:51:22,8.16,0.0,17,13872,买盘
494,10:51:24,8.16,0.0,1,816,卖盘
495,10:51:31,8.16,0.0,2,1632,卖盘
496,10:51:34,8.17,0.01,5,4085,买盘
497,10:52:04,8.17,0.0,42,34314,买盘
498,10:52:12,8.17,0.0,1,817,买盘
499,10:52:52,8.17,0.0,44,35948,买盘
500,10:53:07,8.17,0.0,6,4902,卖盘
501,10:53:13,8.17,0.0,1,817,买盘
502,10:53:16,8.17,0.0,4,3268,买盘
503,10:53:33,8.17,0.0,6,4902,买盘
504,10:53:46,8.18,0.01,5,4090,买盘
505,10:54:01,8.18,0.0,16,13088,买盘
506,10:54:04,8.18,0.0,8,6544,买盘
507,10:54:07,8.18,0.0,1,818,买盘
508,10:54:13,8.18,0.0,11,8998,买盘
509,10:54:18,8.19,0.01,8,6552,买盘
510,10:54:40,8.18,-0.01,1,818,卖盘
511,10:54:55,8.19,0.01,8,6552,买盘
512,10:54:58,8.18,-0.01,1,818,卖盘
513,10:55:07,8.19,0.01,7,5732,买盘
514,10:55:10,8.19,0.0,7,5733,买盘
515,10:55:28,8.18,-0.01,1,818,卖盘
516,10:55:40,8.19,0.01,1,819,买盘
517,10:56:09,8.19,0.0,1,819,买盘
518,10:56:33,8.19,0.0,18,14742,买盘
519,10:56:52,8.19,0.0,5,4095,买盘
520,10:57:06,8.19,0.0,2,1638,买盘
521,10:57:09,8.18,-0.01,2,1637,卖盘
522,10:57:16,8.19,0.01,19,15561,买盘
523,10:57:33,8.19,0.0,4,3276,买盘
524,10:57:40,8.19,0.0,8,6552,买盘
525,10:58:10,8.19,0.0,1,819,买盘
526,10:58:15,8.19,0.0,2,1638,买盘
527,10:58:30,8.18,-0.01,10,8180,卖盘
528,10:58:36,8.18,0.0,1,818,买盘
529,10:58:49,8.18,0.0,39,31902,买盘
530,10:58:52,8.18,0.0,8,6544,买盘
531,10:59:06,8.15,-0.03,2,1630,卖盘
532,10:59:09,8.18,0.03,1,818,买盘
533,10:59:15,8.17,-0.01,1,817,买盘
534,10:59:19,8.17,0.0,2,1634,中性盘
535,10:59:30,8.15,-0.02,1,815,卖盘
536,10:59:33,8.18,0.03,4,3272,买盘
537,10:59:43,8.15,-0.03,1,815,卖盘
538,10:59:48,8.15,0.0,2,1630,卖盘
539,10:59:52,8.18,0.03,1,818,买盘
540,10:59:55,8.18,0.0,7,5726,买盘
541,11:00:01,8.18,0.0,6,4899,买盘
542,11:00:04,8.18,0.0,7,5726,买盘
543,11:00:06,8.18,0.0,40,32720,买盘
544,11:00:10,8.19,0.01,2,1638,买盘
545,11:00:16,8.19,0.0,8,6552,买盘
546,11:00:52,8.19,0.0,12,9828,买盘
547,11:00:58,8.19,0.0,23,18837,卖盘
548,11:01:12,8.19,0.0,1,819,卖盘
549,11:01:22,8.19,0.0,5,4095,卖盘
550,11:01:28,8.2,0.01,70,57400,买盘
551,11:01:34,8.2,0.0,13,10660,买盘
552,11:01:39,8.21,0.01,1,821,买盘
553,11:01:45,8.21,0.0,8,6568,买盘
554,11:01:55,8.21,0.0,9,7389,买盘
555,11:02:09,8.21,0.0,7,5747,买盘
556,11:02:13,8.2,-0.01,1,820,卖盘
557,11:02:16,8.21,0.01,3,2463,买盘
558,11:02:19,8.21,0.0,42,34482,买盘
559,11:02:31,8.2,-0.01,25,20504,卖盘
560,11:02:37,8.2,0.0,3,2458,买盘
561,11:02:39,8.19,-0.01,1,819,卖盘
562,11:02:49,8.19,0.0,1,819,买盘
563,11:02:52,8.19,0.0,1,819,买盘
564,11:03:07,8.2,0.01,42,34440,买盘
565,11:03:10,8.2,0.0,6,4919,买盘
566,11:03:31,8.2,0.0,3,2460,买盘
567,11:03:37,8.2,0.0,1,820,买盘
568,11:03:49,8.2,0.0,9,7380,买盘
569,11:03:55,8.2,0.0,1,820,买盘
570,11:04:10,8.2,0.0,5,4100,买盘
571,11:04:18,8.2,0.0,9,7380,买盘
572,11:04:37,8.2,0.0,3,2460,买盘
573,11:04:55,8.2,0.0,1,820,买盘
574,11:05:19,8.2,0.0,6,4920,买盘
575,11:05:37,8.19,-0.01,1,819,买盘
576,11:05:52,8.2,0.01,4,3280,买盘
577,11:05:55,8.2,0.0,29,23780,买盘
578,11:06:10,8.2,0.0,1,820,买盘
579,11:06:22,8.19,-0.01,1,819,买盘
580,11:06:30,8.18,-0.01,1,818,卖盘
581,11:06:37,8.18,0.0,2,1638,卖盘
582,11:06:40,8.2,0.02,1,820,买盘
583,11:07:13,8.19,-0.01,1,819,买盘
584,11:07:34,8.2,0.01,37,30340,买盘
585,11:07:40,8.2,0.0,3,2459,买盘
586,11:07:43,8.2,0.0,1,820,买盘
587,11:07:51,8.2,0.0,1,820,买盘
588,11:07:54,8.2,0.0,5,4100,买盘
589,11:08:04,8.19,-0.01,1,819,买盘
590,11:08:16,8.2,0.01,1,820,买盘
591,11:08:19,8.18,-0.02,1,818,卖盘
592,11:08:52,8.2,0.02,1,820,买盘
593,11:09:09,8.2,0.0,6,4920,买盘
594,11:09:19,8.18,-0.02,1,818,卖盘
595,11:09:22,8.18,0.0,1,818,卖盘
596,11:09:39,8.2,0.02,4,3280,买盘
597,11:09:46,8.2,0.0,25,20500,买盘
598,11:09:52,8.21,0.01,1,821,买盘
599,11:10:06,8.2,-0.01,1,820,买盘
600,11:10:10,8.19,-0.01,2,1638,卖盘
601,11:10:16,8.18,-0.01,1,818,卖盘
602,11:10:19,8.21,0.03,3,2461,买盘
603,11:10:52,8.19,-0.02,1,819,买盘
604,11:10:57,8.19,0.0,9,7371,买盘
605,11:11:19,8.19,0.0,6,4913,买盘
606,11:11:37,8.19,0.0,7,5733,买盘
607,11:11:52,8.19,0.0,1,819,买盘
608,11:11:57,8.18,-0.01,1,818,卖盘
609,11:12:04,8.19,0.01,46,37674,买盘
610,11:12:18,8.18,-0.01,1,818,卖盘
611,11:12:21,8.18,0.0,1,818,卖盘
612,11:12:49,8.18,0.0,1,818,买盘
613,11:12:57,8.18,0.0,2,1636,卖盘
614,11:13:04,8.19,0.01,5,4095,买盘
615,11:13:19,8.18,-0.01,1,818,卖盘
616,11:13:27,8.19,0.01,5,4095,买盘
617,11:13:34,8.19,0.0,40,32760,买盘
618,11:13:55,8.18,-0.01,2,1636,卖盘
619,11:14:07,8.19,0.01,1,819,买盘
620,11:14:16,8.18,-0.01,1,818,卖盘
621,11:14:19,8.19,0.01,1,819,买盘
622,11:14:34,8.19,0.0,1,819,卖盘
623,11:14:36,8.19,0.0,4,3276,卖盘
624,11:15:01,8.2,0.01,5,4100,买盘
625,11:15:04,8.2,0.0,3,2460,买盘
626,11:15:21,8.2,0.0,39,31980,卖盘
627,11:15:48,8.2,0.0,9,7380,买盘
628,11:16:22,8.19,-0.01,2,1638,卖盘
629,11:16:40,8.2,0.01,5,4100,买盘
630,11:17:04,8.19,-0.01,1,819,卖盘
631,11:18:06,8.2,0.01,22,18040,买盘
632,11:18:31,8.2,0.0,8,6560,卖盘
633,11:18:33,8.2,0.0,4,3280,买盘
634,11:18:57,8.19,-0.01,1,819,卖盘
635,11:19:16,8.19,0.0,80,65520,卖盘
636,11:19:34,8.17,-0.02,1,817,卖盘
637,11:20:19,8.19,0.02,3,2457,买盘
638,11:20:21,8.19,0.0,2,1638,卖盘
639,11:20:27,8.19,0.0,31,25389,买盘
640,11:20:34,8.19,0.0,4,3276,卖盘
641,11:20:58,8.2,0.01,4,3278,买盘
642,11:21:13,8.2,0.0,38,31160,买盘
643,11:21:37,8.2,0.0,3,2460,买盘
644,11:21:58,8.2,0.0,5,4100,买盘
645,11:22:07,8.21,0.01,5,4104,买盘
646,11:22:10,8.2,-0.01,28,22960,卖盘
647,11:22:18,8.2,0.0,3,2460,买盘
648,11:22:22,8.17,-0.03,2,1634,卖盘
649,11:22:40,8.2,0.03,1,820,买盘
650,11:22:42,8.2,0.0,123,100590,买盘
651,11:22:51,8.17,-0.03,31,25327,卖盘
652,11:22:58,8.17,0.0,1,817,买盘
653,11:23:00,8.17,0.0,3,2451,买盘
654,11:23:07,8.17,0.0,10,8170,买盘
655,11:23:27,8.17,0.0,14,11438,买盘
656,11:23:34,8.17,0.0,1,817,买盘
657,11:23:43,8.17,0.0,3,2451,买盘
658,11:23:48,8.17,0.0,5,4085,买盘
659,11:23:51,8.17,0.0,3,2451,买盘
660,11:24:21,8.19,0.02,3,2457,买盘
661,11:25:04,8.19,0.0,3,2456,买盘
662,11:25:24,8.17,-0.02,3,2451,卖盘
663,11:25:39,8.19,0.02,3,2456,买盘
664,11:25:43,8.18,-0.01,2,1636,中性盘
665,11:26:00,8.18,0.0,5,4089,买盘
666,11:26:18,8.18,0.0,1,818,买盘
667,11:27:37,8.17,-0.01,1,817,买盘
668,11:27:55,8.18,0.01,4,3272,买盘
669,11:28:19,8.18,0.0,6,4908,买盘
670,11:29:21,8.18,0.0,2,1636,卖盘
671,11:29:28,8.19,0.01,4,3276,买盘
672,11:29:33,8.18,-0.01,10,8180,卖盘
673,13:00:07,8.18,0.0,1,818,卖盘
674,13:00:39,8.17,-0.01,1,817,卖盘
675,13:00:57,8.18,0.01,5,4088,买盘
676,13:01:13,8.16,-0.02,78,63648,卖盘
677,13:01:43,8.15,-0.01,1,815,卖盘
678,13:02:21,8.15,0.0,116,94540,卖盘
679,13:02:34,8.15,0.0,1,815,卖盘
680,13:02:43,8.16,0.01,4,3264,买盘
681,13:03:42,8.15,-0.01,13,10595,卖盘
682,13:04:34,8.16,0.01,5,4080,买盘
683,13:04:54,8.16,0.0,7,5712,买盘
684,13:06:22,8.18,0.02,4,3272,买盘
685,13:08:16,8.17,-0.01,13,10621,买盘
686,13:08:28,8.17,0.0,12,9804,卖盘
687,13:08:52,8.16,-0.01,15,12240,卖盘
688,13:08:58,8.15,-0.01,15,12225,卖盘
689,13:09:19,8.15,0.0,2,1630,卖盘
690,13:09:57,8.16,0.01,4,3264,买盘
691,13:10:01,8.17,0.01,29,23686,买盘
692,13:10:19,8.17,0.0,29,23693,买盘
693,13:10:33,8.17,0.0,5,4085,买盘
694,13:11:36,8.17,0.0,5,4085,买盘
695,13:12:58,8.16,-0.01,1,816,卖盘
696,13:13:04,8.16,0.0,3,2448,买盘
697,13:13:22,8.15,-0.01,1,815,卖盘
698,13:13:25,8.15,0.0,68,55420,卖盘
699,13:13:28,8.16,0.01,4,3262,买盘
700,13:13:39,8.15,-0.01,2,1630,买盘
701,13:14:46,8.15,0.0,15,12225,买盘
702,13:15:07,8.15,0.0,1,815,买盘
703,13:15:18,8.15,0.0,14,11410,买盘
704,13:15:30,8.15,0.0,5,4075,买盘
705,13:15:58,8.14,-0.01,1,814,卖盘
706,13:16:18,8.14,0.0,1,814,卖盘
707,13:16:27,8.14,0.0,1,814,卖盘
708,13:17:01,8.15,0.01,5,4075,买盘
709,13:17:27,8.14,-0.01,1,814,卖盘
710,13:18:13,8.15,0.01,1,815,买盘
711,13:18:27,8.14,-0.01,1,814,卖盘
712,13:18:49,8.15,0.01,4,3260,买盘
713,13:18:58,8.14,-0.01,2,1628,卖盘
714,13:19:13,8.14,0.0,5,4070,卖盘
715,13:19:16,8.14,0.0,2,1628,卖盘
716,13:19:34,8.15,0.01,20,16300,买盘
717,13:19:39,8.14,-0.01,1,814,卖盘
718,13:20:12,8.14,0.0,13,10582,卖盘
719,13:20:27,8.14,0.0,1,814,卖盘
720,13:20:37,8.15,0.01,5,4075,买盘
721,13:20:52,8.14,-0.01,14,11396,卖盘
722,13:20:58,8.14,0.0,1,814,卖盘
723,13:21:28,8.14,0.0,1,814,卖盘
724,13:22:06,8.15,0.01,8,6520,买盘
725,13:22:15,8.14,-0.01,1,814,卖盘
726,13:22:27,8.14,0.0,1,814,卖盘
727,13:22:33,8.15,0.01,4,3260,买盘
728,13:22:42,8.14,-0.01,1,814,卖盘
729,13:23:09,8.15,0.01,4,3260,买盘
730,13:23:18,8.15,0.0,4,3260,买盘
731,13:23:30,8.15,0.0,4,3260,买盘
732,13:23:42,8.15,0.0,5,4075,买盘
733,13:23:51,8.15,0.0,4,3260,买盘
734,13:24:03,8.15,0.0,5,4075,买盘
735,13:24:12,8.15,0.0,4,3260,买盘
736,13:24:24,8.15,0.0,5,4075,买盘
737,13:24:27,8.14,-0.01,5,4074,卖盘
738,13:24:36,8.15,0.01,4,3260,买盘
739,13:24:48,8.15,0.0,4,3260,买盘
740,13:24:57,8.14,-0.01,1,814,卖盘
741,13:25:00,8.15,0.01,5,4075,买盘
742,13:25:09,8.15,0.0,4,3260,买盘
743,13:25:21,8.15,0.0,4,3260,买盘
744,13:25:24,8.15,0.0,7,5705,买盘
745,13:25:33,8.15,0.0,20,16300,买盘
746,13:25:42,8.16,0.01,5,4076,买盘
747,13:25:55,8.16,0.0,4,3264,买盘
748,13:26:04,8.16,0.0,5,4080,买盘
749,13:26:13,8.16,0.0,1,816,买盘
750,13:26:18,8.17,0.01,4,3268,买盘
751,13:26:30,8.17,0.0,4,3268,买盘
752,13:26:33,8.17,0.0,5,4085,买盘
753,13:26:40,8.17,0.0,4,3268,买盘
754,13:26:52,8.17,0.0,5,4085,买盘
755,13:27:00,8.17,0.0,5,4085,买盘
756,13:27:16,8.17,0.0,4,3268,买盘
757,13:27:25,8.17,0.0,4,3268,买盘
758,13:27:30,8.16,-0.01,3,2448,卖盘
759,13:27:33,8.17,0.01,4,3268,买盘
760,13:27:45,8.16,-0.01,1,816,买盘
761,13:28:10,8.16,0.0,3,2448,买盘
762,13:28:16,8.16,0.0,2,1632,卖盘
763,13:28:18,8.15,-0.01,1,815,卖盘
764,13:29:42,8.16,0.01,3,2448,买盘
765,13:30:30,8.16,0.0,2,1632,卖盘
766,13:30:33,8.16,0.0,1,816,卖盘
767,13:30:37,8.16,0.0,1,816,卖盘
768,13:30:58,8.15,-0.01,3,2445,卖盘
769,13:31:27,8.16,0.01,4,3264,买盘
770,13:31:33,8.16,0.0,1,816,卖盘
771,13:33:12,8.17,0.01,4,3268,买盘
772,13:34:12,8.16,-0.01,8,6528,买盘
773,13:34:31,8.16,0.0,1,816,卖盘
774,13:34:43,8.16,0.0,41,33456,卖盘
775,13:35:10,8.15,-0.01,21,17125,卖盘
776,13:35:19,8.16,0.01,4,3264,中性盘
777,13:35:21,8.14,-0.02,29,23606,卖盘
778,13:35:37,8.14,0.0,60,48840,买盘
779,13:36:06,8.14,0.0,1,814,卖盘
780,13:36:22,8.16,0.02,54,44064,买盘
781,13:36:58,8.14,-0.02,1,814,卖盘
782,13:37:04,8.15,0.01,7,5703,买盘
783,13:37:07,8.15,0.0,9,7335,买盘
784,13:37:52,8.17,0.02,56,45752,买盘
785,13:38:37,8.18,0.01,51,41718,买盘
786,13:38:40,8.18,0.0,17,13906,卖盘
787,13:38:52,8.18,0.0,4,3271,买盘
788,13:39:22,8.17,-0.01,1,817,买盘
789,13:39:34,8.17,0.0,1,817,卖盘
790,13:39:43,8.17,0.0,5,4085,卖盘
791,13:40:12,8.15,-0.02,9,7335,卖盘
792,13:40:28,8.18,0.03,5,4090,买盘
793,13:40:48,8.18,0.0,36,29448,买盘
794,13:41:34,8.19,0.01,37,30303,买盘
795,13:42:19,8.19,0.0,44,36029,买盘
796,13:42:24,8.18,-0.01,4,3272,中性盘
797,13:43:04,8.18,0.0,40,32719,买盘
798,13:43:49,8.19,0.01,45,36855,买盘
799,13:44:19,8.19,0.0,5,4095,买盘
800,13:44:34,8.19,0.0,9,7371,买盘
801,13:44:42,8.15,-0.04,2,1630,卖盘
802,13:45:58,8.18,0.03,4,3272,买盘
803,13:46:51,8.18,0.0,20,16360,中性盘
804,13:47:43,8.15,-0.03,4,3260,卖盘
805,13:47:52,8.18,0.03,5,4090,买盘
806,13:48:37,8.18,0.0,20,16359,买盘
807,13:49:37,8.18,0.0,4,3272,买盘
808,13:49:43,8.15,-0.03,4,3260,卖盘
809,13:50:27,8.18,0.03,25,20450,买盘
810,13:50:30,8.18,0.0,24,19632,卖盘
811,13:51:15,8.18,0.0,47,38446,买盘
812,13:51:58,8.18,0.0,43,35174,买盘
813,13:52:43,8.18,0.0,46,37628,买盘
814,13:53:15,8.18,0.0,5,4090,买盘
815,13:53:19,8.19,0.01,6,4914,买盘
816,13:53:27,8.19,0.0,31,25389,买盘
817,13:53:42,8.16,-0.03,4,3264,卖盘
818,13:54:24,8.18,0.02,1,818,买盘
819,13:54:37,8.18,0.0,1,818,买盘
820,13:54:43,8.16,-0.02,4,3264,卖盘
821,13:54:51,8.18,0.02,4,3272,买盘
822,13:55:04,8.17,-0.01,1,817,买盘
823,13:55:18,8.18,0.01,1,818,买盘
824,13:55:43,8.16,-0.02,4,3264,卖盘
825,13:55:54,8.17,0.01,1,817,买盘
826,13:56:04,8.17,0.0,1,817,买盘
827,13:56:37,8.17,0.0,15,12241,买盘
828,13:56:42,8.17,0.0,9,7345,买盘
829,13:56:58,8.15,-0.02,29,23635,卖盘
830,13:57:04,8.17,0.02,1,817,买盘
831,13:57:22,8.16,-0.01,1,816,卖盘
832,13:57:25,8.14,-0.02,1,814,卖盘
833,13:57:40,8.16,0.02,1,816,中性盘
834,13:57:43,8.14,-0.02,4,3256,卖盘
835,13:57:49,8.16,0.02,1,816,中性盘
836,13:58:19,8.16,0.0,1,816,中性盘
837,13:58:25,8.17,0.01,4,3268,买盘
838,13:58:42,8.14,-0.03,4,3256,卖盘
839,13:58:52,8.16,0.02,1,816,中性盘
840,13:59:10,8.16,0.0,1,816,卖盘
841,13:59:30,8.16,0.0,2,1630,中性盘
842,13:59:42,8.14,-0.02,4,3256,卖盘
843,13:59:48,8.16,0.02,1,816,中性盘
844,14:00:16,8.16,0.0,5,4080,买盘
845,14:00:42,8.14,-0.02,4,3256,卖盘
846,14:00:58,8.14,0.0,2,1628,卖盘
847,14:01:34,8.14,0.0,1,814,卖盘
848,14:01:43,8.14,0.0,7,5698,卖盘
849,14:01:52,8.14,0.0,1,814,卖盘
850,14:01:55,8.15,0.01,2,1630,买盘
851,14:02:01,8.15,0.0,4,3260,买盘
852,14:02:37,8.15,0.0,34,27710,买盘
853,14:02:40,8.16,0.01,5,4080,买盘
854,14:02:45,8.17,0.01,6,4902,买盘
855,14:02:48,8.16,-0.01,24,19584,卖盘
856,14:03:01,8.16,0.0,12,9786,买盘
857,14:03:04,8.16,0.0,27,22032,卖盘
858,14:03:19,8.16,0.0,7,5712,买盘
859,14:03:24,8.16,0.0,41,33456,卖盘
860,14:03:30,8.15,-0.01,1,815,卖盘
861,14:03:36,8.15,0.0,1,815,买盘
862,14:03:42,8.14,-0.01,4,3256,卖盘
863,14:04:04,8.16,0.02,9,7343,买盘
864,14:04:07,8.16,0.0,38,31008,卖盘
865,14:04:19,8.17,0.01,5,4084,买盘
866,14:04:21,8.17,0.0,1,817,买盘
867,14:04:34,8.15,-0.02,1,815,卖盘
868,14:04:36,8.15,0.0,1,815,买盘
869,14:04:39,8.15,0.0,1,815,中性盘
870,14:04:45,8.16,0.01,1,816,买盘
871,14:04:55,8.17,0.01,1,817,买盘
872,14:04:58,8.16,-0.01,1,816,卖盘
873,14:05:07,8.17,0.01,1,817,买盘
874,14:05:22,8.17,0.0,1,817,买盘
875,14:05:30,8.17,0.0,38,31046,买盘
876,14:05:42,8.17,0.0,1,817,买盘
877,14:05:51,8.17,0.0,1,817,买盘
878,14:06:07,8.17,0.0,1,817,买盘
879,14:06:15,8.17,0.0,11,8987,买盘
880,14:06:21,8.17,0.0,1,817,卖盘
881,14:06:24,8.17,0.0,8,6537,卖盘
882,14:06:27,8.18,0.01,29,23694,买盘
883,14:06:45,8.17,-0.01,5,4081,买盘
884,14:06:57,8.16,-0.01,25,20401,卖盘
885,14:07:00,8.16,0.0,1,816,卖盘
886,14:07:04,8.16,0.0,3,2448,卖盘
887,14:07:12,8.16,0.0,1,816,买盘
888,14:07:16,8.14,-0.02,54,43976,卖盘
889,14:07:22,8.14,0.0,16,13024,买盘
890,14:07:31,8.13,-0.01,3,2440,卖盘
891,14:07:33,8.14,0.01,5,4070,买盘
892,14:07:42,8.13,-0.01,4,3252,卖盘
893,14:07:45,8.14,0.01,12,9768,买盘
894,14:08:15,8.13,-0.01,65,52859,卖盘
895,14:08:18,8.13,0.0,37,30081,卖盘
896,14:08:43,8.13,0.0,4,3252,卖盘
897,14:08:57,8.13,0.0,12,9756,卖盘
898,14:09:07,8.13,0.0,12,9756,买盘
899,14:09:10,8.13,0.0,3,2439,买盘
900,14:09:13,8.13,0.0,3,2439,卖盘
901,14:09:15,8.13,0.0,1,813,卖盘
902,14:09:18,8.14,0.01,106,86140,买盘
903,14:09:40,8.13,-0.01,2,1626,中性盘
904,14:09:43,8.13,0.0,4,3252,卖盘
905,14:10:07,8.14,0.01,5,4070,买盘
906,14:10:19,8.12,-0.02,95,77151,卖盘
907,14:10:27,8.12,0.0,22,17849,买盘
908,14:10:31,8.12,0.0,3,2436,买盘
909,14:10:42,8.12,0.0,4,3248,卖盘
910,14:10:49,8.13,0.01,1,813,买盘
911,14:10:58,8.13,0.0,1,813,买盘
912,14:11:01,8.12,-0.01,6,4877,卖盘
913,14:11:15,8.13,0.01,1,813,买盘
914,14:11:22,8.11,-0.02,102,82767,卖盘
915,14:11:34,8.13,0.02,1,813,买盘
916,14:11:40,8.12,-0.01,1,812,买盘
917,14:11:48,8.12,0.0,1,812,买盘
918,14:11:51,8.11,-0.01,13,10544,卖盘
919,14:11:57,8.12,0.01,1,812,买盘
920,14:12:00,8.12,0.0,22,17864,买盘
921,14:12:15,8.13,0.01,1,813,买盘
922,14:12:22,8.11,-0.02,102,82772,卖盘
923,14:12:28,8.13,0.02,1,813,买盘
924,14:12:40,8.12,-0.01,1,812,买盘
925,14:12:43,8.12,0.0,1,812,买盘
926,14:12:46,8.12,0.0,1,812,卖盘
927,14:12:52,8.13,0.01,1,813,买盘
928,14:12:57,8.12,-0.01,2,1624,卖盘
929,14:13:00,8.13,0.01,1,813,买盘
930,14:13:04,8.13,0.0,4,3252,买盘
931,14:13:16,8.13,0.0,1,813,买盘
932,14:13:21,8.11,-0.02,105,85206,卖盘
933,14:13:30,8.13,0.02,18,14634,买盘
934,14:13:33,8.13,0.0,26,21138,卖盘
935,14:13:52,8.13,0.0,1,813,卖盘
936,14:14:16,8.13,0.0,37,30081,买盘
937,14:14:25,8.11,-0.02,102,82722,卖盘
938,14:14:42,8.13,0.02,8,6498,买盘
939,14:14:46,8.11,-0.02,1,811,卖盘
940,14:14:57,8.12,0.01,9,7308,买盘
941,14:15:01,8.12,0.0,1,812,卖盘
942,14:15:04,8.12,0.0,16,12992,卖盘
943,14:15:06,8.12,0.0,2,1624,卖盘
944,14:15:25,8.11,-0.01,142,115162,卖盘
945,14:15:46,8.1,-0.01,21,17010,卖盘
946,14:15:58,8.1,0.0,19,15390,卖盘
947,14:16:01,8.1,0.0,2,1620,卖盘
948,14:16:04,8.11,0.01,47,38117,买盘
949,14:16:12,8.1,-0.01,10,8100,卖盘
950,14:16:15,8.11,0.01,73,59203,买盘
951,14:16:27,8.1,-0.01,102,82620,卖盘
952,14:16:30,8.11,0.01,14,11354,买盘
953,14:16:36,8.11,0.0,29,23519,买盘
954,14:16:39,8.1,-0.01,1,810,卖盘
955,14:16:46,8.1,0.0,2,1620,卖盘
956,14:16:49,8.11,0.01,2,1622,买盘
957,14:17:00,8.1,-0.01,1,810,卖盘
958,14:17:04,8.11,0.01,12,9732,买盘
959,14:17:18,8.11,0.0,1,811,卖盘
960,14:17:28,8.1,-0.01,25,20267,卖盘
961,14:17:31,8.11,0.01,2,1622,卖盘
962,14:17:39,8.11,0.0,1,811,卖盘
963,14:17:55,8.12,0.01,1,812,买盘
964,14:18:00,8.11,-0.01,2,1622,卖盘
965,14:18:10,8.12,0.01,5,4060,买盘
966,14:18:15,8.12,0.0,10,8120,买盘
967,14:18:19,8.11,-0.01,1,811,卖盘
968,14:18:33,8.11,0.0,52,42172,卖盘
969,14:18:40,8.1,-0.01,1,810,卖盘
970,14:18:42,8.11,0.01,99,80289,买盘
971,14:18:58,8.1,-0.01,1,810,卖盘
972,14:19:01,8.11,0.01,48,38927,买盘
973,14:19:19,8.1,-0.01,2,1620,卖盘
974,14:19:22,8.11,0.01,2,1621,买盘
975,14:19:36,8.1,-0.01,1,810,卖盘
976,14:19:39,8.11,0.01,27,21896,买盘
977,14:19:46,8.12,0.01,1,812,买盘
978,14:20:01,8.12,0.0,2,1623,买盘
979,14:20:07,8.12,0.0,4,3248,买盘
980,14:20:12,8.12,0.0,1,812,买盘
981,14:20:19,8.11,-0.01,1,811,卖盘
982,14:20:22,8.11,0.0,1,811,卖盘
983,14:20:25,8.11,0.0,6,4866,卖盘
984,14:20:27,8.11,0.0,5,4055,卖盘
985,14:20:30,8.11,0.0,6,4867,卖盘
986,14:20:40,8.12,0.01,55,44658,买盘
987,14:20:48,8.13,0.01,1,813,买盘
988,14:21:01,8.12,-0.01,1,812,卖盘
989,14:21:06,8.13,0.01,1,813,买盘
990,14:21:12,8.12,-0.01,85,69020,卖盘
991,14:21:15,8.12,0.0,1,812,买盘
992,14:21:18,8.11,-0.01,1,811,卖盘
993,14:21:30,8.12,0.01,1,812,买盘
994,14:21:36,8.12,0.0,1,812,买盘
995,14:21:40,8.11,-0.01,1,811,卖盘
996,14:21:43,8.12,0.01,21,17052,买盘
997,14:21:46,8.12,0.0,1,812,买盘
998,14:21:55,8.13,0.01,100,81293,买盘
999,14:22:00,8.12,-0.01,4,3246,买盘
1000,14:22:04,8.13,0.01,2,1625,买盘
1001,14:22:13,8.13,0.0,41,33333,买盘
1002,14:22:16,8.13,0.0,1,813,买盘
1003,14:22:18,8.12,-0.01,1,812,卖盘
1004,14:22:21,8.13,0.01,1,813,买盘
1005,14:22:28,8.13,0.0,23,18699,买盘
1006,14:22:40,8.13,0.0,1,813,卖盘
1007,14:22:58,8.13,0.0,13,10569,买盘
1008,14:23:01,8.13,0.0,1,813,卖盘
1009,14:23:04,8.14,0.01,163,132682,买盘
1010,14:23:19,8.14,0.0,2,1628,卖盘
1011,14:23:40,8.15,0.01,6,4889,买盘
1012,14:23:43,8.15,0.0,8,6520,买盘
1013,14:23:45,8.15,0.0,1,815,卖盘
1014,14:23:49,8.15,0.0,4,3260,卖盘
1015,14:23:51,8.15,0.0,1,815,卖盘
1016,14:23:55,8.15,0.0,7,5705,卖盘
1017,14:23:57,8.15,0.0,16,13040,卖盘
1018,14:24:01,8.13,-0.02,1,813,卖盘
1019,14:24:18,8.13,0.0,1,813,卖盘
1020,14:24:28,8.14,0.01,2,1628,买盘
1021,14:24:40,8.14,0.0,2,1628,卖盘
1022,14:24:57,8.14,0.0,1,814,卖盘
1023,14:25:00,8.14,0.0,1,814,卖盘
1024,14:25:13,8.15,0.01,43,35045,买盘
1025,14:25:16,8.15,0.0,2,1630,卖盘
1026,14:25:19,8.15,0.0,1,815,卖盘
1027,14:25:31,8.15,0.0,1,815,卖盘
1028,14:25:34,8.15,0.0,5,4075,买盘
1029,14:25:37,8.15,0.0,4,3260,买盘
1030,14:25:40,8.14,-0.01,1,814,卖盘
1031,14:25:46,8.15,0.01,98,79870,买盘
1032,14:25:54,8.15,0.0,2,1630,卖盘
1033,14:25:58,8.16,0.01,10,8160,买盘
1034,14:26:01,8.15,-0.01,1,815,卖盘
1035,14:26:10,8.16,0.01,21,17136,买盘
1036,14:26:15,8.16,0.0,3,2449,卖盘
1037,14:26:19,8.16,0.0,2,1632,卖盘
1038,14:26:28,8.17,0.01,29,23693,买盘
1039,14:26:31,8.18,0.01,3,2452,买盘
1040,14:26:33,8.17,-0.01,3,2451,卖盘
1041,14:26:40,8.16,-0.01,1,816,卖盘
1042,14:26:43,8.17,0.01,1,817,买盘
1043,14:26:49,8.17,0.0,4,3268,买盘
1044,14:26:58,8.18,0.01,1,818,买盘
1045,14:27:01,8.17,-0.01,1,817,卖盘
1046,14:27:04,8.17,0.0,94,76889,卖盘
1047,14:27:06,8.18,0.01,1,818,买盘
1048,14:27:19,8.17,-0.01,2,1635,卖盘
1049,14:27:21,8.18,0.01,5,4090,买盘
1050,14:27:37,8.18,0.0,1,818,买盘
1051,14:27:40,8.17,-0.01,2,1634,卖盘
1052,14:27:52,8.18,0.01,2,1636,买盘
1053,14:28:01,8.17,-0.01,1,817,卖盘
1054,14:28:07,8.18,0.01,1,818,买盘
1055,14:28:13,8.18,0.0,20,16360,买盘
1056,14:28:18,8.17,-0.01,2,1635,卖盘
1057,14:28:34,8.17,0.0,17,13890,卖盘
1058,14:28:39,8.17,0.0,3,2451,卖盘
1059,14:28:42,8.18,0.01,1,818,买盘
1060,14:28:58,8.17,-0.01,2,1634,卖盘
1061,14:29:01,8.18,0.01,6,4906,买盘
1062,14:29:04,8.18,0.0,1,818,买盘
1063,14:29:10,8.18,0.0,1,818,买盘
1064,14:29:19,8.16,-0.02,10,8169,卖盘
1065,14:29:22,8.17,0.01,1,817,买盘
1066,14:29:40,8.16,-0.01,1,816,卖盘
1067,14:29:43,8.17,0.01,33,26961,买盘
1068,14:29:46,8.17,0.0,69,56373,买盘
1069,14:29:52,8.18,0.01,1,818,买盘
1070,14:30:01,8.17,-0.01,1,817,卖盘
1071,14:30:04,8.18,0.01,42,34765,买盘
1072,14:30:19,8.18,0.0,2,1636,卖盘
1073,14:30:22,8.19,0.01,49,40131,买盘
1074,14:30:31,8.19,0.0,77,63063,买盘
1075,14:30:34,8.19,0.0,2,1638,卖盘
1076,14:30:37,8.19,0.0,50,40950,卖盘
1077,14:30:40,8.19,0.0,1,819,卖盘
1078,14:30:43,8.18,-0.01,61,49511,卖盘
1079,14:30:58,8.17,-0.01,1,817,卖盘
1080,14:31:01,8.18,0.01,7,5724,买盘
1081,14:31:04,8.18,0.0,45,37218,买盘
1082,14:31:13,8.18,0.0,1,818,卖盘
1083,14:31:19,8.18,0.0,4,2863,卖盘
1084,14:31:34,8.18,0.0,47,38855,买盘
1085,14:31:40,8.17,-0.01,4,3270,卖盘
1086,14:31:48,8.19,0.02,49,40131,买盘
1087,14:31:55,8.17,-0.02,2,1634,卖盘
1088,14:32:01,8.17,0.0,1,817,卖盘
1089,14:32:19,8.17,0.0,1,817,卖盘
1090,14:32:36,8.18,0.01,4,3272,买盘
1091,14:32:40,8.18,0.0,1,818,卖盘
1092,14:33:01,8.18,0.0,2,1636,卖盘
1093,14:33:19,8.18,0.0,44,36003,卖盘
1094,14:33:25,8.15,-0.03,2,1630,卖盘
1095,14:33:28,8.16,0.01,1,816,买盘
1096,14:33:34,8.19,0.03,15,12243,买盘
1097,14:33:40,8.15,-0.04,1,815,卖盘
1098,14:33:52,8.17,0.02,1,817,买盘
1099,14:33:58,8.16,-0.01,1,816,买盘
1100,14:34:01,8.15,-0.01,1,815,卖盘
1101,14:34:07,8.16,0.01,1,816,买盘
1102,14:34:10,8.16,0.0,2,1632,买盘
1103,14:34:13,8.16,0.0,16,13060,买盘
1104,14:34:19,8.15,-0.01,2,1631,卖盘
1105,14:34:25,8.16,0.01,2,1632,买盘
1106,14:34:27,8.16,0.0,1,816,买盘
1107,14:34:40,8.15,-0.01,2,1630,卖盘
1108,14:34:45,8.16,0.01,7,5712,买盘
1109,14:35:01,8.17,0.01,1,817,卖盘
1110,14:35:07,8.18,0.01,1,818,买盘
1111,14:35:13,8.17,-0.01,1,817,卖盘
1112,14:35:19,8.16,-0.01,2,1633,卖盘
1113,14:35:33,8.17,0.01,1,817,买盘
1114,14:35:40,8.16,-0.01,2,1631,中性盘
1115,14:35:49,8.17,0.01,1,817,买盘
1116,14:35:58,8.16,-0.01,1,816,买盘
1117,14:36:00,8.15,-0.01,2,1630,卖盘
1118,14:36:10,8.15,0.0,1,815,卖盘
1119,14:36:13,8.16,0.01,1,816,买盘
1120,14:36:18,8.16,0.0,2,1631,买盘
1121,14:36:39,8.15,-0.01,1,815,卖盘
1122,14:36:58,8.15,0.0,1,815,卖盘
1123,14:37:01,8.15,0.0,1,815,卖盘
1124,14:37:18,8.15,0.0,2,1630,卖盘
1125,14:37:33,8.17,0.02,221,180529,买盘
1126,14:37:37,8.17,0.0,1,817,卖盘
1127,14:37:40,8.17,0.0,9,7353,卖盘
1128,14:37:45,8.17,0.0,1,817,卖盘
1129,14:37:48,8.17,0.0,9,7353,卖盘
1130,14:37:51,8.17,0.0,1,817,卖盘
1131,14:37:57,8.17,0.0,4,3268,卖盘
1132,14:38:00,8.17,0.0,1,817,卖盘
1133,14:38:04,8.17,0.0,11,8987,卖盘
1134,14:38:19,8.17,0.0,1,817,卖盘
1135,14:38:40,8.17,0.0,2,1634,卖盘
1136,14:39:01,8.17,0.0,1,817,卖盘
1137,14:39:19,8.17,0.0,1,817,卖盘
1138,14:39:21,8.17,0.0,2,1634,卖盘
1139,14:39:34,8.17,0.0,4,3268,卖盘
1140,14:39:37,8.17,0.0,11,8985,买盘
1141,14:39:40,8.15,-0.02,1,815,卖盘
1142,14:40:01,8.15,0.0,2,1630,卖盘
1143,14:40:18,8.16,0.01,1,816,卖盘
1144,14:40:28,8.16,0.0,1,816,卖盘
1145,14:40:40,8.17,0.01,55,44934,买盘
1146,14:40:46,8.17,0.0,2,1634,卖盘
1147,14:40:51,8.17,0.0,1,817,卖盘
1148,14:40:58,8.17,0.0,1,817,卖盘
1149,14:41:01,8.18,0.01,81,66257,买盘
1150,14:41:04,8.18,0.0,1,818,卖盘
1151,14:41:07,8.18,0.0,2,1636,卖盘
1152,14:41:19,8.18,0.0,2,1636,卖盘
1153,14:41:31,8.19,0.01,52,42588,买盘
1154,14:41:36,8.18,-0.01,2,1636,卖盘
1155,14:41:39,8.18,0.0,1,818,卖盘
1156,14:41:42,8.19,0.01,1,819,买盘
1157,14:41:48,8.19,0.0,1,819,买盘
1158,14:42:01,8.18,-0.01,1,818,卖盘
1159,14:42:09,8.19,0.01,1,819,买盘
1160,14:42:18,8.19,0.0,2,1637,买盘
1161,14:42:24,8.19,0.0,1,819,买盘
1162,14:42:40,8.19,0.0,2,1637,买盘
1163,14:42:48,8.19,0.0,2,1638,买盘
1164,14:42:55,8.18,-0.01,1,818,卖盘
1165,14:42:58,8.18,0.0,3,2455,卖盘
1166,14:43:01,8.18,0.0,2,1636,卖盘
1167,14:43:07,8.18,0.0,2,1636,卖盘
1168,14:43:16,8.19,0.01,1,819,买盘
1169,14:43:19,8.18,-0.01,1,818,卖盘
1170,14:43:21,8.19,0.01,1,819,买盘
1171,14:43:27,8.18,-0.01,1,818,卖盘
1172,14:43:34,8.19,0.01,2,1637,买盘
1173,14:43:37,8.2,0.01,114,93409,买盘
1174,14:43:40,8.18,-0.02,2,1636,卖盘
1175,14:43:49,8.16,-0.02,8,6537,卖盘
1176,14:43:52,8.16,0.0,154,125664,买盘
1177,14:43:55,8.2,0.04,56,45784,买盘
1178,14:43:57,8.16,-0.04,6,4896,卖盘
1179,14:44:01,8.16,0.0,1,816,卖盘
1180,14:44:04,8.21,0.05,164,134539,买盘
1181,14:44:10,8.18,-0.03,17,13954,卖盘
1182,14:44:13,8.19,0.01,2,1637,买盘
1183,14:44:16,8.19,0.0,2,1638,卖盘
1184,14:44:19,8.17,-0.02,2,1634,卖盘
1185,14:44:22,8.17,0.0,1,817,卖盘
1186,14:44:28,8.18,0.01,1,818,买盘
1187,14:44:31,8.18,0.0,1,818,买盘
1188,14:44:34,8.18,0.0,1,818,中性盘
1189,14:44:40,8.17,-0.01,1,817,卖盘
1190,14:45:01,8.18,0.01,1,818,卖盘
1191,14:45:03,8.19,0.01,4,3276,买盘
1192,14:45:19,8.19,0.0,1,819,卖盘
1193,14:45:22,8.2,0.01,143,117260,买盘
1194,14:45:25,8.2,0.0,6,4920,卖盘
1195,14:45:27,8.21,0.01,15,12312,买盘
1196,14:45:40,8.21,0.0,162,133000,买盘
1197,14:45:43,8.21,0.0,1,821,卖盘
1198,14:45:46,8.21,0.0,3,2463,卖盘
1199,14:45:54,8.22,0.01,19,15618,买盘
1200,14:46:01,8.2,-0.02,1,820,卖盘
1201,14:46:13,8.18,-0.02,3,2454,卖盘
1202,14:46:19,8.2,0.02,3,2458,买盘
1203,14:46:25,8.2,0.0,31,25420,卖盘
1204,14:46:34,8.2,0.0,26,21320,卖盘
1205,14:46:40,8.2,0.0,1,820,卖盘
1206,14:46:49,8.2,0.0,10,8200,卖盘
1207,14:46:55,8.2,0.0,1,820,卖盘
1208,14:46:58,8.21,0.01,82,67322,买盘
1209,14:47:01,8.21,0.0,22,18062,卖盘
1210,14:47:04,8.21,0.0,2,1642,买盘
1211,14:47:13,8.21,0.0,72,59112,买盘
1212,14:47:16,8.2,-0.01,50,41000,卖盘
1213,14:47:19,8.18,-0.02,11,9028,卖盘
1214,14:47:34,8.19,0.01,3,2457,中性盘
1215,14:47:40,8.19,0.0,1,819,卖盘
1216,14:47:43,8.21,0.02,5,4104,买盘
1217,14:47:45,8.21,0.0,5,4105,买盘
1218,14:47:54,8.21,0.0,9,7388,买盘
1219,14:47:57,8.22,0.01,145,119158,买盘
1220,14:48:01,8.22,0.0,10,8220,卖盘
1221,14:48:04,8.22,0.0,2,1644,卖盘
1222,14:48:16,8.23,0.01,57,46911,买盘
1223,14:48:18,8.22,-0.01,2,1644,卖盘
1224,14:48:28,8.24,0.02,94,77381,买盘
1225,14:48:31,8.23,-0.01,5,4115,卖盘
1226,14:48:34,8.23,0.0,5,4115,卖盘
1227,14:48:37,8.24,0.01,1,824,买盘
1228,14:48:39,8.23,-0.01,1,823,卖盘
1229,14:48:46,8.23,0.0,1,823,中性盘
1230,14:49:01,8.23,0.0,2,1645,买盘
1231,14:49:09,8.23,0.0,1,823,买盘
1232,14:49:19,8.22,-0.01,3,2468,卖盘
1233,14:49:28,8.23,0.01,3,2469,买盘
1234,14:49:34,8.23,0.0,1,823,买盘
1235,14:49:37,8.23,0.0,19,15637,买盘
1236,14:49:40,8.22,-0.01,2,1644,卖盘
1237,14:49:43,8.24,0.02,201,165586,买盘
1238,14:49:45,8.24,0.0,8,6592,卖盘
1239,14:49:55,8.25,0.01,1,825,买盘
1240,14:50:01,8.24,-0.01,1,824,卖盘
1241,14:50:04,8.24,0.0,43,35432,卖盘
1242,14:50:07,8.25,0.01,7,5769,买盘
1243,14:50:13,8.25,0.0,19,15675,买盘
1244,14:50:16,8.25,0.0,58,47793,买盘
1245,14:50:19,8.24,-0.01,14,11536,卖盘
1246,14:50:28,8.24,0.0,2,1648,买盘
1247,14:50:40,8.24,0.0,3,2471,买盘
1248,14:50:43,8.23,-0.01,8,6584,卖盘
1249,14:50:46,8.23,0.0,1,823,卖盘
1250,14:50:52,8.25,0.02,20,16500,买盘
1251,14:51:01,8.25,0.0,68,56098,买盘
1252,14:51:07,8.23,-0.02,1,823,卖盘
1253,14:51:13,8.23,0.0,5,4115,卖盘
1254,14:51:16,8.23,0.0,1,823,卖盘
1255,14:51:19,8.23,0.0,2,1646,卖盘
1256,14:51:40,8.23,0.0,1,823,卖盘
1257,14:51:49,8.24,0.01,1,824,买盘
1258,14:51:55,8.23,-0.01,26,21398,卖盘
1259,14:52:01,8.23,0.0,19,15636,买盘
1260,14:52:10,8.24,0.01,76,62573,买盘
1261,14:52:16,8.24,0.0,1,824,卖盘
1262,14:52:19,8.24,0.0,1,824,卖盘
1263,14:52:40,8.24,0.0,23,18971,卖盘
1264,14:52:43,8.24,0.0,17,14008,卖盘
1265,14:53:01,8.24,0.0,2,1646,买盘
1266,14:53:19,8.23,-0.01,1,823,卖盘
1267,14:53:25,8.23,0.0,17,13991,卖盘
1268,14:53:37,8.24,0.01,18,14832,买盘
1269,14:53:40,8.23,-0.01,1,823,卖盘
1270,14:54:01,8.23,0.0,12,9876,卖盘
1271,14:54:07,8.23,0.0,1,823,卖盘
1272,14:54:10,8.24,0.01,1,824,买盘
1273,14:54:19,8.23,-0.01,1,823,卖盘
1274,14:54:28,8.23,0.0,10,8230,卖盘
1275,14:54:34,8.22,-0.01,10,8220,卖盘
1276,14:54:36,8.22,0.0,1,822,卖盘
1277,14:54:40,8.22,0.0,19,15618,卖盘
1278,14:54:42,8.23,0.01,100,82300,买盘
1279,14:54:58,8.22,-0.01,1,822,卖盘
1280,14:55:09,8.22,0.0,1,822,卖盘
1281,14:55:31,8.22,0.0,1,822,卖盘
1282,14:55:34,8.23,0.01,19,15637,买盘
1283,14:55:52,8.22,-0.01,3,2466,卖盘
1284,14:56:06,8.22,0.0,1,822,卖盘
1285,14:56:16,8.23,0.01,1,823,买盘
1286,14:56:25,8.22,-0.01,1,822,卖盘
1287,14:56:31,8.23,0.01,1,823,买盘
1288,14:56:37,8.22,-0.01,2,1644,卖盘
1289,14:56:40,8.22,0.0,26,21372,卖盘
1290,14:56:46,8.23,0.01,49,40327,买盘
1291,14:57:00,8.23,0.0,10,8230,买盘
1292,15:00:04,8.23,0.0,166,136618,卖盘
