,time,price,change,volume,amount,type
0,09:25:04,4.9,-0.02,20,9800,卖盘
1,09:30:04,4.9,0.0,89,43610,买盘
2,09:30:09,4.92,0.02,17,8364,买盘
3,09:30:12,4.92,0.0,11,5392,买盘
4,09:30:15,4.92,0.0,6,2952,买盘
5,09:30:18,4.92,0.0,2,984,买盘
6,09:30:21,4.92,0.0,3,1476,买盘
7,09:30:27,4.9,-0.02,11,5390,卖盘
8,09:30:30,4.92,0.02,17,8364,买盘
9,09:30:36,4.92,0.0,54,26568,买盘
10,09:30:39,4.93,0.01,11,5423,买盘
11,09:30:42,4.92,-0.01,18,8856,卖盘
12,09:30:45,4.92,0.0,7,3444,买盘
13,09:30:48,4.9,-0.02,9,4410,卖盘
14,09:30:54,4.94,0.04,2,988,买盘
15,09:31:00,4.92,-0.02,5,2460,卖盘
16,09:31:04,4.94,0.02,2,988,买盘
17,09:31:09,4.94,0.0,3,1482,卖盘
18,09:31:13,4.95,0.01,5,2475,买盘
19,09:31:15,4.95,0.0,7,3465,买盘
20,09:31:24,4.94,-0.01,50,24700,卖盘
21,09:31:27,4.94,0.0,4,1976,卖盘
22,09:31:33,4.95,0.01,5,2475,买盘
23,09:31:39,4.95,0.0,14,6930,买盘
24,09:31:42,4.93,-0.02,18,8874,卖盘
25,09:31:51,4.93,0.0,6,2958,买盘
26,09:31:57,4.92,-0.01,6,2952,卖盘
27,09:32:06,4.91,-0.01,4,1964,卖盘
28,09:32:12,4.9,-0.01,10,4900,卖盘
29,09:32:18,4.9,0.0,4,1960,卖盘
30,09:32:30,4.9,0.0,1,490,卖盘
31,09:32:40,4.9,0.0,1,490,卖盘
32,09:33:04,4.9,0.0,10,4900,卖盘
33,09:33:18,4.9,0.0,3,1470,卖盘
34,09:33:30,4.9,0.0,1,490,卖盘
35,09:33:33,4.9,0.0,9,4410,卖盘
36,09:33:49,4.9,0.0,3,1470,卖盘
37,09:33:54,4.91,0.01,2,982,买盘
38,09:34:00,4.91,0.0,1,491,卖盘
39,09:34:09,4.91,0.0,1,491,卖盘
40,09:34:24,4.92,0.01,7,3444,买盘
41,09:34:39,4.91,-0.01,2,982,卖盘
42,09:34:43,4.92,0.01,5,2460,买盘
43,09:34:45,4.92,0.0,1,492,卖盘
44,09:34:57,4.92,0.0,1,492,卖盘
45,09:35:09,4.92,0.0,1,492,卖盘
46,09:35:30,4.92,0.0,10,4920,卖盘
47,09:35:36,4.92,0.0,3,1476,卖盘
48,09:35:48,4.92,0.0,1,492,卖盘
49,09:36:09,4.92,0.0,2,984,卖盘
50,09:36:15,4.92,0.0,21,10352,卖盘
51,09:36:31,4.92,0.0,2,984,卖盘
52,09:38:04,4.92,0.0,2,984,卖盘
53,09:39:15,4.93,0.01,1,493,买盘
54,09:39:18,4.92,-0.01,82,40345,卖盘
55,09:39:27,4.93,0.01,10,4930,买盘
56,09:39:42,4.93,0.0,1,493,买盘
57,09:39:45,4.93,0.0,1,493,买盘
58,09:39:49,4.93,0.0,11,5423,买盘
59,09:40:18,4.94,0.01,134,66196,买盘
60,09:40:21,4.94,0.0,1,494,买盘
61,09:40:24,4.94,0.0,1,494,买盘
62,09:40:27,4.94,0.0,13,6422,买盘
63,09:40:31,4.95,0.01,12,5940,买盘
64,09:40:33,4.95,0.0,1,495,买盘
65,09:40:36,4.95,0.0,179,88605,买盘
66,09:40:39,4.95,0.0,7,3465,买盘
67,09:40:42,4.95,0.0,2,990,买盘
68,09:40:45,4.95,0.0,36,17820,买盘
69,09:40:49,4.95,0.0,1,495,买盘
70,09:40:52,4.95,0.0,9,4455,买盘
71,09:40:57,4.95,0.0,10,4950,卖盘
72,09:41:13,4.95,0.0,58,28710,买盘
73,09:41:21,4.95,0.0,36,17820,买盘
74,09:41:30,4.95,0.0,33,16335,卖盘
75,09:41:45,4.96,0.01,33,16368,买盘
76,09:42:12,4.96,0.0,26,12896,买盘
77,09:42:21,4.96,0.0,79,39184,买盘
78,09:42:31,4.97,0.01,28,13916,买盘
79,09:42:57,4.96,-0.01,4,1984,中性盘
80,09:43:18,4.93,-0.03,6,2958,卖盘
81,09:43:48,4.96,0.03,4,1984,买盘
82,09:44:27,4.95,-0.01,4,1980,买盘
83,09:44:51,4.95,0.0,5,2475,买盘
84,09:45:13,4.95,0.0,5,2475,买盘
85,09:45:51,4.94,-0.01,1,494,卖盘
86,09:45:54,4.94,0.0,59,29146,卖盘
87,09:46:15,4.93,-0.01,100,49300,卖盘
88,09:46:39,4.93,0.0,3,1479,卖盘
89,09:47:04,4.92,-0.01,8,3936,卖盘
90,09:47:21,4.92,0.0,1,492,卖盘
91,09:47:33,4.92,0.0,8,3936,卖盘
92,09:48:27,4.93,0.01,3,1479,买盘
93,09:48:36,4.93,0.0,1,493,买盘
94,09:48:57,4.92,-0.01,1,492,卖盘
95,09:49:51,4.93,0.01,2,986,买盘
96,09:49:54,4.92,-0.01,1,492,卖盘
97,09:50:04,4.92,0.0,2,984,卖盘
98,09:50:24,4.92,0.0,1,492,卖盘
99,09:51:39,4.92,0.0,178,87576,卖盘
100,09:51:51,4.91,-0.01,1,491,卖盘
101,09:52:28,4.92,0.01,10,4920,买盘
102,09:52:36,4.92,0.0,18,8856,买盘
103,09:52:48,4.93,0.01,1,493,买盘
104,09:53:12,4.92,-0.01,18,8873,卖盘
105,09:53:24,4.92,0.0,1,492,卖盘
106,09:53:54,4.92,0.0,9,4428,卖盘
107,09:54:12,4.92,0.0,6,2952,卖盘
108,09:54:15,4.92,0.0,23,11316,卖盘
109,09:54:19,4.92,0.0,9,4428,卖盘
110,09:54:45,4.91,-0.01,1,491,卖盘
111,09:54:54,4.91,0.0,1,491,卖盘
112,09:55:31,4.91,0.0,2,982,卖盘
113,09:55:39,4.91,0.0,1,491,卖盘
114,09:55:57,4.92,0.01,1,492,买盘
115,09:56:04,4.91,-0.01,2,982,卖盘
116,09:56:21,4.91,0.0,1,491,卖盘
117,09:56:45,4.91,0.0,1,491,卖盘
118,09:57:22,4.92,0.01,1,492,买盘
119,09:58:33,4.92,0.0,1,492,买盘
120,09:58:39,4.92,0.0,5,2460,卖盘
121,09:58:43,4.92,0.0,1,492,卖盘
122,09:59:04,4.92,0.0,2,984,卖盘
123,09:59:06,4.92,0.0,1,492,卖盘
124,09:59:57,4.91,-0.01,1,491,卖盘
125,10:00:01,4.91,0.0,10,4910,卖盘
126,10:00:33,4.92,0.01,1,492,买盘
127,10:00:36,4.92,0.0,1,492,卖盘
128,10:00:39,4.92,0.0,1,492,卖盘
129,10:00:54,4.93,0.01,1,493,买盘
130,10:01:39,4.91,-0.02,19,9329,卖盘
131,10:02:04,4.91,0.0,2,982,卖盘
132,10:02:09,4.91,0.0,1,491,卖盘
133,10:02:16,4.91,0.0,1,491,卖盘
134,10:02:21,4.91,0.0,1,491,卖盘
135,10:03:13,4.91,0.0,1,491,卖盘
136,10:03:57,4.91,0.0,1,491,卖盘
137,10:04:15,4.91,0.0,1,491,卖盘
138,10:05:18,4.91,0.0,1,491,卖盘
139,10:05:24,4.91,0.0,1,491,卖盘
140,10:06:24,4.91,0.0,1,491,卖盘
141,10:06:57,4.91,0.0,1,491,卖盘
142,10:07:21,4.91,0.0,150,73650,卖盘
143,10:07:30,4.91,0.0,1,491,卖盘
144,10:08:03,4.91,0.0,2,982,卖盘
145,10:08:21,4.91,0.0,1,491,卖盘
146,10:08:36,4.91,0.0,1,491,卖盘
147,10:09:15,4.91,0.0,5,2455,卖盘
148,10:09:36,4.91,0.0,1,491,卖盘
149,10:10:09,4.93,0.02,1,493,买盘
150,10:10:15,4.93,0.0,5,2465,买盘
151,10:11:03,4.93,0.0,1,493,买盘
152,10:12:04,4.93,0.0,1,493,买盘
153,10:12:15,4.93,0.0,1,493,买盘
154,10:12:27,4.93,0.0,1,493,买盘
155,10:12:57,4.93,0.0,1,493,买盘
156,10:13:04,4.93,0.0,60,29580,买盘
157,10:14:03,4.91,-0.02,3,1474,卖盘
158,10:15:39,4.92,0.01,1,492,买盘
159,10:15:51,4.91,-0.01,1,491,卖盘
160,10:16:04,4.92,0.01,13,6396,买盘
161,10:16:06,4.92,0.0,2,984,卖盘
162,10:16:09,4.92,0.0,5,2460,卖盘
163,10:16:21,4.92,0.0,1,492,买盘
164,10:17:01,4.92,0.0,1,492,买盘
165,10:17:09,4.91,-0.01,2,982,卖盘
166,10:17:25,4.91,0.0,4,1967,卖盘
167,10:17:48,4.92,0.01,2,984,买盘
168,10:18:09,4.92,0.0,1,492,买盘
169,10:18:19,4.92,0.0,1,492,买盘
170,10:18:48,4.93,0.01,54,26622,买盘
171,10:19:03,4.93,0.0,1,493,买盘
172,10:19:39,4.93,0.0,1,493,买盘
173,10:20:04,4.93,0.0,1,493,买盘
174,10:20:12,4.93,0.0,1,493,买盘
175,10:20:52,4.93,0.0,1,493,买盘
176,10:22:04,4.93,0.0,1,493,买盘
177,10:23:04,4.93,0.0,1,493,买盘
178,10:23:24,4.93,0.0,2,986,买盘
179,10:23:51,4.91,-0.02,3,1473,卖盘
180,10:24:36,4.93,0.02,18,8874,买盘
181,10:25:04,4.93,0.0,1,493,买盘
182,10:26:04,4.93,0.0,1,493,买盘
183,10:26:37,4.91,-0.02,1,491,卖盘
184,10:28:06,4.93,0.02,1,493,买盘
185,10:28:18,4.93,0.0,1,493,买盘
186,10:30:03,4.93,0.0,1,493,买盘
187,10:30:12,4.93,0.0,1,493,买盘
188,10:31:04,4.92,-0.01,1,492,买盘
189,10:33:04,4.92,0.0,1,492,买盘
190,10:33:15,4.93,0.01,2,986,买盘
191,10:34:03,4.93,0.0,1,493,买盘
192,10:34:54,4.93,0.0,1,493,买盘
193,10:36:04,4.93,0.0,1,493,买盘
194,10:36:15,4.93,0.0,1,493,买盘
195,10:37:04,4.92,-0.01,1,492,买盘
196,10:37:42,4.92,0.0,2,984,买盘
197,10:37:49,4.91,-0.01,20,9820,卖盘
198,10:38:15,4.92,0.01,2,984,买盘
199,10:38:51,4.91,-0.01,2,982,卖盘
200,10:39:21,4.91,0.0,30,14730,卖盘
201,10:40:07,4.92,0.01,1,492,买盘
202,10:40:13,4.92,0.0,1,492,买盘
203,10:40:33,4.91,-0.01,50,24550,卖盘
204,10:41:24,4.91,0.0,50,24550,卖盘
205,10:41:27,4.91,0.0,1,491,卖盘
206,10:41:39,4.91,0.0,1,491,卖盘
207,10:41:42,4.91,0.0,3,1473,卖盘
208,10:42:18,4.92,0.01,1,492,买盘
209,10:42:27,4.92,0.0,2,984,买盘
210,10:42:54,4.91,-0.01,2,982,卖盘
211,10:45:24,4.9,-0.01,35,17157,卖盘
212,10:45:27,4.92,0.02,59,29028,买盘
213,10:45:30,4.92,0.0,2,984,卖盘
214,10:45:33,4.92,0.0,1,492,卖盘
215,10:45:36,4.92,0.0,2,984,卖盘
216,10:45:39,4.92,0.0,2,984,卖盘
217,10:45:48,4.92,0.0,20,9840,买盘
218,10:47:03,4.92,0.0,1,492,买盘
219,10:47:51,4.92,0.0,73,35916,买盘
220,10:48:03,4.92,0.0,1,492,买盘
221,10:48:33,4.91,-0.01,9,4419,卖盘
222,10:49:09,4.91,0.0,2,982,买盘
223,10:49:45,4.91,0.0,2,982,卖盘
224,10:50:00,4.91,0.0,1,491,买盘
225,10:50:03,4.91,0.0,7,3437,买盘
226,10:50:06,4.93,0.02,11,5423,买盘
227,10:50:58,4.91,-0.02,48,23568,卖盘
228,10:51:04,4.91,0.0,3,1473,买盘
229,10:52:39,4.91,0.0,29,14239,买盘
230,10:52:42,4.91,0.0,33,16203,买盘
231,10:54:54,4.91,0.0,2,982,卖盘
232,11:00:54,4.91,0.0,2,982,卖盘
233,11:06:48,4.92,0.01,1,492,买盘
234,11:06:51,4.92,0.0,44,21648,买盘
235,11:06:54,4.92,0.0,6,2952,卖盘
236,11:06:58,4.92,0.0,1,492,卖盘
237,11:07:01,4.92,0.0,1,492,卖盘
238,11:07:18,4.92,0.0,4,1968,卖盘
239,11:07:21,4.92,0.0,12,5904,卖盘
240,11:07:24,4.92,0.0,2,984,卖盘
241,11:07:27,4.92,0.0,7,3444,卖盘
242,11:07:30,4.92,0.0,5,2460,卖盘
243,11:07:33,4.92,0.0,6,2952,卖盘
244,11:07:36,4.92,0.0,2,984,卖盘
245,11:07:39,4.92,0.0,16,7872,卖盘
246,11:07:43,4.92,0.0,7,3444,卖盘
247,11:07:46,4.92,0.0,8,3936,卖盘
248,11:07:51,4.92,0.0,10,4920,卖盘
249,11:07:54,4.92,0.0,5,2460,卖盘
250,11:08:00,4.92,0.0,4,1968,卖盘
251,11:08:04,4.92,0.0,7,3444,卖盘
252,11:08:09,4.92,0.0,6,2952,卖盘
253,11:08:12,4.92,0.0,7,3444,卖盘
254,11:08:15,4.92,0.0,7,3444,卖盘
255,11:08:18,4.92,0.0,2,984,卖盘
256,11:08:22,4.92,0.0,8,3936,卖盘
257,11:08:24,4.92,0.0,6,2952,卖盘
258,11:08:27,4.92,0.0,3,1476,卖盘
259,11:08:30,4.92,0.0,15,7380,卖盘
260,11:08:33,4.92,0.0,16,7872,卖盘
261,11:08:36,4.92,0.0,8,3936,卖盘
262,11:08:42,4.92,0.0,4,1968,卖盘
263,11:09:45,4.92,0.0,30,14760,卖盘
264,11:10:04,4.92,0.0,10,4920,卖盘
265,11:10:06,4.93,0.01,1,493,买盘
266,11:10:12,4.93,0.0,184,90712,买盘
267,11:10:15,4.93,0.0,172,84796,买盘
268,11:10:18,4.93,0.0,10,4930,卖盘
269,11:10:57,4.93,0.0,63,31059,买盘
270,11:11:04,4.93,0.0,8,3944,卖盘
271,11:11:15,4.93,0.0,2,986,卖盘
272,11:11:18,4.93,0.0,43,21199,中性盘
273,11:11:39,4.93,0.0,2,986,卖盘
274,11:11:42,4.93,0.0,28,13804,卖盘
275,11:12:03,4.93,0.0,1,493,买盘
276,11:12:54,4.92,-0.01,2,984,卖盘
277,11:15:21,4.93,0.01,1,493,买盘
278,11:15:30,4.93,0.0,2,986,买盘
279,11:16:04,4.93,0.0,1,493,买盘
280,11:18:04,4.93,0.0,1,493,买盘
281,11:18:33,4.91,-0.02,9,4426,卖盘
282,11:20:21,4.93,0.02,5,2465,买盘
283,11:20:30,4.93,0.0,5,2465,买盘
284,11:20:39,4.93,0.0,1,493,买盘
285,11:20:42,4.93,0.0,5,2465,买盘
286,11:20:54,4.93,0.0,4,1972,买盘
287,11:21:04,4.93,0.0,1,493,买盘
288,11:22:24,4.93,0.0,5,2463,买盘
289,11:22:33,4.93,0.0,5,2465,买盘
290,11:22:42,4.93,0.0,5,2465,买盘
291,11:22:54,4.93,0.0,4,1972,买盘
292,11:23:04,4.93,0.0,1,493,买盘
293,11:23:57,4.91,-0.02,60,29460,卖盘
294,11:24:27,4.93,0.02,5,2465,买盘
295,11:24:33,4.93,0.0,1,493,买盘
296,11:24:36,4.93,0.0,5,2465,买盘
297,11:24:45,4.93,0.0,5,2465,买盘
298,11:24:54,4.93,0.0,4,1972,买盘
299,11:26:04,4.93,0.0,1,493,买盘
300,11:26:27,4.93,0.0,6,2958,买盘
301,11:26:36,4.93,0.0,4,1972,买盘
302,11:26:45,4.93,0.0,4,1972,买盘
303,11:26:57,4.93,0.0,5,2465,买盘
304,11:27:03,4.93,0.0,1,493,买盘
305,11:27:21,4.91,-0.02,7,3437,卖盘
306,11:28:30,4.93,0.02,5,2465,买盘
307,11:28:39,4.93,0.0,5,2465,买盘
308,11:28:48,4.93,0.0,5,2465,买盘
309,11:28:57,4.93,0.0,4,1972,买盘
310,11:29:04,4.93,0.0,1,493,买盘
311,13:00:04,4.93,0.0,101,49793,买盘
312,13:00:30,4.94,0.01,5,2470,买盘
313,13:00:39,4.94,0.0,6,2964,买盘
314,13:00:48,4.94,0.0,4,1976,买盘
315,13:00:54,4.93,-0.01,2,986,卖盘
316,13:01:00,4.94,0.01,4,1976,买盘
317,13:01:19,4.94,0.0,1,494,买盘
318,13:02:04,4.94,0.0,1,494,买盘
319,13:02:30,4.94,0.0,6,2964,买盘
320,13:02:42,4.94,0.0,4,1976,买盘
321,13:02:51,4.94,0.0,5,2470,买盘
322,13:03:00,4.93,-0.01,41,20217,卖盘
323,13:04:03,4.93,0.0,1,493,买盘
324,13:04:30,4.93,0.0,5,2465,买盘
325,13:04:33,4.93,0.0,2,986,买盘
326,13:04:42,4.93,0.0,4,1972,买盘
327,13:04:48,4.93,0.0,7,3451,买盘
328,13:04:51,4.94,0.01,5,2470,买盘
329,13:04:57,4.94,0.0,65,32110,买盘
330,13:05:00,4.94,0.0,32,15808,买盘
331,13:05:04,4.94,0.0,12,5928,买盘
332,13:05:54,4.94,0.0,55,27170,买盘
333,13:05:57,4.95,0.01,24,11878,买盘
334,13:06:00,4.91,-0.04,18,8885,卖盘
335,13:06:04,4.93,0.02,14,6902,中性盘
336,13:06:06,4.93,0.0,1,493,买盘
337,13:06:27,4.93,0.0,4,1972,买盘
338,13:06:33,4.93,0.0,5,2465,买盘
339,13:06:42,4.93,0.0,4,1972,买盘
340,13:06:51,4.93,0.0,5,2465,买盘
341,13:06:57,4.94,0.01,11,5430,买盘
342,13:07:00,4.94,0.0,1,494,买盘
343,13:07:03,4.94,0.0,5,2470,买盘
344,13:08:00,4.93,-0.01,1,493,买盘
345,13:08:33,4.93,0.0,5,2465,买盘
346,13:08:46,4.93,0.0,78,38454,买盘
347,13:08:48,4.93,0.0,34,16762,中性盘
348,13:08:51,4.93,0.0,11,5423,买盘
349,13:08:54,4.93,0.0,5,2465,买盘
350,13:09:04,4.93,0.0,4,1972,买盘
351,13:10:04,4.93,0.0,1,493,买盘
352,13:10:36,4.92,-0.01,2,984,买盘
353,13:10:39,4.92,0.0,4,1971,卖盘
354,13:10:43,4.94,0.02,3,1482,买盘
355,13:10:45,4.94,0.0,10,4940,买盘
356,13:10:48,4.94,0.0,5,2470,买盘
357,13:10:51,4.94,0.0,8,3952,买盘
358,13:10:54,4.94,0.0,4,1976,买盘
359,13:11:03,4.94,0.0,1,494,买盘
360,13:11:06,4.94,0.0,5,2470,买盘
361,13:11:09,4.94,0.0,11,5434,买盘
362,13:11:12,4.94,0.0,12,5928,买盘
363,13:12:36,4.94,0.0,5,2470,买盘
364,13:12:46,4.94,0.0,5,2470,买盘
365,13:12:48,4.94,0.0,11,5434,买盘
366,13:12:57,4.94,0.0,84,41494,买盘
367,13:13:00,4.94,0.0,31,15314,买盘
368,13:13:04,4.94,0.0,1,494,买盘
369,13:13:06,4.94,0.0,15,7410,买盘
370,13:13:33,4.94,0.0,72,35568,买盘
371,13:13:36,4.94,0.0,29,14326,买盘
372,13:13:45,4.94,0.0,8,3952,买盘
373,13:13:48,4.94,0.0,19,9386,买盘
374,13:14:15,4.94,0.0,72,35568,买盘
375,13:14:18,4.94,0.0,30,14820,买盘
376,13:14:21,4.95,0.01,10,4948,买盘
377,13:14:39,4.94,-0.01,5,2470,买盘
378,13:14:42,4.94,0.0,7,3458,买盘
379,13:14:48,4.94,0.0,5,2470,买盘
380,13:14:58,4.94,0.0,5,2470,买盘
381,13:15:00,4.94,0.0,11,5434,买盘
382,13:15:04,4.94,0.0,1,494,买盘
383,13:15:09,4.94,0.0,4,1976,买盘
384,13:15:33,4.95,0.01,7,3459,买盘
385,13:15:52,4.92,-0.03,20,9840,卖盘
386,13:15:55,4.95,0.03,14,6930,买盘
387,13:15:57,4.95,0.0,1,495,买盘
388,13:16:00,4.95,0.0,1,495,买盘
389,13:16:36,4.95,0.0,8,3960,买盘
390,13:16:43,4.95,0.0,6,2970,买盘
391,13:16:45,4.95,0.0,10,4950,买盘
392,13:16:48,4.95,0.0,5,2475,买盘
393,13:17:01,4.95,0.0,4,1980,买盘
394,13:17:06,4.95,0.0,72,35640,买盘
395,13:17:09,4.95,0.0,34,16830,买盘
396,13:17:12,4.95,0.0,11,5442,买盘
397,13:17:28,4.94,-0.01,7,3458,买盘
398,13:17:51,4.94,0.0,3,1482,买盘
399,13:18:04,4.95,0.01,5,2475,买盘
400,13:18:12,4.95,0.0,69,34155,买盘
401,13:18:15,4.95,0.0,36,17820,买盘
402,13:18:18,4.95,0.0,72,35640,买盘
403,13:18:21,4.96,0.01,31,15347,买盘
404,13:18:24,4.96,0.0,15,7440,买盘
405,13:18:42,4.93,-0.03,11,5443,卖盘
406,13:18:52,4.96,0.03,9,4456,买盘
407,13:18:54,4.96,0.0,12,5950,买盘
408,13:19:03,4.96,0.0,1,496,买盘
409,13:19:18,4.95,-0.01,7,3465,中性盘
410,13:19:21,4.96,0.01,21,10396,买盘
411,13:19:24,4.96,0.0,13,6448,买盘
412,13:20:15,4.95,-0.01,7,3465,买盘
413,13:20:42,4.95,0.0,10,4950,买盘
414,13:20:45,4.95,0.0,10,4950,买盘
415,13:20:48,4.95,0.0,20,9900,买盘
416,13:20:51,4.96,0.01,19,9411,买盘
417,13:21:03,4.96,0.0,1,496,买盘
418,13:21:07,4.96,0.0,7,3472,买盘
419,13:21:55,4.95,-0.01,7,3465,买盘
420,13:21:57,4.95,0.0,11,5445,买盘
421,13:22:00,4.95,0.0,4,1980,买盘
422,13:22:03,4.95,0.0,1,495,买盘
423,13:22:42,4.95,0.0,1,495,买盘
424,13:22:45,4.96,0.01,11,5450,买盘
425,13:22:48,4.96,0.0,17,8432,买盘
426,13:22:54,4.96,0.0,8,3968,买盘
427,13:23:42,4.93,-0.03,3,1479,卖盘
428,13:23:46,4.95,0.02,7,3465,买盘
429,13:23:48,4.95,0.0,11,5445,买盘
430,13:24:00,4.95,0.0,43,21285,买盘
431,13:24:04,4.95,0.0,18,8910,买盘
432,13:24:24,4.95,0.0,10,4950,买盘
433,13:24:48,4.95,0.0,10,4950,买盘
434,13:24:52,4.96,0.01,21,10415,买盘
435,13:24:54,4.96,0.0,9,4464,买盘
436,13:24:57,4.96,0.0,10,4958,买盘
437,13:25:00,4.96,0.0,5,2480,买盘
438,13:25:43,4.95,-0.01,7,3465,买盘
439,13:26:04,4.95,0.0,1,495,买盘
440,13:26:30,4.94,-0.01,12,5928,卖盘
441,13:26:33,4.94,0.0,12,5928,买盘
442,13:26:36,4.95,0.01,7,3459,买盘
443,13:26:39,4.95,0.0,10,4950,买盘
444,13:26:48,4.95,0.0,10,4950,买盘
445,13:26:54,4.95,0.0,9,4455,买盘
446,13:27:04,4.95,0.0,1,495,买盘
447,13:27:57,4.95,0.0,27,13365,买盘
448,13:28:00,4.96,0.01,15,7428,买盘
449,13:28:42,4.95,-0.01,12,5940,买盘
450,13:28:45,4.95,0.0,7,3465,买盘
451,13:28:48,4.96,0.01,11,5455,买盘
452,13:28:51,4.96,0.0,9,4464,买盘
453,13:28:54,4.96,0.0,11,5456,买盘
454,13:28:57,4.96,0.0,10,4960,买盘
455,13:29:03,4.95,-0.01,1,495,中性盘
456,13:29:30,4.96,0.01,17,8418,买盘
457,13:29:48,4.95,-0.01,8,3960,买盘
458,13:29:51,4.95,0.0,11,5445,买盘
459,13:30:03,4.95,0.0,1,495,买盘
460,13:30:16,4.95,0.0,10,4950,买盘
461,13:30:19,4.95,0.0,12,5940,买盘
462,13:30:51,4.95,0.0,19,9387,买盘
463,13:30:54,4.95,0.0,14,6930,买盘
464,13:30:57,4.95,0.0,20,9898,买盘
465,13:31:00,4.95,0.0,10,4950,买盘
466,13:31:43,4.95,0.0,7,3465,买盘
467,13:31:57,4.94,-0.01,6,2964,买盘
468,13:32:00,4.94,0.0,1,494,买盘
469,13:32:12,4.93,-0.01,2,986,卖盘
470,13:32:51,4.94,0.01,10,4940,买盘
471,13:32:54,4.94,0.0,22,10868,买盘
472,13:33:00,4.94,0.0,9,4446,买盘
473,13:33:04,4.94,0.0,1,494,买盘
474,13:33:12,4.93,-0.01,15,7395,卖盘
475,13:33:15,4.94,0.01,11,5434,买盘
476,13:33:36,4.93,-0.01,2,986,卖盘
477,13:33:57,4.94,0.01,8,3952,买盘
478,13:34:01,4.94,0.0,11,5434,买盘
479,13:34:54,4.94,0.0,11,5434,买盘
480,13:34:57,4.94,0.0,8,3952,买盘
481,13:35:04,4.94,0.0,9,4446,买盘
482,13:35:06,4.94,0.0,14,6916,买盘
483,13:35:24,4.93,-0.01,7,3451,卖盘
484,13:36:06,4.94,0.01,9,4446,买盘
485,13:36:12,4.94,0.0,1,494,买盘
486,13:36:19,4.94,0.0,1,494,买盘
487,13:36:36,4.94,0.0,11,5434,买盘
488,13:36:39,4.95,0.01,14,6930,买盘
489,13:36:48,4.95,0.0,61,30195,买盘
490,13:36:51,4.95,0.0,20,9900,买盘
491,13:36:54,4.95,0.0,29,14355,买盘
492,13:37:04,4.95,0.0,8,3958,买盘
493,13:37:06,4.95,0.0,13,6435,买盘
494,13:37:48,4.94,-0.01,7,3458,买盘
495,13:38:04,4.94,0.0,1,494,买盘
496,13:38:54,4.94,0.0,11,5434,买盘
497,13:38:57,4.94,0.0,9,4446,买盘
498,13:39:00,4.94,0.0,14,6916,买盘
499,13:39:04,4.94,0.0,8,3952,买盘
500,13:39:10,4.94,0.0,10,4940,买盘
501,13:39:15,4.94,0.0,4,1976,卖盘
502,13:39:18,4.95,0.01,17,8409,买盘
503,13:39:30,4.95,0.0,56,27720,买盘
504,13:39:33,4.95,0.0,20,9900,买盘
505,13:39:36,4.95,0.0,10,4950,买盘
506,13:39:57,4.95,0.0,8,3955,买盘
507,13:40:00,4.95,0.0,1,495,买盘
508,13:40:45,4.95,0.0,17,8415,买盘
509,13:40:48,4.95,0.0,13,6435,买盘
510,13:40:51,4.95,0.0,7,3465,买盘
511,13:40:57,4.94,-0.01,11,5434,中性盘
512,13:41:00,4.94,0.0,1,494,买盘
513,13:41:04,4.94,0.0,10,4940,买盘
514,13:41:06,4.94,0.0,8,3952,买盘
515,13:41:15,4.94,0.0,17,8398,买盘
516,13:41:18,4.95,0.01,13,6432,买盘
517,13:42:12,4.94,-0.01,10,4940,买盘
518,13:42:19,4.93,-0.01,6,2958,卖盘
519,13:42:54,4.93,0.0,2,986,卖盘
520,13:43:00,4.94,0.01,10,4940,买盘
521,13:43:04,4.94,0.0,21,10374,买盘
522,13:43:06,4.94,0.0,9,4446,买盘
523,13:43:18,4.94,0.0,1,494,买盘
524,13:44:04,4.94,0.0,1,494,买盘
525,13:44:06,4.94,0.0,8,3952,买盘
526,13:44:09,4.94,0.0,13,6422,买盘
527,13:44:15,4.93,-0.01,11,5423,卖盘
528,13:45:00,4.94,0.01,10,4940,买盘
529,13:45:04,4.94,0.0,18,8892,买盘
530,13:45:18,4.94,0.0,11,5434,买盘
531,13:45:22,4.94,0.0,10,4940,买盘
532,13:45:30,4.94,0.0,11,5434,买盘
533,13:45:57,4.94,0.0,7,3458,买盘
534,13:46:03,4.94,0.0,1,494,买盘
535,13:47:01,4.94,0.0,1,494,买盘
536,13:47:04,4.94,0.0,18,8892,买盘
537,13:47:21,4.94,0.0,11,5434,买盘
538,13:47:31,4.94,0.0,40,19760,买盘
539,13:47:33,4.94,0.0,21,10372,买盘
540,13:47:36,4.94,0.0,11,5434,买盘
541,13:48:12,4.94,0.0,10,4940,买盘
542,13:48:21,4.94,0.0,2,988,买盘
543,13:49:00,4.94,0.0,1,494,买盘
544,13:49:12,4.94,0.0,7,3458,买盘
545,13:49:15,4.94,0.0,10,4940,买盘
546,13:49:21,4.94,0.0,11,5434,买盘
547,13:49:34,4.94,0.0,10,4940,买盘
548,13:49:36,4.94,0.0,11,5434,买盘
549,13:49:42,4.94,0.0,1,494,买盘
550,13:50:04,4.94,0.0,7,3458,买盘
551,13:50:42,4.93,-0.01,10,4930,卖盘
552,13:51:06,4.94,0.01,8,3952,买盘
553,13:51:09,4.94,0.0,13,6422,买盘
554,13:51:18,4.94,0.0,1,494,买盘
555,13:51:24,4.94,0.0,10,4940,买盘
556,13:51:33,4.94,0.0,10,4940,买盘
557,13:51:36,4.94,0.0,9,4446,买盘
558,13:51:42,4.94,0.0,2,988,买盘
559,13:51:57,4.94,0.0,7,3458,买盘
560,13:52:04,4.94,0.0,1,494,买盘
561,13:52:24,4.94,0.0,1,494,买盘
562,13:53:24,4.94,0.0,10,4940,买盘
563,13:53:27,4.94,0.0,12,5928,买盘
564,13:53:36,4.94,0.0,12,5928,买盘
565,13:53:51,4.93,-0.01,2,986,卖盘
566,13:54:12,4.94,0.01,76,37544,买盘
567,13:54:18,4.94,0.0,7,3458,买盘
568,13:54:21,4.94,0.0,1,494,买盘
569,13:54:45,4.94,0.0,67,33098,买盘
570,13:55:00,4.94,0.0,1,494,买盘
571,13:55:03,4.94,0.0,38,18772,买盘
572,13:55:06,4.94,0.0,10,4940,买盘
573,13:55:18,4.94,0.0,7,3458,买盘
574,13:55:27,4.94,0.0,11,5434,买盘
575,13:55:33,4.94,0.0,6,2964,买盘
576,13:55:36,4.95,0.01,11,5440,买盘
577,13:56:28,4.95,0.0,10,4950,买盘
578,13:57:00,4.95,0.0,1,495,买盘
579,13:57:27,4.95,0.0,11,5445,买盘
580,13:57:30,4.95,0.0,8,3960,买盘
581,13:57:39,4.95,0.0,11,5445,买盘
582,13:58:04,4.95,0.0,1,495,买盘
583,13:58:42,4.95,0.0,9,4455,买盘
584,13:59:30,4.95,0.0,12,5940,买盘
585,13:59:33,4.95,0.0,7,3465,买盘
586,13:59:39,4.95,0.0,10,4950,买盘
587,14:00:04,4.95,0.0,1,495,买盘
588,14:00:57,4.93,-0.02,91,44883,卖盘
589,14:01:18,4.93,0.0,41,20213,卖盘
590,14:01:30,4.95,0.02,11,5445,买盘
591,14:01:36,4.94,-0.01,1,494,买盘
592,14:01:39,4.94,0.0,11,5434,买盘
593,14:01:45,4.92,-0.02,80,39406,卖盘
594,14:01:48,4.94,0.02,7,3458,买盘
595,14:02:15,4.92,-0.02,25,12300,卖盘
596,14:03:04,4.94,0.02,9,4446,买盘
597,14:03:18,4.94,0.0,1,494,买盘
598,14:03:21,4.92,-0.02,4,1968,卖盘
599,14:03:30,4.94,0.02,10,4940,买盘
600,14:03:42,4.94,0.0,11,5434,买盘
601,14:03:51,4.94,0.0,1,494,买盘
602,14:03:54,4.94,0.0,7,3458,买盘
603,14:04:42,4.94,0.0,7,3458,买盘
604,14:05:00,4.94,0.0,1,494,买盘
605,14:05:33,4.94,0.0,11,5434,买盘
606,14:05:36,4.94,0.0,7,3458,买盘
607,14:05:43,4.94,0.0,10,4940,买盘
608,14:05:51,4.94,0.0,1,494,买盘
609,14:06:03,4.94,0.0,1,494,买盘
610,14:06:54,4.93,-0.01,2,986,卖盘
611,14:06:57,4.94,0.01,10,4940,买盘
612,14:07:06,4.94,0.0,2,988,买盘
613,14:07:33,4.94,0.0,11,5434,买盘
614,14:07:45,4.94,0.0,11,5434,买盘
615,14:07:48,4.94,0.0,7,3458,买盘
616,14:08:04,4.94,0.0,1,494,买盘
617,14:08:06,4.94,0.0,1,494,买盘
618,14:08:39,4.94,0.0,8,3952,买盘
619,14:08:42,4.94,0.0,7,3458,买盘
620,14:09:04,4.94,0.0,1,494,买盘
621,14:09:15,4.94,0.0,4,1976,买盘
622,14:09:36,4.94,0.0,12,5928,买盘
623,14:09:39,4.94,0.0,7,3458,买盘
624,14:09:45,4.94,0.0,10,4940,买盘
625,14:09:54,4.94,0.0,4,1976,买盘
626,14:10:42,4.94,0.0,9,4446,买盘
627,14:11:03,4.94,0.0,1,494,买盘
628,14:11:36,4.94,0.0,11,5434,买盘
629,14:11:40,4.94,0.0,7,3458,买盘
630,14:11:48,4.94,0.0,11,5434,买盘
631,14:12:00,4.94,0.0,1,494,买盘
632,14:12:54,4.93,-0.01,2,986,卖盘
633,14:12:57,4.94,0.01,10,4940,买盘
634,14:13:37,4.92,-0.02,122,60037,卖盘
635,14:13:40,4.94,0.02,10,4940,买盘
636,14:13:45,4.94,0.0,7,3458,买盘
637,14:13:48,4.94,0.0,11,5434,买盘
638,14:13:54,4.94,0.0,72,35568,买盘
639,14:13:57,4.94,0.0,1,494,买盘
640,14:14:04,4.94,0.0,1,494,买盘
641,14:15:04,4.94,0.0,10,4940,买盘
642,14:15:09,4.94,0.0,72,35568,买盘
643,14:15:39,4.94,0.02,11,5432,买盘
644,14:15:51,4.94,0.0,10,4940,买盘
645,14:15:55,4.94,0.0,7,3458,买盘
646,14:16:00,4.94,0.0,1,494,买盘
647,14:16:04,4.94,0.0,1,494,买盘
648,14:17:04,4.94,0.0,1,494,买盘
649,14:17:06,4.94,0.0,9,4446,买盘
650,14:17:09,4.93,-0.01,1,493,卖盘
651,14:17:42,4.94,0.01,10,4940,买盘
652,14:17:51,4.94,0.0,11,5434,买盘
653,14:18:01,4.94,0.0,1,494,买盘
654,14:18:04,4.94,0.0,7,3458,买盘
655,14:18:54,4.93,-0.01,2,986,卖盘
656,14:18:57,4.94,0.01,8,3952,买盘
657,14:19:01,4.94,0.0,3,1482,买盘
658,14:19:04,4.94,0.0,1,494,买盘
659,14:19:27,4.92,-0.02,100,49200,卖盘
660,14:19:42,4.94,0.02,10,4940,买盘
661,14:19:54,4.94,0.0,11,5434,买盘
662,14:19:57,4.94,0.0,7,3458,买盘
663,14:20:01,4.94,0.0,1,494,买盘
664,14:20:04,4.94,0.0,1,494,买盘
665,14:20:12,4.91,-0.03,122,59965,卖盘
666,14:20:45,4.93,0.02,7,3451,买盘
667,14:21:39,4.91,-0.02,1,491,卖盘
668,14:21:43,4.93,0.02,7,3451,买盘
669,14:21:45,4.93,0.0,11,5423,买盘
670,14:21:54,4.93,0.0,10,4930,买盘
671,14:22:03,4.93,0.0,2,986,买盘
672,14:22:18,4.93,0.0,4,1972,买盘
673,14:22:36,4.94,0.01,7,3458,买盘
674,14:23:04,4.94,0.0,1,494,买盘
675,14:23:15,4.94,0.0,7,3458,买盘
676,14:23:28,4.94,0.0,8,3952,买盘
677,14:23:36,4.94,0.0,6,2964,买盘
678,14:23:45,4.94,0.0,11,5434,买盘
679,14:23:54,4.94,0.0,10,4940,买盘
680,14:24:03,4.94,0.0,1,494,买盘
681,14:24:06,4.94,0.0,6,2964,买盘
682,14:24:45,4.94,0.0,3,1482,买盘
683,14:24:48,4.94,0.0,11,5434,买盘
684,14:24:54,4.93,-0.01,2,986,卖盘
685,14:25:09,4.94,0.01,3,1482,买盘
686,14:25:12,4.93,-0.01,122,60146,卖盘
687,14:25:24,4.95,0.02,360,177972,买盘
688,14:25:33,4.95,0.0,1,495,买盘
689,14:25:36,4.95,0.0,4,1980,买盘
690,14:25:43,4.95,0.0,7,3465,买盘
691,14:25:49,4.95,0.0,10,4950,买盘
692,14:25:57,4.95,0.0,12,5940,买盘
693,14:26:04,4.95,0.0,1,495,买盘
694,14:26:10,4.95,0.0,7,3465,买盘
695,14:26:12,4.95,0.0,560,277200,买盘
696,14:26:39,4.95,0.0,6,2970,买盘
697,14:26:42,4.95,0.0,8,3960,买盘
698,14:27:06,4.95,0.0,7,3465,买盘
699,14:27:33,4.96,0.01,660,327285,买盘
700,14:27:36,4.96,0.0,7,3472,买盘
701,14:27:42,4.96,0.0,6,2976,买盘
702,14:27:48,4.96,0.0,11,5456,买盘
703,14:27:57,4.96,0.0,10,4960,买盘
704,14:28:00,4.96,0.0,1,496,买盘
705,14:28:06,4.96,0.0,12,5952,买盘
706,14:28:09,4.96,0.0,1,496,买盘
707,14:28:18,4.94,-0.02,1,494,买盘
708,14:28:42,4.95,0.01,8,3960,买盘
709,14:28:45,4.95,0.0,4,1980,买盘
710,14:29:06,4.95,0.0,6,2970,买盘
711,14:29:39,4.95,0.0,8,3960,买盘
712,14:29:42,4.95,0.0,8,3960,买盘
713,14:29:49,4.95,0.0,12,5940,买盘
714,14:30:00,4.95,0.0,11,5445,买盘
715,14:30:07,4.95,0.0,2,990,买盘
716,14:30:42,4.95,0.0,7,3465,买盘
717,14:30:46,4.95,0.0,8,3960,买盘
718,14:30:54,4.94,-0.01,2,988,卖盘
719,14:31:09,4.95,0.01,3,1485,买盘
720,14:31:18,4.95,0.0,1,495,买盘
721,14:31:30,4.95,0.0,13,6435,买盘
722,14:31:33,4.95,0.0,129,63629,买盘
723,14:31:46,4.95,0.0,6,2970,买盘
724,14:31:51,4.95,0.0,11,5445,买盘
725,14:32:00,4.95,0.0,10,4950,买盘
726,14:32:03,4.95,0.0,6,2970,买盘
727,14:32:10,4.95,0.0,1,495,买盘
728,14:32:18,4.95,0.0,7,3465,买盘
729,14:32:21,4.95,0.0,13,6435,买盘
730,14:32:24,4.95,0.0,7,3465,买盘
731,14:32:36,4.95,0.0,13,6435,买盘
732,14:32:48,4.95,0.0,6,2970,买盘
733,14:33:04,4.95,0.0,1,495,买盘
734,14:33:16,4.95,0.0,5,2475,买盘
735,14:33:18,4.95,0.0,7,3465,买盘
736,14:33:24,4.95,0.0,14,6930,买盘
737,14:33:30,4.95,0.0,6,2970,买盘
738,14:33:48,4.95,0.0,5,2475,买盘
739,14:33:51,4.95,0.0,11,5445,买盘
740,14:34:00,4.95,0.0,13,6435,买盘
741,14:34:03,4.95,0.0,12,5940,买盘
742,14:34:09,4.95,0.0,5,2475,买盘
743,14:34:12,4.96,0.01,7,3467,买盘
744,14:34:33,4.95,-0.01,12,5940,买盘
745,14:34:39,4.95,0.0,5,2475,买盘
746,14:35:03,4.95,0.0,13,6435,买盘
747,14:35:06,4.95,0.0,7,3465,买盘
748,14:35:09,4.95,0.0,12,5940,买盘
749,14:35:16,4.95,0.0,2,990,买盘
750,14:35:45,4.95,0.0,24,11880,买盘
751,14:35:51,4.95,0.0,12,5940,买盘
752,14:35:57,4.95,0.0,13,6435,买盘
753,14:36:00,4.95,0.0,7,3465,买盘
754,14:36:04,4.95,0.0,11,5445,买盘
755,14:36:27,4.95,0.0,12,5940,买盘
756,14:36:39,4.95,0.0,68,33660,买盘
757,14:36:57,4.95,0.0,20,9898,买盘
758,14:37:00,4.95,0.0,1,495,买盘
759,14:37:33,4.95,0.0,8,3960,买盘
760,14:37:39,4.95,0.0,37,18315,卖盘
761,14:37:42,4.96,0.01,104,51584,买盘
762,14:37:45,4.96,0.0,7,3472,买盘
763,14:37:57,4.96,0.0,24,11904,买盘
764,14:38:04,4.96,0.0,12,5952,买盘
765,14:38:07,4.96,0.0,11,5456,买盘
766,14:38:33,4.96,0.0,83,41168,买盘
767,14:38:36,4.96,0.0,13,6448,买盘
768,14:38:39,4.96,0.0,7,3472,买盘
769,14:38:43,4.96,0.0,50,24800,买盘
770,14:38:48,4.96,0.0,55,27280,买盘
771,14:38:57,4.96,0.0,11,5456,买盘
772,14:39:05,4.96,0.0,1,496,买盘
773,14:39:15,4.96,0.0,82,40672,买盘
774,14:39:36,4.96,0.0,115,57040,买盘
775,14:39:39,4.96,0.0,8,3968,买盘
776,14:39:42,4.96,0.0,12,5952,买盘
777,14:39:57,4.96,0.0,6,2976,买盘
778,14:40:06,4.96,0.0,13,6448,买盘
779,14:40:21,4.96,0.0,60,29760,买盘
780,14:40:24,4.95,-0.01,10,4950,卖盘
781,14:40:39,4.96,0.01,5,2480,买盘
782,14:40:42,4.97,0.01,8,3976,买盘
783,14:40:55,4.97,0.0,115,57155,买盘
784,14:40:58,4.96,-0.01,30,14880,卖盘
785,14:41:21,4.97,0.01,110,54670,买盘
786,14:41:25,4.97,0.0,13,6461,买盘
787,14:41:33,4.97,0.0,1,497,买盘
788,14:41:36,4.97,0.0,7,3479,买盘
789,14:41:40,4.96,-0.01,50,24800,卖盘
790,14:41:46,4.97,0.01,12,5964,买盘
791,14:42:00,4.97,0.0,82,40754,买盘
792,14:42:04,4.97,0.0,1,497,买盘
793,14:42:18,4.95,-0.02,9,4457,卖盘
794,14:42:24,4.97,0.02,91,45227,买盘
795,14:42:27,4.97,0.0,1,497,买盘
796,14:42:42,4.98,0.01,12,5976,买盘
797,14:42:45,4.97,-0.01,6,2982,卖盘
798,14:42:51,4.97,0.0,13,6461,买盘
799,14:43:04,4.96,-0.01,1,496,买盘
800,14:43:15,4.96,0.0,1,496,买盘
801,14:43:30,4.97,0.01,8,3976,买盘
802,14:43:33,4.97,0.0,13,6461,买盘
803,14:43:45,4.97,0.0,57,28329,买盘
804,14:43:49,4.96,-0.01,22,10912,卖盘
805,14:43:58,4.97,0.01,13,6461,买盘
806,14:44:04,4.97,0.0,1,497,买盘
807,14:44:06,4.97,0.0,100,49700,买盘
808,14:44:09,4.96,-0.01,45,22320,卖盘
809,14:44:21,4.96,0.0,100,49600,卖盘
810,14:44:24,4.94,-0.02,46,22813,卖盘
811,14:44:30,4.96,0.02,12,5952,买盘
812,14:44:33,4.96,0.0,54,26784,买盘
813,14:44:36,4.92,-0.04,590,290891,卖盘
814,14:44:39,4.92,0.0,34,16728,卖盘
815,14:44:42,4.94,0.02,2,988,买盘
816,14:44:45,4.94,0.0,2,988,买盘
817,14:44:48,4.94,0.0,2,988,买盘
818,14:44:54,4.92,-0.02,116,57072,卖盘
819,14:44:57,4.92,0.0,31,15252,卖盘
820,14:45:16,4.96,0.04,7,3472,买盘
821,14:45:25,4.96,0.0,100,49528,买盘
822,14:45:31,4.96,0.0,1,496,买盘
823,14:45:33,4.94,-0.02,26,12844,卖盘
824,14:45:45,4.95,0.01,37,18315,买盘
825,14:45:48,4.95,0.0,25,12375,卖盘
826,14:46:06,4.95,0.0,32,15840,卖盘
827,14:46:09,4.94,-0.01,43,21249,卖盘
828,14:46:12,4.95,0.01,12,5940,买盘
829,14:46:16,4.95,0.0,108,53460,买盘
830,14:46:28,4.95,0.0,12,5940,买盘
831,14:46:31,4.94,-0.01,36,17784,卖盘
832,14:46:37,4.95,0.01,2,990,买盘
833,14:46:43,4.95,0.0,72,35640,买盘
834,14:46:46,4.94,-0.01,26,12851,卖盘
835,14:46:49,4.96,0.02,100,49572,买盘
836,14:47:00,4.96,0.0,57,28222,买盘
837,14:47:04,4.94,-0.02,27,13347,卖盘
838,14:47:06,4.94,0.0,12,5928,买盘
839,14:47:33,4.93,-0.01,14,6910,卖盘
840,14:47:36,4.92,-0.01,56,27552,卖盘
841,14:47:46,4.95,0.03,92,45540,买盘
842,14:47:58,4.95,0.0,13,6435,买盘
843,14:48:00,4.95,0.0,7,3465,买盘
844,14:48:04,4.93,-0.02,3,1479,买盘
845,14:48:06,4.93,0.0,1,493,买盘
846,14:48:09,4.93,0.0,1,493,买盘
847,14:48:12,4.93,0.0,1,493,买盘
848,14:48:15,4.93,0.0,29,14297,买盘
849,14:48:27,4.95,0.02,53,26235,买盘
850,14:48:30,4.93,-0.02,26,12818,卖盘
851,14:48:42,4.93,0.0,9,4437,卖盘
852,14:48:45,4.95,0.02,12,5940,买盘
853,14:48:48,4.93,-0.02,16,7902,卖盘
854,14:49:00,4.95,0.02,30,14850,买盘
855,14:49:04,4.95,0.0,16,7922,卖盘
856,14:49:06,4.95,0.0,1,495,卖盘
857,14:49:09,4.96,0.01,114,56543,买盘
858,14:49:24,4.95,-0.01,9,4455,卖盘
859,14:49:28,4.93,-0.02,36,17748,卖盘
860,14:49:31,4.93,0.0,1,493,买盘
861,14:49:34,4.94,0.01,20,9880,买盘
862,14:49:40,4.94,0.0,17,8398,买盘
863,14:49:54,4.95,0.01,43,21285,买盘
864,14:50:04,4.95,0.0,1,495,买盘
865,14:50:24,4.95,0.0,40,19800,买盘
866,14:50:30,4.96,0.01,172,85312,买盘
867,14:50:33,4.95,-0.01,62,30690,卖盘
868,14:50:46,4.96,0.01,107,53032,买盘
869,14:50:48,4.94,-0.02,32,15808,卖盘
870,14:50:51,4.94,0.0,10,4940,卖盘
871,14:51:00,4.96,0.02,43,21268,买盘
872,14:51:04,4.96,0.0,1,496,买盘
873,14:51:10,4.94,-0.02,17,8398,买盘
874,14:51:36,4.94,0.0,70,34580,卖盘
875,14:51:39,4.94,0.0,8,3952,卖盘
876,14:51:49,4.94,0.0,3,1482,卖盘
877,14:51:52,4.94,0.0,44,21736,买盘
878,14:52:19,4.94,0.0,26,12844,买盘
879,14:52:36,4.94,0.0,70,34580,卖盘
880,14:52:49,4.96,0.02,80,39680,买盘
881,14:53:00,4.96,0.0,1,496,买盘
882,14:53:12,4.96,0.0,105,52080,买盘
883,14:53:45,4.94,-0.02,58,28652,买盘
884,14:54:07,4.93,-0.01,12,5916,卖盘
885,14:54:15,4.96,0.03,91,45136,买盘
886,14:54:45,4.95,-0.01,3,1485,买盘
887,14:54:55,4.95,0.0,100,49500,卖盘
888,14:54:58,4.95,0.0,1,495,卖盘
889,14:55:01,4.95,0.0,1,495,卖盘
890,14:55:05,4.93,-0.02,64,31572,卖盘
891,14:55:12,4.95,0.02,148,73260,买盘
892,14:55:18,4.95,0.0,39,19305,买盘
893,14:55:33,4.95,0.0,21,10395,买盘
894,14:55:39,4.95,0.0,20,9999,买盘
895,14:55:58,4.95,0.0,170,84051,卖盘
896,14:56:05,4.95,0.0,2,990,买盘
897,14:56:10,4.95,0.0,28,13959,买盘
898,14:56:12,4.95,0.0,1,495,卖盘
899,14:56:15,4.95,0.0,1,495,卖盘
900,14:56:18,4.95,0.0,1,495,卖盘
901,14:56:21,4.95,0.0,1,495,卖盘
902,14:56:24,4.95,0.0,1,495,卖盘
903,14:56:27,4.95,0.0,1,495,卖盘
904,14:56:30,4.95,0.0,1,495,卖盘
905,14:56:33,4.95,0.0,1,495,卖盘
906,14:56:37,4.95,0.0,1,495,卖盘
907,14:56:40,4.95,0.0,1,495,卖盘
908,14:56:43,4.95,0.0,1,495,卖盘
909,14:56:46,4.95,0.0,1,495,卖盘
910,14:56:49,4.95,0.0,1,495,卖盘
911,14:56:52,4.95,0.0,1,495,卖盘
912,14:56:54,4.96,0.01,216,106839,买盘
913,15:00:05,4.95,-0.01,20,9900,中性盘
