,time,price,change,volume,amount,type
0,09:25:04,5.7,0.04,409,233130,买盘
1,09:30:04,5.68,-0.02,16,9088,卖盘
2,09:30:10,5.64,-0.04,3,1692,卖盘
3,09:30:16,5.63,-0.01,2,1126,中性盘
4,09:30:19,5.63,0.0,2,1126,卖盘
5,09:30:25,5.63,0.0,3,1689,卖盘
6,09:30:31,5.62,-0.01,28,15744,卖盘
7,09:30:37,5.62,0.0,2,1124,买盘
8,09:30:40,5.61,-0.01,6,3371,卖盘
9,09:30:43,5.62,0.01,1,562,买盘
10,09:30:46,5.62,0.0,9,5058,买盘
11,09:30:49,5.62,0.0,5,2810,卖盘
12,09:30:52,5.62,0.0,1,562,卖盘
13,09:31:04,5.63,0.01,12,6756,卖盘
14,09:31:13,5.63,0.0,2,1126,卖盘
15,09:31:25,5.63,0.0,2,1126,卖盘
16,09:31:28,5.63,0.0,4,2252,卖盘
17,09:31:46,5.63,0.0,4,2252,卖盘
18,09:31:49,5.66,0.03,14,7915,买盘
19,09:32:19,5.64,-0.02,4,2256,中性盘
20,09:32:22,5.64,0.0,2,1128,卖盘
21,09:32:37,5.64,0.0,8,4512,卖盘
22,09:32:46,5.63,-0.01,2,1126,卖盘
23,09:32:49,5.63,0.0,5,2816,卖盘
24,09:32:52,5.64,0.01,3,1692,卖盘
25,09:33:07,5.65,0.01,16,9040,买盘
26,09:33:13,5.64,-0.01,2,1128,卖盘
27,09:33:16,5.64,0.0,1,564,卖盘
28,09:33:19,5.64,0.0,41,23146,卖盘
29,09:33:40,5.64,0.0,3,1692,卖盘
30,09:33:43,5.64,0.0,3,1692,卖盘
31,09:34:13,5.64,0.0,2,1128,卖盘
32,09:34:16,5.64,0.0,4,2256,卖盘
33,09:34:22,5.64,0.0,2,1128,卖盘
34,09:34:37,5.65,0.01,10,5650,买盘
35,09:34:40,5.64,-0.01,6,3384,卖盘
36,09:34:43,5.64,0.0,2,1128,卖盘
37,09:34:46,5.64,0.0,6,3384,卖盘
38,09:34:49,5.64,0.0,4,2256,卖盘
39,09:34:58,5.64,0.0,6,3384,卖盘
40,09:35:13,5.64,0.0,4,2256,卖盘
41,09:35:19,5.64,0.0,4,2256,卖盘
42,09:35:22,5.64,0.0,1,564,卖盘
43,09:35:43,5.64,0.0,2,1128,卖盘
44,09:35:49,5.64,0.0,2,1128,卖盘
45,09:35:52,5.64,0.0,3,1692,卖盘
46,09:36:10,5.64,0.0,6,3384,卖盘
47,09:36:13,5.64,0.0,2,1128,卖盘
48,09:36:37,5.64,0.0,16,9024,卖盘
49,09:36:43,5.64,0.0,2,1128,卖盘
50,09:36:49,5.64,0.0,3,1692,卖盘
51,09:36:52,5.64,0.0,2,1128,卖盘
52,09:37:13,5.64,0.0,2,1128,卖盘
53,09:37:16,5.64,0.0,1,564,卖盘
54,09:37:19,5.64,0.0,4,2256,卖盘
55,09:37:40,5.64,0.0,3,1692,卖盘
56,09:37:43,5.64,0.0,2,1128,卖盘
57,09:37:52,5.64,0.0,2,1128,卖盘
58,09:38:10,5.64,0.0,2,1128,卖盘
59,09:38:19,5.64,0.0,3,1692,卖盘
60,09:38:22,5.64,0.0,1,564,卖盘
61,09:38:25,5.64,0.0,12,6768,卖盘
62,09:38:46,5.64,0.0,15,8474,卖盘
63,09:38:49,5.64,0.0,1,564,卖盘
64,09:38:52,5.64,0.0,6,3384,卖盘
65,09:39:13,5.64,0.0,1,564,卖盘
66,09:39:16,5.64,0.0,5,2820,卖盘
67,09:39:22,5.64,0.0,2,1128,卖盘
68,09:39:34,5.64,0.0,6,3384,卖盘
69,09:39:46,5.64,0.0,6,3384,卖盘
70,09:39:49,5.64,0.0,1,564,卖盘
71,09:40:10,5.64,0.0,3,1692,卖盘
72,09:40:19,5.64,0.0,2,1128,卖盘
73,09:40:22,5.64,0.0,1,564,卖盘
74,09:40:25,5.65,0.01,2,1130,买盘
75,09:40:28,5.65,0.0,6,3390,买盘
76,09:40:34,5.65,0.0,50,28250,买盘
77,09:40:40,5.65,0.0,36,20340,买盘
78,09:40:43,5.64,-0.01,6,3384,卖盘
79,09:40:46,5.65,0.01,10,5650,买盘
80,09:40:49,5.64,-0.01,33,18612,卖盘
81,09:40:52,5.64,0.0,4,2258,卖盘
82,09:41:13,5.64,0.0,2,1128,卖盘
83,09:41:16,5.64,0.0,3,1692,卖盘
84,09:41:19,5.64,0.0,1,564,卖盘
85,09:41:37,5.64,0.0,38,21432,卖盘
86,09:41:46,5.64,0.0,46,25944,卖盘
87,09:41:49,5.64,0.0,1,564,卖盘
88,09:41:52,5.64,0.0,2,1128,卖盘
89,09:42:07,5.65,0.01,20,11300,买盘
90,09:42:10,5.64,-0.01,2,1128,卖盘
91,09:42:16,5.64,0.0,4,2256,卖盘
92,09:42:22,5.64,0.0,1,564,卖盘
93,09:42:40,5.64,0.0,2,1128,卖盘
94,09:42:43,5.64,0.0,2,1128,卖盘
95,09:42:52,5.64,0.0,3,1692,卖盘
96,09:43:13,5.64,0.0,2,1128,卖盘
97,09:43:16,5.65,0.01,6,3390,买盘
98,09:43:19,5.64,-0.01,1,564,卖盘
99,09:43:22,5.65,0.01,1,565,买盘
100,09:43:25,5.65,0.0,10,5646,买盘
101,09:43:43,5.64,-0.01,4,2256,卖盘
102,09:43:46,5.64,0.0,2,1128,卖盘
103,09:43:49,5.64,0.0,1,564,卖盘
104,09:44:10,5.64,0.0,4,2256,卖盘
105,09:44:16,5.64,0.0,2,1128,卖盘
106,09:44:22,5.64,0.0,2,1128,卖盘
107,09:44:40,5.65,0.01,2,1130,买盘
108,09:44:43,5.64,-0.01,1,564,卖盘
109,09:44:46,5.64,0.0,3,1692,卖盘
110,09:44:49,5.65,0.01,3,1694,买盘
111,09:45:07,5.65,0.0,7,3955,买盘
112,09:45:13,5.64,-0.01,2,1128,卖盘
113,09:45:19,5.64,0.0,2,1128,卖盘
114,09:45:22,5.64,0.0,3,1692,卖盘
115,09:45:43,5.64,0.0,2,1128,卖盘
116,09:45:49,5.64,0.0,2,1128,卖盘
117,09:45:52,5.64,0.0,5,2820,卖盘
118,09:46:07,5.65,0.01,8,4520,买盘
119,09:46:13,5.64,-0.01,2,1128,卖盘
120,09:46:16,5.64,0.0,1,564,卖盘
121,09:46:19,5.64,0.0,3,1692,卖盘
122,09:46:46,5.64,0.0,2,1128,卖盘
123,09:46:49,5.64,0.0,5,2820,卖盘
124,09:46:55,5.64,0.0,140,78960,卖盘
125,09:47:07,5.63,-0.01,114,64230,卖盘
126,09:47:10,5.63,0.0,1,563,卖盘
127,09:47:19,5.63,0.0,5,2815,卖盘
128,09:47:22,5.63,0.0,2,1126,卖盘
129,09:47:28,5.63,0.0,4,2252,卖盘
130,09:47:49,5.63,0.0,3,1689,卖盘
131,09:47:52,5.63,0.0,1,563,卖盘
132,09:47:58,5.63,0.0,4,2252,卖盘
133,09:48:13,5.63,0.0,2,1126,卖盘
134,09:48:19,5.63,0.0,3,1689,卖盘
135,09:48:22,5.64,0.01,31,17483,买盘
136,09:48:40,5.63,-0.01,16,9008,卖盘
137,09:48:46,5.64,0.01,25,14096,买盘
138,09:48:49,5.63,-0.01,1,563,卖盘
139,09:48:52,5.63,0.0,2,1126,卖盘
140,09:49:07,5.63,0.0,42,23646,卖盘
141,09:49:16,5.63,0.0,7,3941,卖盘
142,09:49:19,5.63,0.0,4,2252,卖盘
143,09:49:22,5.63,0.0,4,2252,卖盘
144,09:49:25,5.63,0.0,6,3378,卖盘
145,09:49:43,5.63,0.0,2,1126,卖盘
146,09:49:46,5.63,0.0,4,2252,卖盘
147,09:49:49,5.63,0.0,2,1126,卖盘
148,09:49:52,5.63,0.0,3,1689,卖盘
149,09:50:19,5.63,0.0,5,2815,卖盘
150,09:50:22,5.63,0.0,2,1126,卖盘
151,09:50:25,5.63,0.0,1,563,卖盘
152,09:50:28,5.63,0.0,6,3378,卖盘
153,09:50:40,5.63,0.0,3,1689,卖盘
154,09:50:43,5.63,0.0,3,1689,卖盘
155,09:50:46,5.63,0.0,3,1689,卖盘
156,09:50:58,5.63,0.0,11,6193,卖盘
157,09:51:13,5.63,0.0,4,2252,卖盘
158,09:51:16,5.63,0.0,1,563,卖盘
159,09:51:19,5.63,0.0,2,1126,卖盘
160,09:51:25,5.63,0.0,2,1126,卖盘
161,09:51:28,5.63,0.0,1,563,卖盘
162,09:51:40,5.64,0.01,1,564,买盘
163,09:51:43,5.63,-0.01,4,2252,卖盘
164,09:51:52,5.63,0.0,3,1689,卖盘
165,09:52:04,5.63,0.0,11,6193,卖盘
166,09:52:10,5.63,0.0,2,1126,卖盘
167,09:52:13,5.63,0.0,4,2252,卖盘
168,09:52:19,5.63,0.0,3,1689,卖盘
169,09:52:43,5.63,0.0,5,2815,卖盘
170,09:52:49,5.63,0.0,1,563,卖盘
171,09:52:52,5.63,0.0,23,12949,卖盘
172,09:53:10,5.63,0.0,2,1126,卖盘
173,09:53:16,5.63,0.0,5,2815,卖盘
174,09:53:25,5.63,0.0,10,5630,卖盘
175,09:53:49,5.63,0.0,1,563,卖盘
176,09:54:01,5.63,0.0,7,3946,卖盘
177,09:54:07,5.63,0.0,14,7890,卖盘
178,09:54:28,5.63,0.0,1,563,卖盘
179,09:54:31,5.63,0.0,1,563,卖盘
180,09:54:34,5.63,0.0,21,11823,卖盘
181,09:54:40,5.63,0.0,11,6193,卖盘
182,09:54:49,5.63,0.0,10,5630,卖盘
183,09:54:55,5.64,0.01,46,25944,买盘
184,09:54:57,5.63,-0.01,5,2815,卖盘
185,09:55:01,5.63,0.0,2,1126,卖盘
186,09:55:10,5.63,0.0,4,2252,卖盘
187,09:55:13,5.63,0.0,6,3378,卖盘
188,09:55:31,5.63,0.0,1,563,卖盘
189,09:55:37,5.63,0.0,10,5630,卖盘
190,09:55:40,5.64,0.01,6,3381,买盘
191,09:55:43,5.63,-0.01,4,2252,卖盘
192,09:55:48,5.64,0.01,1,564,买盘
193,09:55:57,5.63,-0.01,1,563,卖盘
194,09:56:01,5.63,0.0,2,1126,卖盘
195,09:56:04,5.63,0.0,5,2815,卖盘
196,09:56:07,5.63,0.0,1,563,卖盘
197,09:56:28,5.63,0.0,4,2252,卖盘
198,09:56:31,5.63,0.0,1,563,卖盘
199,09:56:40,5.63,0.0,2,1126,卖盘
200,09:56:55,5.63,0.0,5,2815,卖盘
201,09:56:58,5.63,0.0,4,2252,卖盘
202,09:57:01,5.63,0.0,26,14638,卖盘
203,09:57:04,5.63,0.0,22,12386,卖盘
204,09:57:07,5.63,0.0,36,20268,卖盘
205,09:57:10,5.63,0.0,13,7319,卖盘
206,09:57:13,5.63,0.0,15,8445,卖盘
207,09:57:16,5.63,0.0,23,12949,卖盘
208,09:57:19,5.63,0.0,8,4504,卖盘
209,09:57:22,5.63,0.0,21,11823,卖盘
210,09:57:25,5.63,0.0,53,29839,卖盘
211,09:57:28,5.64,0.01,46,25928,买盘
212,09:57:31,5.63,-0.01,6,3378,卖盘
213,09:57:33,5.63,0.0,10,5630,卖盘
214,09:57:37,5.63,0.0,1,563,卖盘
215,09:57:40,5.63,0.0,18,10134,卖盘
216,09:57:43,5.63,0.0,2,1126,卖盘
217,09:57:46,5.63,0.0,2,1126,卖盘
218,09:57:49,5.63,0.0,1,563,卖盘
219,09:57:52,5.63,0.0,1,563,卖盘
220,09:57:55,5.63,0.0,1,563,卖盘
221,09:57:58,5.63,0.0,5,2815,卖盘
222,09:58:01,5.63,0.0,1,563,卖盘
223,09:58:04,5.63,0.0,5,2815,卖盘
224,09:58:07,5.63,0.0,2,1126,卖盘
225,09:58:10,5.63,0.0,1,563,卖盘
226,09:58:13,5.63,0.0,1,563,卖盘
227,09:58:28,5.63,0.0,2,1126,卖盘
228,09:58:31,5.63,0.0,2,1126,卖盘
229,09:58:34,5.63,0.0,5,2815,卖盘
230,09:58:40,5.63,0.0,10,5630,卖盘
231,09:58:58,5.63,0.0,5,2815,卖盘
232,09:59:07,5.63,0.0,2,1126,卖盘
233,09:59:10,5.63,0.0,1,563,卖盘
234,09:59:28,5.63,0.0,2,1126,卖盘
235,09:59:31,5.63,0.0,1,563,卖盘
236,09:59:34,5.63,0.0,5,2815,卖盘
237,10:00:01,5.63,0.0,6,3378,卖盘
238,10:00:04,5.63,0.0,1,563,卖盘
239,10:00:07,5.62,-0.01,13,7318,卖盘
240,10:00:10,5.62,0.0,8,4496,卖盘
241,10:00:28,5.62,0.0,5,2810,卖盘
242,10:00:34,5.62,0.0,3,1686,卖盘
243,10:01:01,5.62,0.0,9,5058,卖盘
244,10:01:07,5.62,0.0,1,562,卖盘
245,10:01:15,5.63,0.01,50,28150,买盘
246,10:01:25,5.62,-0.01,1,562,卖盘
247,10:01:28,5.62,0.0,8,4496,卖盘
248,10:01:40,5.63,0.01,1,563,买盘
249,10:01:49,5.63,0.0,6,3378,买盘
250,10:01:55,5.63,0.0,93,52359,买盘
251,10:01:58,5.63,0.0,5,2815,卖盘
252,10:02:13,5.63,0.0,1,563,卖盘
253,10:02:16,5.63,0.0,1,563,卖盘
254,10:02:25,5.63,0.0,1,563,卖盘
255,10:02:28,5.63,0.0,5,2815,卖盘
256,10:02:31,5.63,0.0,4,2252,卖盘
257,10:02:43,5.63,0.0,1,563,卖盘
258,10:02:49,5.63,0.0,12,6756,卖盘
259,10:02:54,5.63,0.0,1,563,卖盘
260,10:02:58,5.63,0.0,5,2815,卖盘
261,10:03:01,5.63,0.0,1,563,卖盘
262,10:03:40,5.64,0.01,104,58652,买盘
263,10:03:43,5.63,-0.01,1,563,卖盘
264,10:03:55,5.63,0.0,6,3378,卖盘
265,10:04:34,5.63,0.0,15,8445,卖盘
266,10:04:37,5.63,0.0,16,9011,卖盘
267,10:04:43,5.63,0.0,25,14075,卖盘
268,10:05:01,5.63,0.0,7,3941,卖盘
269,10:06:07,5.63,0.0,1,563,卖盘
270,10:07:13,5.63,0.0,2,1126,卖盘
271,10:07:19,5.63,0.0,4,2252,卖盘
272,10:07:25,5.63,0.0,4,2252,卖盘
273,10:07:31,5.63,0.0,1,563,卖盘
274,10:07:58,5.63,0.0,10,5630,卖盘
275,10:08:15,5.64,0.01,71,40044,买盘
276,10:08:34,5.63,-0.01,1,563,卖盘
277,10:08:52,5.63,0.0,8,4504,卖盘
278,10:08:54,5.64,0.01,5,2820,买盘
279,10:09:07,5.64,0.0,4,2256,买盘
280,10:09:46,5.63,-0.01,1,563,卖盘
281,10:09:55,5.63,0.0,10,5630,卖盘
282,10:10:01,5.64,0.01,3,1692,买盘
283,10:10:15,5.63,-0.01,30,16890,卖盘
284,10:11:04,5.64,0.01,10,5640,买盘
285,10:11:16,5.63,-0.01,1,563,卖盘
286,10:11:22,5.63,0.0,1,563,卖盘
287,10:11:25,5.63,0.0,10,5630,卖盘
288,10:11:27,5.63,0.0,2,1126,卖盘
289,10:11:52,5.63,0.0,2,1126,卖盘
290,10:12:19,5.63,0.0,1,563,卖盘
291,10:12:31,5.63,0.0,18,10134,卖盘
292,10:12:34,5.63,0.0,1,563,卖盘
293,10:12:49,5.63,0.0,41,23083,卖盘
294,10:12:55,5.63,0.0,2,1126,卖盘
295,10:12:58,5.63,0.0,2,1126,卖盘
296,10:13:04,5.63,0.0,12,6756,卖盘
297,10:13:13,5.63,0.0,6,3378,卖盘
298,10:13:31,5.63,0.0,19,10697,卖盘
299,10:13:37,5.63,0.0,3,1689,卖盘
300,10:13:43,5.63,0.0,1,563,卖盘
301,10:13:46,5.63,0.0,1,563,卖盘
302,10:14:04,5.63,0.0,10,5630,卖盘
303,10:14:06,5.63,0.0,4,2253,卖盘
304,10:14:13,5.63,0.0,10,5630,卖盘
305,10:14:28,5.63,0.0,8,4504,卖盘
306,10:14:31,5.63,0.0,2,1126,卖盘
307,10:14:39,5.63,0.0,2,1126,卖盘
308,10:14:43,5.63,0.0,10,5630,卖盘
309,10:14:46,5.64,0.01,9,5075,买盘
310,10:14:55,5.63,-0.01,1,563,卖盘
311,10:15:00,5.63,0.0,10,5631,卖盘
312,10:15:07,5.63,0.0,1,563,卖盘
313,10:15:10,5.63,0.0,2,1126,卖盘
314,10:15:28,5.63,0.0,8,4504,卖盘
315,10:15:34,5.63,0.0,3,1689,卖盘
316,10:15:58,5.63,0.0,1,563,卖盘
317,10:16:04,5.63,0.0,3,1689,卖盘
318,10:16:07,5.63,0.0,18,10134,卖盘
319,10:16:28,5.63,0.0,2,1126,卖盘
320,10:16:31,5.63,0.0,9,5067,卖盘
321,10:16:34,5.63,0.0,1,563,卖盘
322,10:16:37,5.63,0.0,12,6756,卖盘
323,10:16:40,5.63,0.0,42,23646,卖盘
324,10:16:52,5.63,0.0,6,3378,卖盘
325,10:16:57,5.63,0.0,2,1126,卖盘
326,10:17:01,5.63,0.0,10,5630,卖盘
327,10:17:30,5.63,0.0,10,5630,卖盘
328,10:17:34,5.63,0.0,1,563,卖盘
329,10:17:58,5.63,0.0,1,563,卖盘
330,10:18:01,5.63,0.0,3,1689,卖盘
331,10:18:04,5.63,0.0,8,4504,卖盘
332,10:18:28,5.63,0.0,3,1689,卖盘
333,10:18:31,5.63,0.0,9,5067,卖盘
334,10:18:43,5.63,0.0,9,5067,卖盘
335,10:19:01,5.63,0.0,3,1689,卖盘
336,10:19:04,5.63,0.0,1,563,卖盘
337,10:19:07,5.63,0.0,9,5067,卖盘
338,10:19:28,5.63,0.0,2,1126,卖盘
339,10:19:31,5.63,0.0,8,4504,卖盘
340,10:19:58,5.63,0.0,2,1126,卖盘
341,10:20:01,5.63,0.0,8,4504,卖盘
342,10:20:04,5.63,0.0,2,1126,卖盘
343,10:20:07,5.63,0.0,1,563,卖盘
344,10:20:28,5.63,0.0,10,5630,卖盘
345,10:20:31,5.63,0.0,2,1126,卖盘
346,10:20:37,5.63,0.0,8,4504,卖盘
347,10:20:43,5.63,0.0,1,563,卖盘
348,10:20:45,5.63,0.0,1,563,卖盘
349,10:20:52,5.63,0.0,10,5630,卖盘
350,10:20:58,5.63,0.0,1,563,卖盘
351,10:21:04,5.63,0.0,1,563,卖盘
352,10:21:25,5.63,0.0,10,5630,卖盘
353,10:21:31,5.63,0.0,1,563,卖盘
354,10:21:48,5.63,0.0,5,2815,买盘
355,10:22:04,5.62,-0.01,36,20232,卖盘
356,10:22:19,5.62,0.0,10,5620,卖盘
357,10:22:22,5.62,0.0,1,562,卖盘
358,10:22:28,5.62,0.0,10,5620,卖盘
359,10:22:55,5.62,0.0,7,3934,卖盘
360,10:22:58,5.62,0.0,1,562,卖盘
361,10:23:19,5.62,0.0,8,4496,卖盘
362,10:23:28,5.62,0.0,10,5620,卖盘
363,10:24:22,5.62,0.0,1,562,卖盘
364,10:24:30,5.62,0.0,10,5620,卖盘
365,10:25:40,5.62,0.0,11,6182,卖盘
366,10:26:25,5.62,0.0,1,562,卖盘
367,10:28:16,5.62,0.0,1,562,卖盘
368,10:28:40,5.63,0.01,54,30396,买盘
369,10:29:04,5.62,-0.01,24,13488,卖盘
370,10:29:07,5.63,0.01,3,1689,买盘
371,10:29:22,5.63,0.0,20,11260,买盘
372,10:29:37,5.62,-0.01,5,3035,卖盘
373,10:29:40,5.62,0.0,15,8430,卖盘
374,10:30:31,5.63,0.01,41,23083,买盘
375,10:30:57,5.63,0.0,5,2815,买盘
376,10:31:25,5.63,0.0,9,5067,买盘
377,10:31:48,5.64,0.01,300,169191,买盘
378,10:32:01,5.65,0.01,200,112803,买盘
379,10:32:19,5.66,0.01,100,56543,买盘
380,10:32:49,5.67,0.01,100,56632,买盘
381,10:33:25,5.66,-0.01,10,5660,买盘
382,10:33:34,5.66,0.0,30,16980,买盘
383,10:33:55,5.64,-0.02,6,3384,卖盘
384,10:35:58,5.64,0.0,13,7332,卖盘
385,10:36:10,5.64,0.0,42,23688,卖盘
386,10:36:15,5.64,0.0,16,9024,卖盘
387,10:36:25,5.64,0.0,1,564,卖盘
388,10:36:57,5.65,0.01,1,565,买盘
389,10:37:04,5.65,0.0,2,1130,买盘
390,10:37:19,5.65,0.0,1,565,买盘
391,10:37:40,5.65,0.0,1,565,买盘
392,10:37:43,5.65,0.0,8,4520,买盘
393,10:37:55,5.65,0.0,1,565,卖盘
394,10:37:57,5.65,0.0,4,2260,买盘
395,10:38:01,5.65,0.0,3,1695,卖盘
396,10:38:13,5.64,-0.01,52,29328,卖盘
397,10:38:21,5.65,0.01,1,565,买盘
398,10:38:46,5.65,0.0,4,2260,卖盘
399,10:39:01,5.65,0.0,4,2260,卖盘
400,10:39:04,5.65,0.0,4,2260,买盘
401,10:39:07,5.65,0.0,1,565,卖盘
402,10:39:10,5.65,0.0,9,5085,卖盘
403,10:39:15,5.65,0.0,6,3390,买盘
404,10:43:28,5.64,-0.01,1,564,卖盘
405,10:44:04,5.64,0.0,42,23688,卖盘
406,10:47:15,5.64,0.0,1,564,卖盘
407,10:47:52,5.64,0.0,8,4512,卖盘
408,10:48:01,5.64,0.0,2,1128,卖盘
409,10:48:21,5.64,0.0,7,3948,卖盘
410,10:48:34,5.64,0.0,9,5076,卖盘
411,10:48:54,5.64,0.0,8,4512,卖盘
412,10:49:25,5.64,0.0,7,3948,卖盘
413,10:49:55,5.64,0.0,8,4512,卖盘
414,10:50:19,5.64,0.0,5,2820,卖盘
415,10:50:24,5.64,0.0,8,4512,卖盘
416,10:50:30,5.64,0.0,1,564,卖盘
417,10:50:36,5.64,0.0,1,564,卖盘
418,10:50:43,5.64,0.0,1,564,卖盘
419,10:50:52,5.64,0.0,7,3948,卖盘
420,10:51:01,5.64,0.0,1,564,卖盘
421,10:51:25,5.64,0.0,8,4512,卖盘
422,10:51:52,5.64,0.0,7,3948,卖盘
423,10:52:12,5.64,0.0,8,4512,卖盘
424,10:52:25,5.64,0.0,8,4512,卖盘
425,10:52:55,5.64,0.0,8,4512,卖盘
426,10:53:25,5.64,0.0,7,3948,卖盘
427,10:53:55,5.64,0.0,8,4512,卖盘
428,10:54:25,5.64,0.0,7,3948,卖盘
429,10:54:49,5.65,0.01,8,4520,买盘
430,10:54:52,5.64,-0.01,177,99828,卖盘
431,10:54:58,5.64,0.0,20,11280,卖盘
432,10:55:25,5.63,-0.01,8,4504,卖盘
433,10:56:12,5.63,0.0,9,5067,卖盘
434,10:56:40,5.63,0.0,8,4504,卖盘
435,10:57:07,5.63,0.0,100,56300,卖盘
436,10:57:52,5.63,0.0,10,5630,卖盘
437,10:58:43,5.64,0.01,6,3384,买盘
438,10:58:57,5.63,-0.01,1,563,卖盘
439,10:59:06,5.64,0.01,10,5640,买盘
440,10:59:46,5.63,-0.01,8,4504,卖盘
441,11:00:51,5.63,0.0,1,563,卖盘
442,11:01:22,5.63,0.0,10,5630,卖盘
443,11:02:46,5.64,0.01,89,50196,买盘
444,11:03:09,5.63,-0.01,1,563,卖盘
445,11:03:49,5.64,0.01,1,564,买盘
446,11:07:19,5.63,-0.01,1,563,卖盘
447,11:07:22,5.63,0.0,8,4504,卖盘
448,11:08:09,5.63,0.0,102,57708,卖盘
449,11:08:30,5.63,0.0,1,394,卖盘
450,11:09:01,5.63,0.0,9,5067,卖盘
451,11:09:39,5.63,0.0,1,563,卖盘
452,11:09:58,5.63,0.0,8,4504,卖盘
453,11:10:27,5.63,0.0,8,4504,卖盘
454,11:10:58,5.63,0.0,8,4504,卖盘
455,11:11:04,5.63,0.0,8,4504,卖盘
456,11:11:28,5.63,0.0,8,4504,卖盘
457,11:11:45,5.63,0.0,1,563,卖盘
458,11:12:00,5.63,0.0,8,4504,卖盘
459,11:12:21,5.63,0.0,11,6193,卖盘
460,11:12:27,5.63,0.0,1,563,卖盘
461,11:13:36,5.63,0.0,1,563,卖盘
462,11:14:07,5.63,0.0,1,563,卖盘
463,11:14:37,5.63,0.0,10,5630,卖盘
464,11:15:07,5.63,0.0,1,563,卖盘
465,11:15:22,5.64,0.01,4,2256,买盘
466,11:15:28,5.64,0.0,24,13536,买盘
467,11:15:31,5.64,0.0,4,2256,买盘
468,11:15:34,5.64,0.0,9,5076,买盘
469,11:15:37,5.64,0.0,48,27072,买盘
470,11:15:40,5.64,0.0,13,7332,买盘
471,11:15:43,5.64,0.0,3,1692,买盘
472,11:15:46,5.64,0.0,8,4512,买盘
473,11:15:49,5.64,0.0,3,1692,买盘
474,11:15:52,5.64,0.0,1,564,买盘
475,11:15:55,5.64,0.0,1,564,买盘
476,11:15:58,5.64,0.0,3,1692,买盘
477,11:16:04,5.64,0.0,3,1692,买盘
478,11:16:10,5.64,0.0,1,564,卖盘
479,11:16:25,5.65,0.01,6,3390,买盘
480,11:16:31,5.65,0.0,4,2260,买盘
481,11:16:34,5.65,0.0,2,1130,买盘
482,11:16:37,5.65,0.0,8,4520,买盘
483,11:16:40,5.65,0.0,11,6215,买盘
484,11:16:43,5.65,0.0,9,5085,买盘
485,11:16:46,5.65,0.0,120,67800,买盘
486,11:16:51,5.66,0.01,2,1132,买盘
487,11:16:54,5.66,0.0,3,1698,买盘
488,11:17:01,5.66,0.0,1,566,买盘
489,11:17:10,5.66,0.0,37,20941,买盘
490,11:18:10,5.65,-0.01,1,565,卖盘
491,11:19:10,5.65,0.0,1,565,卖盘
492,11:19:55,5.7,0.05,500,284476,买盘
493,11:20:10,5.66,-0.04,1,566,卖盘
494,11:20:13,5.77,0.11,1000,572633,买盘
495,11:20:19,5.82,0.05,2382,1376604,买盘
496,11:20:31,5.71,-0.11,80,45680,买盘
497,11:20:34,5.71,0.0,67,38257,买盘
498,11:20:37,5.73,0.02,51,29223,买盘
499,11:20:43,5.73,0.0,23,13179,买盘
500,11:20:46,5.77,0.04,107,61566,买盘
501,11:20:48,5.73,-0.04,16,9168,中性盘
502,11:20:52,5.73,0.0,3,1719,买盘
503,11:20:58,5.73,0.0,98,56249,卖盘
504,11:21:01,5.74,0.01,3,1722,中性盘
505,11:21:07,5.75,0.01,28,16099,买盘
506,11:21:10,5.76,0.01,141,81070,买盘
507,11:21:13,5.73,-0.03,38,21774,卖盘
508,11:21:15,5.74,0.01,33,18942,买盘
509,11:21:25,5.73,-0.01,1,573,卖盘
510,11:21:31,5.77,0.04,80,46054,买盘
511,11:21:37,5.73,-0.04,200,114874,卖盘
512,11:21:40,5.75,0.02,6,3450,买盘
513,11:21:48,5.73,-0.02,1,573,卖盘
514,11:21:51,5.73,0.0,44,25212,卖盘
515,11:21:54,5.72,-0.01,78,44676,卖盘
516,11:21:58,5.7,-0.02,81,46200,卖盘
517,11:22:04,5.78,0.08,1000,576774,买盘
518,11:22:10,5.78,0.0,502,290078,买盘
519,11:22:13,5.72,-0.06,4,2290,卖盘
520,11:22:19,5.72,0.0,1,572,买盘
521,11:22:21,5.72,0.0,9,5147,买盘
522,11:22:34,5.73,0.01,20,11460,买盘
523,11:22:37,5.73,0.0,19,10887,卖盘
524,11:22:40,5.72,-0.01,900,515159,卖盘
525,11:22:45,5.76,0.04,40,22980,买盘
526,11:22:49,5.73,-0.03,9,5157,卖盘
527,11:22:52,5.72,-0.01,18,10304,卖盘
528,11:22:55,5.72,0.0,10,5720,卖盘
529,11:22:58,5.72,0.0,26,14872,卖盘
530,11:23:01,5.72,0.0,23,13164,卖盘
531,11:23:04,5.72,0.0,36,20634,卖盘
532,11:23:07,5.72,0.0,310,177350,卖盘
533,11:23:10,5.71,-0.01,1,571,卖盘
534,11:23:13,5.72,0.01,7,4004,买盘
535,11:23:22,5.72,0.0,2,1143,买盘
536,11:23:40,5.72,0.0,1,572,卖盘
537,11:23:46,5.71,-0.01,900,514135,卖盘
538,11:23:52,5.71,0.0,170,97230,卖盘
539,11:24:04,5.72,0.01,2,1144,买盘
540,11:24:16,5.74,0.02,10,5734,买盘
541,11:24:28,5.73,-0.01,43,24639,卖盘
542,11:24:31,5.73,0.0,8,4584,卖盘
543,11:24:34,5.73,0.0,14,8022,卖盘
544,11:24:37,5.74,0.01,72,41316,买盘
545,11:24:40,5.73,-0.01,44,25212,卖盘
546,11:24:43,5.74,0.01,18,10324,买盘
547,11:24:45,5.73,-0.01,13,7449,卖盘
548,11:24:49,5.74,0.01,73,41860,买盘
549,11:24:51,5.73,-0.01,7,4011,卖盘
550,11:24:55,5.73,0.0,3,1719,卖盘
551,11:24:58,5.73,0.0,26,14898,卖盘
552,11:25:01,5.73,0.0,5,2865,卖盘
553,11:25:04,5.73,0.0,106,60738,卖盘
554,11:25:07,5.73,0.0,9,5157,卖盘
555,11:25:13,5.73,0.0,6,3438,卖盘
556,11:25:16,5.73,0.0,1,573,卖盘
557,11:25:19,5.73,0.0,34,19515,卖盘
558,11:25:22,5.73,0.0,1,573,卖盘
559,11:25:33,5.74,0.01,15,8610,买盘
560,11:25:42,5.74,0.0,1,574,卖盘
561,11:25:46,5.74,0.0,34,19516,卖盘
562,11:25:51,5.74,0.0,2,1148,卖盘
563,11:25:54,5.74,0.0,1,574,卖盘
564,11:25:57,5.74,0.0,1,574,卖盘
565,11:26:01,5.74,0.0,1,574,卖盘
566,11:26:04,5.74,0.0,1,574,卖盘
567,11:26:06,5.74,0.0,1,574,卖盘
568,11:26:09,5.74,0.0,1,574,卖盘
569,11:26:13,5.74,0.0,1,574,卖盘
570,11:26:16,5.74,0.0,1,574,卖盘
571,11:26:22,5.74,0.0,130,74620,卖盘
572,11:26:40,5.72,-0.02,1,572,卖盘
573,11:27:09,5.72,0.0,100,57200,卖盘
574,11:27:40,5.72,0.0,1,572,卖盘
575,11:28:31,5.72,0.0,30,17160,卖盘
576,11:28:43,5.71,-0.01,1,571,卖盘
577,11:28:52,5.72,0.01,41,23452,买盘
578,11:29:06,5.72,0.0,20,11440,卖盘
579,11:29:37,5.73,0.01,1,573,买盘
580,11:29:43,5.73,0.0,1,573,卖盘
581,11:29:48,5.72,-0.01,147,84092,卖盘
582,11:29:51,5.72,0.0,78,44616,买盘
583,13:00:07,5.72,0.0,41,23436,买盘
584,13:00:10,5.71,-0.01,6,3426,卖盘
585,13:00:13,5.71,0.0,6,3426,卖盘
586,13:00:25,5.71,0.0,1,571,卖盘
587,13:00:42,5.71,0.0,1,571,卖盘
588,13:00:48,5.72,0.01,30,17160,买盘
589,13:01:40,5.71,-0.01,52,29692,卖盘
590,13:01:42,5.71,0.0,1,571,卖盘
591,13:01:52,5.71,0.0,1,571,卖盘
592,13:01:58,5.71,0.0,1,571,卖盘
593,13:02:19,5.71,0.0,5,2855,卖盘
594,13:02:39,5.71,0.0,2,1142,卖盘
595,13:02:42,5.71,0.0,1,571,卖盘
596,13:02:45,5.71,0.0,7,3997,卖盘
597,13:02:48,5.71,0.0,2,1142,卖盘
598,13:03:13,5.71,0.0,1,571,卖盘
599,13:03:37,5.71,0.0,11,6281,卖盘
600,13:03:52,5.7,-0.01,1,570,卖盘
601,13:04:12,5.7,0.0,1,570,卖盘
602,13:04:24,5.7,0.0,1,570,卖盘
603,13:05:12,5.7,0.0,1,570,卖盘
604,13:06:15,5.7,0.0,1,570,卖盘
605,13:06:34,5.7,0.0,1,570,卖盘
606,13:07:16,5.7,0.0,1,570,卖盘
607,13:07:39,5.7,0.0,74,42180,卖盘
608,13:08:12,5.7,0.0,1,570,卖盘
609,13:08:24,5.7,0.0,2,1140,卖盘
610,13:09:15,5.7,0.0,1,570,卖盘
611,13:09:21,5.7,0.0,11,6280,卖盘
612,13:10:04,5.7,0.0,1,570,卖盘
613,13:10:15,5.7,0.0,1,570,卖盘
614,13:11:37,5.7,0.0,16,9120,卖盘
615,13:12:01,5.71,0.01,46,26224,买盘
616,13:12:57,5.7,-0.01,1,570,卖盘
617,13:13:48,5.7,0.0,1,570,卖盘
618,13:16:01,5.7,0.0,1,570,卖盘
619,13:16:36,5.7,0.0,16,9120,卖盘
620,13:16:58,5.7,0.0,1,570,卖盘
621,13:17:46,5.7,0.0,1,570,卖盘
622,13:18:15,5.7,0.0,10,5700,卖盘
623,13:18:43,5.7,0.0,1,570,卖盘
624,13:19:04,5.7,0.0,1,570,卖盘
625,13:20:37,5.7,0.0,42,23940,卖盘
626,13:21:01,5.69,-0.01,1,569,卖盘
627,13:21:31,5.69,0.0,9,5121,卖盘
628,13:22:36,5.69,0.0,13,7397,卖盘
629,13:22:49,5.69,0.0,50,28450,卖盘
630,13:22:57,5.69,0.0,1,569,卖盘
631,13:23:10,5.69,0.0,50,28450,卖盘
632,13:23:13,5.69,0.0,14,7966,卖盘
633,13:23:16,5.69,0.0,6,3414,卖盘
634,13:23:25,5.69,0.0,5,2845,卖盘
635,13:23:27,5.69,0.0,62,35278,卖盘
636,13:23:37,5.68,-0.01,8,4544,卖盘
637,13:23:58,5.68,0.0,1,568,卖盘
638,13:25:19,5.69,0.01,65,36985,买盘
639,13:26:10,5.68,-0.01,1,568,卖盘
640,13:26:45,5.68,0.0,1,568,卖盘
641,13:27:52,5.7,0.02,114,64980,买盘
642,13:28:15,5.69,-0.01,10,5690,卖盘
643,13:28:42,5.69,0.0,1,569,卖盘
644,13:30:06,5.69,0.0,17,9673,卖盘
645,13:30:40,5.69,0.0,22,12518,卖盘
646,13:31:13,5.68,-0.01,1,568,卖盘
647,13:31:28,5.68,0.0,32,18176,卖盘
648,13:31:52,5.68,0.0,1,568,卖盘
649,13:32:13,5.68,0.0,6,3408,卖盘
650,13:33:09,5.67,-0.01,16,9072,卖盘
651,13:34:13,5.68,0.01,1,568,买盘
652,13:34:16,5.67,-0.01,1,567,卖盘
653,13:34:24,5.68,0.01,5,2840,买盘
654,13:34:48,5.68,0.0,3,1704,买盘
655,13:36:07,5.67,-0.01,1,567,卖盘
656,13:36:46,5.67,0.0,1,567,卖盘
657,13:37:40,5.67,0.0,2,1134,卖盘
658,13:37:46,5.67,0.0,2,1134,卖盘
659,13:37:52,5.67,0.0,13,7371,卖盘
660,13:38:46,5.67,0.0,1,567,卖盘
661,13:39:04,5.66,-0.01,48,27210,卖盘
662,13:39:19,5.66,0.0,3,1698,卖盘
663,13:39:37,5.66,0.0,13,7358,卖盘
664,13:39:51,5.66,0.0,1,566,卖盘
665,13:41:13,5.66,0.0,1,566,卖盘
666,13:41:43,5.66,0.0,1,566,卖盘
667,13:41:54,5.66,0.0,11,6226,卖盘
668,13:43:25,5.67,0.01,10,5670,买盘
669,13:43:46,5.66,-0.01,1,566,卖盘
670,13:44:04,5.66,0.0,1,566,卖盘
671,13:45:10,5.66,0.0,11,6226,卖盘
672,13:45:37,5.67,0.01,15,8505,买盘
673,13:45:49,5.67,0.0,6,3402,买盘
674,13:46:16,5.67,0.0,1,567,卖盘
675,13:47:10,5.67,0.0,1,567,卖盘
676,13:49:12,5.67,0.0,1,567,卖盘
677,13:49:42,5.67,0.0,1,567,卖盘
678,13:50:37,5.68,0.01,3,1704,买盘
679,13:51:07,5.67,-0.01,36,20412,卖盘
680,13:51:39,5.67,0.0,2,1134,卖盘
681,13:51:55,5.67,0.0,1,567,卖盘
682,13:51:58,5.67,0.0,11,6237,卖盘
683,13:52:10,5.66,-0.01,7,3962,卖盘
684,13:52:16,5.66,0.0,1,566,卖盘
685,13:52:46,5.66,0.0,9,5094,卖盘
686,13:53:01,5.66,0.0,16,9056,卖盘
687,13:53:19,5.66,0.0,200,113200,卖盘
688,13:53:22,5.66,0.0,1,566,卖盘
689,13:53:28,5.66,0.0,11,6226,卖盘
690,13:53:42,5.66,0.0,1,566,卖盘
691,13:54:00,5.66,0.0,87,49242,卖盘
692,13:54:46,5.65,-0.01,8,4520,卖盘
693,13:55:13,5.65,0.0,1,565,卖盘
694,13:55:52,5.65,0.0,1,565,卖盘
695,13:55:58,5.65,0.0,1,565,卖盘
696,13:56:04,5.65,0.0,9,5085,卖盘
697,13:56:55,5.65,0.0,1,565,卖盘
698,13:57:19,5.65,0.0,9,5085,卖盘
699,13:57:43,5.65,0.0,28,15820,卖盘
700,13:58:10,5.65,0.0,12,6780,卖盘
701,13:58:37,5.66,0.01,18,10178,买盘
702,13:58:54,5.65,-0.01,1,565,卖盘
703,13:59:18,5.65,0.0,1,565,卖盘
704,13:59:52,5.65,0.0,1,565,卖盘
705,14:00:10,5.65,0.0,9,5085,卖盘
706,14:01:13,5.65,0.0,1,565,卖盘
707,14:02:31,5.65,0.0,8,4520,卖盘
708,14:03:16,5.65,0.0,257,145205,卖盘
709,14:03:34,5.66,0.01,300,169542,买盘
710,14:03:39,5.65,-0.01,1,565,中性盘
711,14:03:46,5.68,0.03,200,113413,买盘
712,14:03:58,5.69,0.01,250,141981,买盘
713,14:04:16,5.65,-0.04,1,565,卖盘
714,14:04:22,5.7,0.05,30,17074,买盘
715,14:04:55,5.7,0.0,191,108869,买盘
716,14:05:01,5.7,0.0,2,1140,卖盘
717,14:05:07,5.7,0.0,111,63270,卖盘
718,14:05:13,5.7,0.0,25,14250,卖盘
719,14:06:04,5.68,-0.02,1,568,卖盘
720,14:07:04,5.68,0.0,1,568,卖盘
721,14:07:19,5.68,0.0,17,9656,卖盘
722,14:08:57,5.71,0.03,228,130011,买盘
723,14:09:04,5.71,0.0,25,14275,卖盘
724,14:09:09,5.71,0.0,177,101067,卖盘
725,14:09:39,5.69,-0.02,10,5690,买盘
726,14:09:42,5.69,0.0,5,2845,买盘
727,14:09:55,5.71,0.02,20,11407,买盘
728,14:10:13,5.71,0.0,188,107347,买盘
729,14:10:15,5.69,-0.02,1,569,卖盘
730,14:10:21,5.71,0.02,65,37115,买盘
731,14:12:16,5.69,-0.02,1,569,卖盘
732,14:13:06,5.69,0.0,177,100713,卖盘
733,14:15:10,5.68,-0.01,1,568,卖盘
734,14:15:15,5.68,0.0,1,568,卖盘
735,14:15:25,5.69,0.01,2,1138,买盘
736,14:16:16,5.68,-0.01,1,568,卖盘
737,14:17:57,5.7,0.02,230,130875,买盘
738,14:18:01,5.68,-0.02,1,568,卖盘
739,14:18:10,5.71,0.03,30,17107,买盘
740,14:18:16,5.68,-0.03,5,2840,卖盘
741,14:18:37,5.71,0.03,23,13111,买盘
742,14:19:19,5.68,-0.03,1,568,卖盘
743,14:19:46,5.7,0.02,20,11399,买盘
744,14:21:07,5.68,-0.02,1,568,卖盘
745,14:22:10,5.68,0.0,1,568,卖盘
746,14:23:57,5.68,0.0,1,568,卖盘
747,14:25:16,5.68,0.0,1,568,卖盘
748,14:25:28,5.68,0.0,50,28400,卖盘
749,14:26:16,5.68,0.0,1,568,卖盘
750,14:26:19,5.7,0.02,130,74059,买盘
751,14:26:28,5.69,-0.01,9,5121,买盘
752,14:26:58,5.69,0.0,1,569,买盘
753,14:27:10,5.69,0.0,2,1138,买盘
754,14:27:25,5.68,-0.01,1,568,卖盘
755,14:27:46,5.68,0.0,30,17040,卖盘
756,14:28:04,5.68,0.0,1,568,卖盘
757,14:28:25,5.69,0.01,11,6259,买盘
758,14:28:42,5.71,0.02,30,17106,买盘
759,14:30:07,5.68,-0.03,1,568,卖盘
760,14:30:58,5.68,0.0,1,568,卖盘
761,14:31:01,5.71,0.03,41,23371,买盘
762,14:33:04,5.7,-0.01,3,1710,买盘
763,14:33:52,5.68,-0.02,6,3408,卖盘
764,14:34:18,5.68,0.0,41,23288,卖盘
765,14:38:57,5.69,0.01,19,10811,买盘
766,14:39:18,5.7,0.01,10,5700,买盘
767,14:40:28,5.69,-0.01,6,3414,卖盘
768,14:40:40,5.7,0.01,115,65550,买盘
769,14:41:30,5.7,0.0,49,27930,卖盘
770,14:42:37,5.69,-0.01,18,10242,卖盘
771,14:45:16,5.69,0.0,45,25605,卖盘
772,14:45:22,5.69,0.0,9,5121,卖盘
773,14:46:58,5.69,0.0,8,4552,卖盘
774,14:47:40,5.72,0.03,350,199768,买盘
775,14:47:49,5.7,-0.02,3,1710,买盘
776,14:48:07,5.7,0.0,1,570,买盘
777,14:48:19,5.72,0.02,30,17110,买盘
778,14:48:55,5.72,0.0,20,11440,买盘
779,14:49:10,5.72,0.0,140,80080,买盘
780,14:49:31,5.72,0.0,5,2860,买盘
781,14:50:46,5.72,0.0,5,2860,买盘
782,14:51:25,5.7,-0.02,10,5700,卖盘
783,14:51:31,5.73,0.03,74,42386,买盘
784,14:52:40,5.7,-0.03,11,6270,卖盘
785,14:52:46,5.71,0.01,57,32547,买盘
786,14:53:19,5.71,0.0,6,3426,卖盘
787,14:53:34,5.72,0.01,3,1716,买盘
788,14:54:31,5.71,-0.01,13,7423,卖盘
789,14:54:40,5.72,0.01,1,572,买盘
790,14:55:37,5.7,-0.02,100,57046,卖盘
791,14:55:52,5.72,0.02,51,29172,买盘
792,14:56:01,5.72,0.0,35,20020,卖盘
793,14:56:07,5.73,0.01,100,57300,买盘
794,14:56:10,5.73,0.0,105,60150,买盘
795,14:56:19,5.73,0.0,20,11460,卖盘
796,14:56:25,5.73,0.0,34,19482,卖盘
797,14:56:37,5.7,-0.03,1,570,卖盘
798,14:56:49,5.73,0.03,44,25188,买盘
799,14:56:52,5.73,0.0,54,30942,卖盘
800,14:56:58,5.73,0.0,48,27504,卖盘
801,14:57:04,5.73,0.0,7,4011,卖盘
802,15:00:04,5.72,-0.01,734,419848,买盘
