,time,price,change,volume,amount,type
0,09:25:05,5.95,-0.06,100,59500,卖盘
1,09:30:05,5.99,0.04,252,150888,买盘
2,09:30:07,6.0,0.01,384,230232,买盘
3,09:30:10,5.94,-0.06,26,15469,卖盘
4,09:30:19,5.95,0.01,2,1190,买盘
5,09:30:22,5.95,0.0,5,2972,买盘
6,09:30:25,5.94,-0.01,28,16639,卖盘
7,09:30:28,5.97,0.03,91,54236,买盘
8,09:30:40,5.93,-0.04,73,43577,卖盘
9,09:30:52,5.94,0.01,1,594,卖盘
10,09:30:58,5.94,0.0,69,41235,卖盘
11,09:31:16,5.96,0.02,108,64367,买盘
12,09:31:19,5.95,-0.01,1,595,卖盘
13,09:31:22,5.95,0.0,3,1785,卖盘
14,09:31:25,5.96,0.01,93,55428,买盘
15,09:31:40,5.98,0.02,72,43015,买盘
16,09:31:49,5.95,-0.03,2,1190,卖盘
17,09:31:55,5.94,-0.01,2,1188,卖盘
18,09:32:01,5.97,0.03,2,1194,买盘
19,09:32:07,5.97,0.0,2,1194,买盘
20,09:32:16,5.94,-0.03,1,594,卖盘
21,09:32:22,5.94,0.0,1,594,卖盘
22,09:32:28,5.94,0.0,3,1782,卖盘
23,09:32:49,5.94,0.0,4,2376,卖盘
24,09:32:55,5.97,0.03,1,597,买盘
25,09:33:01,5.97,0.0,95,56405,买盘
26,09:33:04,5.97,0.0,10,5970,买盘
27,09:33:07,5.98,0.01,72,42997,买盘
28,09:33:16,5.94,-0.04,1,594,卖盘
29,09:33:19,5.94,0.0,3,1782,卖盘
30,09:33:25,5.94,0.0,1,594,卖盘
31,09:33:40,5.94,0.0,1,594,卖盘
32,09:33:46,5.94,0.0,19,11286,卖盘
33,09:33:52,5.94,0.0,5,2970,买盘
34,09:33:58,5.94,0.0,14,8316,卖盘
35,09:34:01,5.94,0.0,6,3564,买盘
36,09:34:22,5.97,0.03,3,1788,买盘
37,09:34:25,5.97,0.0,1,597,买盘
38,09:34:28,5.94,-0.03,1,594,卖盘
39,09:34:31,5.94,0.0,3,1782,卖盘
40,09:34:40,5.94,0.0,161,96124,卖盘
41,09:34:43,5.94,0.0,2,1188,卖盘
42,09:35:01,5.98,0.04,10,5980,买盘
43,09:35:13,5.94,-0.04,5,2970,卖盘
44,09:35:16,5.98,0.04,99,59188,买盘
45,09:35:25,5.94,-0.04,23,13662,卖盘
46,09:35:28,5.94,0.0,14,8316,中性盘
47,09:35:46,5.94,0.0,20,11880,卖盘
48,09:35:55,5.93,-0.01,3,1779,卖盘
49,09:36:10,5.96,0.03,2,1192,买盘
50,09:36:19,5.94,-0.02,3,1782,卖盘
51,09:36:25,5.94,0.0,3,1782,卖盘
52,09:36:28,5.94,0.0,1,594,卖盘
53,09:36:52,5.94,0.0,3,1782,卖盘
54,09:36:58,5.94,0.0,1,594,卖盘
55,09:37:19,5.94,0.0,2,1188,卖盘
56,09:37:25,5.98,0.04,120,71629,买盘
57,09:37:28,5.94,-0.04,3,1782,卖盘
58,09:37:37,5.98,0.04,31,18508,买盘
59,09:37:46,5.94,-0.04,3,1782,卖盘
60,09:37:49,5.98,0.04,6,3583,买盘
61,09:37:55,5.94,-0.04,2,1188,卖盘
62,09:38:07,5.97,0.03,11,6577,中性盘
63,09:38:10,5.97,0.0,16,9562,卖盘
64,09:38:13,5.97,0.0,7,4179,卖盘
65,09:38:16,5.94,-0.03,32,19128,卖盘
66,09:38:19,5.98,0.04,10,5980,买盘
67,09:38:22,5.98,0.0,20,11951,买盘
68,09:38:25,5.98,0.0,10,5980,买盘
69,09:38:28,5.98,0.0,10,5980,买盘
70,09:38:31,5.94,-0.04,11,6574,卖盘
71,09:38:34,5.98,0.04,11,6574,买盘
72,09:38:46,5.98,0.0,1,598,买盘
73,09:38:49,5.95,-0.03,1,595,卖盘
74,09:38:52,5.95,0.0,20,11900,卖盘
75,09:38:55,5.95,0.0,3,1785,卖盘
76,09:39:01,5.95,0.0,1,595,卖盘
77,09:39:19,5.98,0.03,10,5980,买盘
78,09:39:22,5.95,-0.03,1,595,卖盘
79,09:39:25,5.95,0.0,2,1190,卖盘
80,09:39:31,5.97,0.02,3,1789,买盘
81,09:39:34,5.95,-0.02,2,1190,卖盘
82,09:39:37,5.97,0.02,22,13094,买盘
83,09:39:49,5.95,-0.02,1,595,卖盘
84,09:39:52,5.95,0.0,3,1785,卖盘
85,09:39:58,5.95,0.0,1,595,卖盘
86,09:40:13,5.97,0.02,40,23865,买盘
87,09:40:16,5.97,0.0,20,11940,买盘
88,09:40:19,5.97,0.0,20,11940,买盘
89,09:40:22,5.98,0.01,1,598,买盘
90,09:40:28,5.95,-0.03,3,1787,卖盘
91,09:40:37,5.97,0.02,1,597,卖盘
92,09:40:43,5.97,0.0,1,597,买盘
93,09:40:46,5.98,0.01,5,2987,买盘
94,09:40:52,5.95,-0.03,3,1785,卖盘
95,09:40:58,5.94,-0.01,65,38674,卖盘
96,09:41:01,5.95,0.01,13,7735,买盘
97,09:41:04,5.95,0.0,5,2974,买盘
98,09:41:07,5.95,0.0,3,1785,买盘
99,09:41:13,5.95,0.0,1,595,买盘
100,09:41:16,5.95,0.0,1,595,买盘
101,09:41:19,5.95,0.0,1,595,买盘
102,09:41:22,5.95,0.0,3,1783,买盘
103,09:41:25,5.95,0.0,2,1189,买盘
104,09:41:28,5.95,0.0,1,595,买盘
105,09:41:31,5.95,0.0,1,595,买盘
106,09:41:34,5.95,0.0,1,595,买盘
107,09:41:37,5.95,0.0,1,595,买盘
108,09:41:40,5.95,0.0,16,9520,买盘
109,09:41:43,5.95,0.0,21,12495,买盘
110,09:41:49,5.95,0.0,5,2976,卖盘
111,09:41:55,5.98,0.03,1,598,买盘
112,09:42:16,5.96,-0.02,1,596,买盘
113,09:42:19,5.95,-0.01,4,2381,卖盘
114,09:42:22,5.96,0.01,9,5363,买盘
115,09:42:49,5.96,0.0,3,1788,卖盘
116,09:42:52,5.96,0.0,1,596,卖盘
117,09:42:55,5.98,0.02,2,1196,买盘
118,09:43:01,5.96,-0.02,1,596,卖盘
119,09:43:13,5.97,0.01,1,597,买盘
120,09:43:19,5.96,-0.01,2,1193,卖盘
121,09:43:22,5.96,0.0,2,1193,卖盘
122,09:43:31,5.96,0.0,1,596,卖盘
123,09:43:40,5.98,0.02,2,1196,买盘
124,09:43:55,5.96,-0.02,4,2384,卖盘
125,09:44:07,5.96,0.0,1,596,卖盘
126,09:44:22,5.96,0.0,2,1192,卖盘
127,09:44:25,5.96,0.0,50,29800,卖盘
128,09:44:31,5.96,0.0,2,1192,卖盘
129,09:44:49,5.96,0.0,3,1788,卖盘
130,09:44:52,5.96,0.0,1,596,卖盘
131,09:45:07,5.96,0.0,1,596,卖盘
132,09:45:19,5.96,0.0,4,2384,卖盘
133,09:45:49,5.96,0.0,2,1192,卖盘
134,09:45:52,5.96,0.0,2,1192,卖盘
135,09:46:25,5.96,0.0,1,596,卖盘
136,09:46:34,5.96,0.0,4,2384,卖盘
137,09:46:58,5.96,0.0,2,1192,卖盘
138,09:47:01,5.98,0.02,2,1196,买盘
139,09:47:04,5.96,-0.02,2,1192,卖盘
140,09:47:07,5.98,0.02,3,1794,买盘
141,09:47:19,5.96,-0.02,1,596,卖盘
142,09:47:25,5.96,0.0,1,596,卖盘
143,09:47:28,5.96,0.0,3,1788,卖盘
144,09:47:49,5.96,0.0,1,596,卖盘
145,09:47:52,5.96,0.0,1,596,卖盘
146,09:47:55,5.98,0.02,1,598,买盘
147,09:47:58,5.96,-0.02,2,1192,卖盘
148,09:48:01,5.98,0.02,1,598,买盘
149,09:48:28,5.96,-0.02,1,596,卖盘
150,09:48:31,5.96,0.0,20,11952,卖盘
151,09:48:49,5.96,0.0,1,596,卖盘
152,09:48:52,5.96,0.0,2,1192,卖盘
153,09:48:55,5.96,0.0,1,596,卖盘
154,09:49:13,5.98,0.02,3,1794,买盘
155,09:49:16,5.96,-0.02,1,596,卖盘
156,09:49:19,5.98,0.02,5,2984,买盘
157,09:49:25,5.98,0.0,1,598,买盘
158,09:49:43,5.98,0.0,22,13156,买盘
159,09:49:46,5.96,-0.02,3,1788,卖盘
160,09:49:55,5.96,0.0,1,596,卖盘
161,09:50:25,5.96,0.0,3,1788,卖盘
162,09:50:28,5.96,0.0,1,596,卖盘
163,09:50:31,5.96,0.0,1,596,卖盘
164,09:50:46,5.96,0.0,2,1192,卖盘
165,09:50:52,5.96,0.0,2,1192,卖盘
166,09:51:04,5.97,0.01,1,597,买盘
167,09:51:07,5.97,0.0,3,1791,买盘
168,09:51:10,5.97,0.0,1,597,买盘
169,09:51:13,5.96,-0.01,5,2981,卖盘
170,09:51:16,5.97,0.01,1,597,买盘
171,09:51:19,5.97,0.0,1,597,买盘
172,09:51:22,5.96,-0.01,2,1193,卖盘
173,09:51:25,5.97,0.01,1,597,买盘
174,09:51:28,5.97,0.0,1,597,买盘
175,09:51:31,5.97,0.0,1,597,买盘
176,09:51:34,5.97,0.0,1,597,买盘
177,09:51:37,5.97,0.0,1,597,买盘
178,09:51:40,5.97,0.0,1,597,买盘
179,09:51:43,5.97,0.0,1,597,买盘
180,09:51:46,5.96,-0.01,2,1193,卖盘
181,09:51:49,5.97,0.01,1,597,买盘
182,09:51:52,5.96,-0.01,2,1193,卖盘
183,09:51:55,5.96,0.0,3,1789,卖盘
184,09:51:58,5.97,0.01,1,597,买盘
185,09:52:01,5.97,0.0,1,597,买盘
186,09:52:07,5.97,0.0,2,1194,买盘
187,09:52:13,5.96,-0.01,4,2385,卖盘
188,09:52:16,5.96,0.0,1,596,卖盘
189,09:52:19,5.96,0.0,1,596,卖盘
190,09:52:22,5.97,0.01,1,597,买盘
191,09:52:40,5.97,0.0,10,5970,买盘
192,09:52:43,5.96,-0.01,2,1192,卖盘
193,09:52:55,5.96,0.0,2,1192,卖盘
194,09:53:13,5.96,0.0,1,596,卖盘
195,09:53:19,5.96,0.0,4,2384,卖盘
196,09:53:25,5.97,0.01,45,26865,买盘
197,09:53:31,5.97,0.0,6,3582,卖盘
198,09:53:43,5.97,0.0,1,597,卖盘
199,09:53:55,5.97,0.0,84,50148,卖盘
200,09:53:58,5.97,0.0,4,2388,卖盘
201,09:54:01,5.98,0.01,2,1196,买盘
202,09:54:13,5.97,-0.01,1,597,卖盘
203,09:54:16,5.97,0.0,58,34626,卖盘
204,09:54:19,5.96,-0.01,1,596,卖盘
205,09:54:22,5.97,0.01,21,12537,买盘
206,09:54:31,5.97,0.0,1,597,买盘
207,09:54:34,5.97,0.0,1,597,买盘
208,09:54:37,5.97,0.0,2,1194,买盘
209,09:54:43,5.96,-0.01,1,596,卖盘
210,09:54:52,5.96,0.0,1,596,卖盘
211,09:54:55,5.96,0.0,3,1788,卖盘
212,09:55:01,5.97,0.01,1,597,买盘
213,09:55:22,5.96,-0.01,2,1192,卖盘
214,09:55:25,5.97,0.01,2,1193,买盘
215,09:55:31,5.97,0.0,1,597,买盘
216,09:55:46,5.96,-0.01,3,1788,卖盘
217,09:55:49,5.96,0.0,2,1192,卖盘
218,09:56:10,5.96,0.0,2,1192,卖盘
219,09:56:13,5.96,0.0,2,1192,卖盘
220,09:56:49,5.96,0.0,1,596,卖盘
221,09:56:52,5.96,0.0,3,1788,卖盘
222,09:56:55,5.96,0.0,16,9537,卖盘
223,09:57:04,5.94,-0.02,300,178311,卖盘
224,09:57:13,5.94,0.0,3,1782,卖盘
225,09:57:22,5.94,0.0,1,594,卖盘
226,09:57:43,5.94,0.0,3,1782,卖盘
227,09:57:46,5.94,0.0,1,594,卖盘
228,09:57:49,5.94,0.0,1,594,卖盘
229,09:58:07,5.94,0.0,1,594,卖盘
230,09:58:46,5.94,0.0,20,11880,卖盘
231,09:58:49,5.94,0.0,4,2376,卖盘
232,09:59:37,5.95,0.01,10,5950,卖盘
233,09:59:42,5.95,0.0,1,595,买盘
234,09:59:49,5.95,0.0,1,595,买盘
235,09:59:52,5.95,0.0,13,7735,买盘
236,09:59:55,5.95,0.0,1,595,卖盘
237,09:59:58,5.95,0.0,2,1190,卖盘
238,10:00:01,5.95,0.0,1,595,卖盘
239,10:00:22,5.95,0.0,1,595,卖盘
240,10:00:25,5.95,0.0,4,2380,卖盘
241,10:00:28,5.97,0.02,4,2388,买盘
242,10:01:37,5.96,-0.01,30,17880,卖盘
243,10:01:40,5.96,0.0,26,15496,卖盘
244,10:01:58,5.96,0.0,3,1788,买盘
245,10:02:55,5.97,0.01,1,597,买盘
246,10:03:40,5.97,0.0,33,19701,买盘
247,10:03:52,5.95,-0.02,181,107717,卖盘
248,10:05:16,5.95,0.0,6,3570,卖盘
249,10:05:52,5.95,0.0,5,2975,卖盘
250,10:06:22,5.95,0.0,6,3570,卖盘
251,10:06:52,5.95,0.0,6,3570,卖盘
252,10:07:19,5.95,0.0,5,2975,卖盘
253,10:07:46,5.95,0.0,6,3570,卖盘
254,10:08:07,5.95,0.0,1,595,卖盘
255,10:08:19,5.95,0.0,6,3570,卖盘
256,10:08:22,5.95,0.0,1,595,卖盘
257,10:08:55,5.95,0.0,20,11900,卖盘
258,10:09:07,5.95,0.0,6,3570,卖盘
259,10:09:25,5.95,0.0,2,1190,卖盘
260,10:09:34,5.95,0.0,20,11928,卖盘
261,10:09:45,5.95,0.0,16,9520,卖盘
262,10:09:58,5.94,-0.01,2,1188,卖盘
263,10:10:04,5.94,0.0,5,2970,卖盘
264,10:10:13,5.95,0.01,5,2975,买盘
265,10:10:19,5.95,0.0,1,595,卖盘
266,10:10:33,5.95,0.0,6,3570,卖盘
267,10:11:04,5.94,-0.01,6,3565,卖盘
268,10:11:37,5.94,0.0,5,2970,卖盘
269,10:12:07,5.94,0.0,5,2970,卖盘
270,10:15:04,5.97,0.03,15,8955,买盘
271,10:16:01,5.97,0.0,26,15522,买盘
272,10:22:36,5.95,-0.02,30,17850,卖盘
273,10:22:49,5.95,0.0,5,2975,卖盘
274,10:23:40,5.95,0.0,30,17850,卖盘
275,10:25:37,5.94,-0.01,20,11880,卖盘
276,10:25:45,5.95,0.01,4,2380,买盘
277,10:25:52,5.95,0.0,10,5950,买盘
278,10:25:58,5.95,0.0,1,595,买盘
279,10:27:10,5.95,0.0,13,7735,买盘
280,10:31:37,5.95,0.0,3,1785,卖盘
281,10:32:01,5.97,0.02,10,5970,买盘
282,10:32:10,5.95,-0.02,22,13090,卖盘
283,10:33:04,5.95,0.0,5,2975,买盘
284,10:34:55,5.93,-0.02,188,111644,卖盘
285,10:36:28,5.93,0.0,7,4151,卖盘
286,10:36:43,5.94,0.01,1,1069,卖盘
287,10:36:46,5.93,-0.01,7,4155,卖盘
288,10:37:16,5.93,0.0,8,4744,卖盘
289,10:37:46,5.93,0.0,7,4151,卖盘
290,10:38:16,5.93,0.0,7,4151,卖盘
291,10:38:49,5.93,0.0,8,4744,卖盘
292,10:39:16,5.93,0.0,7,4151,卖盘
293,10:39:46,5.93,0.0,7,4151,卖盘
294,10:40:19,5.93,0.0,8,4744,卖盘
295,10:40:31,5.93,0.0,5,2965,卖盘
296,10:40:46,5.93,0.0,100,59300,卖盘
297,10:40:49,5.93,0.0,7,4151,卖盘
298,10:41:16,5.93,0.0,7,4151,卖盘
299,10:42:31,5.93,0.0,16,9488,卖盘
300,10:42:46,5.93,0.0,5,2965,卖盘
301,10:47:16,5.93,0.0,30,17790,卖盘
302,10:48:04,5.93,0.0,30,17790,卖盘
303,10:49:18,5.93,0.0,30,17790,卖盘
304,10:49:46,5.93,0.0,23,13165,卖盘
305,10:50:22,5.93,0.0,1,593,买盘
306,10:50:28,5.93,0.0,1,593,买盘
307,10:50:43,5.93,0.0,15,9369,买盘
308,10:50:46,5.93,0.0,4,2372,卖盘
309,10:50:52,5.94,0.01,9,5346,买盘
310,10:51:07,5.9,-0.04,3100,1830922,卖盘
311,10:51:13,5.9,0.0,2447,1443730,卖盘
312,10:51:16,5.9,0.0,4,2360,卖盘
313,10:51:37,5.9,0.0,1300,767000,卖盘
314,10:51:43,5.9,0.0,4,2360,卖盘
315,10:51:55,5.93,0.03,100,59300,买盘
316,10:52:12,5.9,-0.03,1186,699740,卖盘
317,10:52:15,5.9,0.0,4,2360,卖盘
318,10:52:21,5.93,0.03,10,5930,买盘
319,10:52:46,5.91,-0.02,3,1773,卖盘
320,10:53:16,5.91,0.0,4,2364,卖盘
321,10:53:37,5.9,-0.01,583,344196,卖盘
322,10:53:46,5.9,0.0,618,364629,卖盘
323,10:53:58,5.9,0.0,554,327165,卖盘
324,10:54:25,5.9,0.0,2000,1180000,卖盘
325,10:54:40,5.91,0.01,4,2364,买盘
326,10:54:52,5.93,0.02,300,177839,买盘
327,10:55:01,5.94,0.01,100,59328,买盘
328,10:55:09,5.94,0.0,10,5936,买盘
329,10:55:25,5.94,0.0,200,118750,买盘
330,10:55:27,5.94,0.0,10,5940,买盘
331,10:55:31,5.94,0.0,20,11880,买盘
332,10:55:34,5.94,0.0,10,5940,买盘
333,10:55:36,5.94,0.0,10,5940,买盘
334,10:55:39,5.94,0.0,10,5940,买盘
335,10:55:43,5.94,0.0,10,5940,买盘
336,10:55:45,5.94,0.0,10,5940,买盘
337,10:55:55,5.94,0.0,10,5940,买盘
338,10:56:01,5.94,0.0,10,5940,买盘
339,10:56:10,5.94,0.0,20,11880,买盘
340,10:56:13,5.94,0.0,20,11880,买盘
341,10:59:46,5.92,-0.02,30,17760,卖盘
342,11:01:18,5.92,0.0,8,4736,卖盘
343,11:01:43,5.92,0.0,12,7104,买盘
344,11:03:58,5.92,0.0,129,76435,卖盘
345,11:08:19,5.91,-0.01,70,41370,卖盘
346,11:08:34,5.91,0.0,93,54963,卖盘
347,11:08:55,5.91,0.0,57,33687,买盘
348,11:09:01,5.91,0.0,3,1773,卖盘
349,11:09:07,5.91,0.0,12,7092,卖盘
350,11:09:40,5.9,-0.01,100,59000,卖盘
351,11:09:55,5.9,0.0,7,4130,卖盘
352,11:10:28,5.9,0.0,49,28910,卖盘
353,11:12:09,5.9,0.0,15,8850,卖盘
354,11:14:28,5.91,0.01,5,2955,买盘
355,11:16:55,5.9,-0.01,73,43070,卖盘
356,11:17:04,5.91,0.01,100,59100,买盘
357,11:18:07,5.94,0.03,200,118462,买盘
358,11:23:43,5.93,-0.01,10,5930,买盘
359,11:23:58,5.91,-0.02,4,2364,卖盘
360,11:25:46,5.93,0.02,1,593,买盘
361,11:26:09,5.93,0.0,7,4151,买盘
362,11:26:49,5.95,0.02,452,268375,买盘
363,11:27:04,5.92,-0.03,256,151796,卖盘
364,11:27:16,5.92,0.0,68,40256,买盘
365,11:27:52,5.94,0.02,300,177658,买盘
366,11:28:33,5.91,-0.03,100,59100,卖盘
367,11:28:52,5.94,0.03,300,177312,买盘
368,11:29:06,5.95,0.01,140,83165,买盘
369,11:29:19,5.95,0.0,130,77227,买盘
370,11:29:30,5.91,-0.04,69,40779,卖盘
371,11:29:37,5.91,0.0,15,8865,买盘
372,11:29:40,5.94,0.03,200,118260,买盘
373,11:30:04,5.94,0.0,10,5940,买盘
374,13:00:07,5.9,-0.04,531,312954,卖盘
375,13:02:52,5.92,0.02,3,1776,卖盘
376,13:04:57,5.94,0.02,200,118520,买盘
377,13:06:07,5.91,-0.03,5,2955,卖盘
378,13:06:13,5.91,0.0,20,11820,卖盘
379,13:07:34,5.93,0.02,10,5930,买盘
380,13:07:37,5.93,0.0,10,5930,买盘
381,13:07:40,5.93,0.0,10,5930,买盘
382,13:07:43,5.93,0.0,10,5930,买盘
383,13:07:46,5.93,0.0,10,5930,买盘
384,13:07:51,5.93,0.0,10,5930,买盘
385,13:07:54,5.93,0.0,10,5930,买盘
386,13:08:01,5.93,0.0,30,17790,买盘
387,13:08:04,5.93,0.0,30,17790,买盘
388,13:08:07,5.94,0.01,20,11863,买盘
389,13:18:12,5.93,-0.01,15,8895,买盘
390,13:18:36,5.9,-0.03,10,5900,卖盘
391,13:19:13,5.9,0.0,70,41300,卖盘
392,13:23:34,5.92,0.02,20,11840,买盘
393,13:23:37,5.92,0.0,20,11840,买盘
394,13:23:40,5.92,0.0,40,23680,买盘
395,13:23:43,5.92,0.0,20,11840,买盘
396,13:23:46,5.93,0.01,10,5927,买盘
397,13:24:13,5.93,0.0,1,593,买盘
398,13:28:34,5.93,0.0,15,8895,买盘
399,13:32:48,5.91,-0.02,11,6501,卖盘
400,13:34:28,5.93,0.02,5,2959,买盘
401,13:34:40,5.93,0.0,4,2372,买盘
402,13:37:55,5.92,-0.01,55,32560,买盘
403,13:38:10,5.93,0.01,10,5930,买盘
404,13:38:57,5.93,0.0,2,1186,买盘
405,13:39:24,5.91,-0.02,3,1773,卖盘
406,13:39:57,5.93,0.02,20,11860,买盘
407,13:40:46,5.91,-0.02,10,5910,卖盘
408,13:41:49,5.93,0.02,10,5930,买盘
409,13:43:16,5.93,0.0,14,8302,买盘
410,13:45:43,5.93,0.0,14,8302,买盘
411,13:47:01,5.96,0.03,800,475631,买盘
412,13:47:04,5.97,0.01,574,342509,买盘
413,13:47:10,5.97,0.0,607,362173,买盘
414,13:47:19,5.97,0.0,546,325466,买盘
415,13:47:22,5.93,-0.04,18,10676,卖盘
416,13:47:31,5.97,0.04,800,477384,买盘
417,13:47:34,5.97,0.0,500,298500,买盘
418,13:48:15,5.96,-0.01,14,8344,买盘
419,13:48:55,5.93,-0.03,14,8302,卖盘
420,13:49:04,5.95,0.02,3,1785,买盘
421,13:49:16,5.95,0.0,3,1785,买盘
422,13:49:28,5.95,0.0,2,1190,买盘
423,13:49:37,5.95,0.0,14,8330,买盘
424,13:49:43,5.96,0.01,110,65453,买盘
425,13:49:49,5.96,0.0,1,596,买盘
426,13:50:19,5.96,0.0,7,4172,买盘
427,13:52:48,5.94,-0.02,34,20196,卖盘
428,13:53:04,5.96,0.02,50,29739,买盘
429,13:53:10,5.96,0.0,1,596,买盘
430,13:53:28,5.93,-0.03,18,10674,卖盘
431,13:54:13,5.96,0.03,10,5960,买盘
432,13:54:22,5.93,-0.03,19,11267,卖盘
433,13:54:28,5.96,0.03,20,11920,买盘
434,13:55:10,5.95,-0.01,1,595,买盘
435,13:55:16,5.96,0.01,21,12497,买盘
436,13:58:15,5.93,-0.03,7,4151,卖盘
437,13:58:21,5.93,0.0,2,1186,买盘
438,13:58:37,5.95,0.02,30,17850,买盘
439,13:58:39,5.95,0.0,60,35700,买盘
440,13:58:42,5.95,0.0,10,5950,买盘
441,13:58:46,5.96,0.01,20,11905,买盘
442,14:00:49,5.91,-0.05,43,25456,卖盘
443,14:01:04,5.95,0.04,2,1190,买盘
444,14:01:07,5.95,0.0,3,1785,买盘
445,14:03:49,5.92,-0.03,31,18352,卖盘
446,14:06:24,5.92,0.0,1,829,买盘
447,14:09:15,5.95,0.03,21,12475,买盘
448,14:09:18,5.95,0.0,1,595,买盘
449,14:09:22,5.95,0.0,3,1785,买盘
450,14:09:25,5.95,0.0,1,595,买盘
451,14:09:28,5.95,0.0,1,595,买盘
452,14:09:37,5.95,0.0,1,595,买盘
453,14:09:43,5.95,0.0,2,1190,买盘
454,14:09:46,5.95,0.0,5,2975,买盘
455,14:09:49,5.95,0.0,5,2975,买盘
456,14:09:52,5.95,0.0,5,2975,买盘
457,14:09:55,5.95,0.0,10,5950,买盘
458,14:10:58,5.95,0.0,10,5950,买盘
459,14:11:00,5.95,0.0,10,5950,买盘
460,14:12:13,5.95,0.0,42,24990,买盘
461,14:13:22,5.95,0.0,5,2975,买盘
462,14:23:07,5.95,0.0,40,23768,买盘
463,14:23:12,5.95,0.0,27,16065,买盘
464,14:23:25,5.91,-0.04,53,31337,卖盘
465,14:24:31,5.94,0.03,30,17820,买盘
466,14:24:34,5.94,0.0,30,17820,买盘
467,14:24:36,5.95,0.01,10,5948,买盘
468,14:24:39,5.95,0.0,10,5950,买盘
469,14:33:40,5.94,-0.01,20,11880,买盘
470,14:33:46,5.95,0.01,10,5941,买盘
471,14:34:25,5.94,-0.01,350,207900,买盘
472,14:34:28,5.94,0.0,50,29700,买盘
473,14:34:31,5.94,0.0,50,29700,买盘
474,14:34:34,5.94,0.0,50,29700,买盘
475,14:34:37,5.94,0.0,50,29700,买盘
476,14:34:40,5.94,0.0,30,17820,买盘
477,14:34:43,5.94,0.0,60,35640,买盘
478,14:34:46,5.94,0.0,90,53460,买盘
479,14:34:49,5.94,0.0,60,35640,买盘
480,14:34:58,5.94,0.0,30,17820,买盘
481,14:35:01,5.94,0.0,50,29700,买盘
482,14:35:13,5.94,0.0,60,35640,买盘
483,14:35:16,5.94,0.0,70,41580,买盘
484,14:36:01,5.94,0.0,50,29700,买盘
485,14:36:43,5.94,0.0,82,48708,买盘
486,14:37:25,5.95,0.01,20,11882,买盘
487,14:37:31,5.95,0.0,10,5950,买盘
488,14:37:33,5.95,0.0,10,5950,买盘
489,14:37:37,5.95,0.0,10,5950,买盘
490,14:37:40,5.95,0.0,20,11900,买盘
491,14:37:43,5.95,0.0,10,5950,买盘
492,14:37:46,5.95,0.0,10,5950,买盘
493,14:37:49,5.95,0.0,10,5950,买盘
494,14:37:52,5.95,0.0,10,5950,买盘
495,14:37:54,5.95,0.0,2,1190,买盘
496,14:37:57,5.95,0.0,2,1190,买盘
497,14:38:01,5.95,0.0,1,595,买盘
498,14:38:04,5.95,0.0,2,1190,买盘
499,14:39:24,5.95,0.0,10,5950,买盘
500,14:39:27,5.95,0.0,10,5950,买盘
501,14:39:31,5.95,0.0,20,11900,买盘
502,14:39:34,5.95,0.0,20,11900,买盘
503,14:39:37,5.95,0.0,10,5950,买盘
504,14:39:39,5.95,0.0,20,11900,买盘
505,14:39:42,5.95,0.0,10,5950,买盘
506,14:39:46,5.95,0.0,10,5950,买盘
507,14:39:49,5.95,0.0,10,5950,买盘
508,14:39:52,5.95,0.0,10,5950,买盘
509,14:39:55,5.95,0.0,4,2380,买盘
510,14:39:58,5.95,0.0,5,2975,买盘
511,14:40:01,5.95,0.0,5,2975,买盘
512,14:40:05,5.95,0.0,10,5950,买盘
513,14:40:07,5.95,0.0,5,2975,买盘
514,14:40:10,5.95,0.0,10,5950,买盘
515,14:40:13,5.95,0.0,5,2975,买盘
516,14:40:16,5.95,0.0,5,2975,买盘
517,14:40:19,5.95,0.0,5,2975,买盘
518,14:42:36,5.94,-0.01,10,5940,买盘
519,14:42:40,5.94,0.0,10,5940,买盘
520,14:42:46,5.94,0.0,1,594,买盘
521,14:42:49,5.94,0.0,20,11880,买盘
522,14:42:52,5.94,0.0,10,5940,买盘
523,14:42:55,5.95,0.01,10,5942,买盘
524,14:42:58,5.95,0.0,2,1190,买盘
525,14:43:01,5.95,0.0,8,4760,买盘
526,14:43:04,5.95,0.0,5,2975,买盘
527,14:43:06,5.95,0.0,6,3570,买盘
528,14:43:10,5.94,-0.01,7,4158,买盘
529,14:43:13,5.94,0.0,8,4752,买盘
530,14:43:16,5.94,0.0,9,5346,买盘
531,14:43:22,5.95,0.01,30,17824,买盘
532,14:43:28,5.95,0.0,1,595,买盘
533,14:43:46,5.93,-0.02,12,7116,卖盘
534,14:44:07,5.93,0.0,51,30243,买盘
535,14:44:25,5.92,-0.01,51,30258,卖盘
536,14:44:34,5.95,0.03,3,1783,买盘
537,14:45:10,5.95,0.0,3,1785,买盘
538,14:45:16,5.95,0.0,10,5950,买盘
539,14:45:22,5.95,0.0,3,1785,买盘
540,14:45:25,5.95,0.0,6,3570,买盘
541,14:45:39,5.95,0.0,3,1785,买盘
542,14:45:54,5.95,0.0,12,7140,买盘
543,14:46:04,5.95,0.0,1,595,买盘
544,14:46:07,5.95,0.0,2,1190,买盘
545,14:46:10,5.95,0.0,6,3570,买盘
546,14:46:13,5.95,0.0,4,2380,买盘
547,14:46:15,5.95,0.0,5,2975,买盘
548,14:46:19,5.95,0.0,6,3570,买盘
549,14:46:24,5.94,-0.01,7,4158,买盘
550,14:46:28,5.94,0.0,8,4752,买盘
551,14:46:31,5.94,0.0,9,5346,买盘
552,14:46:37,5.94,0.0,10,5940,买盘
553,14:46:40,5.94,0.0,21,12474,买盘
554,14:46:46,5.95,0.01,5,2972,买盘
555,14:46:54,5.95,0.0,21,12475,买盘
556,14:47:10,5.95,0.0,2,1190,买盘
557,14:47:19,5.93,-0.02,1,593,卖盘
558,14:47:31,5.93,0.0,4,2372,卖盘
559,14:47:34,5.94,0.01,2,1188,买盘
560,14:47:40,5.94,0.0,32,19008,买盘
561,14:47:46,5.95,0.01,20,11884,买盘
562,14:48:07,5.94,-0.01,20,11880,买盘
563,14:48:10,5.94,0.0,20,11880,买盘
564,14:48:13,5.94,0.0,4,2376,买盘
565,14:48:19,5.94,0.0,20,11880,买盘
566,14:48:22,5.94,0.0,50,29700,买盘
567,14:48:28,5.94,0.0,10,5940,买盘
568,14:48:31,5.94,0.0,10,5940,买盘
569,14:49:58,5.91,-0.03,61,36090,卖盘
570,14:51:16,5.91,0.0,44,26004,卖盘
571,14:51:25,5.91,0.0,25,14775,卖盘
572,14:52:40,5.91,0.0,3,1773,卖盘
573,14:53:13,5.93,0.02,30,17790,买盘
574,14:53:16,5.93,0.0,30,17790,买盘
575,14:53:19,5.93,0.0,30,17790,买盘
576,14:53:22,5.93,0.0,30,17790,买盘
577,14:53:25,5.92,-0.01,60,35550,卖盘
578,14:53:28,5.93,0.01,30,17790,买盘
579,14:53:31,5.93,0.0,30,17790,买盘
580,14:53:34,5.94,0.01,30,17790,买盘
581,14:53:40,5.93,-0.01,29,17197,卖盘
582,14:53:43,5.91,-0.02,29,17139,卖盘
583,14:53:46,5.94,0.03,2,1187,买盘
584,14:53:49,5.93,-0.01,8,4744,买盘
585,14:53:55,5.93,0.0,2,1186,买盘
586,14:53:58,5.93,0.0,3,1779,中性盘
587,14:54:13,5.92,-0.01,33,19536,卖盘
588,14:54:16,5.93,0.01,30,17790,买盘
589,14:54:19,5.92,-0.01,30,17760,买盘
590,14:54:22,5.93,0.01,60,35580,买盘
591,14:54:28,5.93,0.0,30,17790,买盘
592,14:54:31,5.93,0.0,30,17790,买盘
593,14:54:34,5.93,0.0,30,17790,买盘
594,14:54:37,5.93,0.0,30,17790,买盘
595,14:54:43,5.93,0.0,30,17790,买盘
596,14:54:46,5.93,0.0,30,17790,买盘
597,14:54:49,5.93,0.0,30,17790,买盘
598,14:54:52,5.93,0.0,30,17790,买盘
599,14:54:55,5.93,0.0,30,17790,买盘
600,14:54:58,5.93,0.0,30,17790,买盘
601,14:55:01,5.93,0.0,60,35580,买盘
602,14:55:07,5.93,0.0,30,17790,买盘
603,14:55:13,5.92,-0.01,40,23680,买盘
604,14:55:16,5.93,0.01,10,5923,买盘
605,14:55:25,5.93,0.0,30,17790,买盘
606,14:55:28,5.93,0.0,40,23720,买盘
607,14:55:31,5.93,0.0,50,29650,买盘
608,14:55:34,5.94,0.01,40,23721,买盘
609,14:55:40,5.93,-0.01,30,17773,买盘
610,14:55:43,5.93,0.0,30,17790,买盘
611,14:56:25,5.93,0.0,20,11850,买盘
612,14:56:28,5.93,0.0,10,5930,买盘
613,14:56:34,5.93,0.0,10,5930,买盘
614,14:56:49,5.93,0.0,20,11860,买盘
615,14:56:55,5.93,0.0,10,5930,买盘
616,14:56:58,5.93,0.0,10,5930,买盘
617,14:57:01,5.93,0.0,10,5930,买盘
618,15:00:05,5.91,-0.02,2047,1209777,卖盘
