,time,price,change,volume,amount,type
0,09:25:04,7.73,0.03,235,181655,卖盘
1,09:30:04,7.74,0.01,183,141418,买盘
2,09:30:07,7.74,0.0,202,155940,买盘
3,09:30:10,7.73,-0.01,84,64932,卖盘
4,09:30:15,7.73,0.0,3,2319,卖盘
5,09:30:19,7.73,0.0,28,21644,卖盘
6,09:30:22,7.74,0.01,18,13930,买盘
7,09:30:28,7.71,-0.03,6,4626,卖盘
8,09:30:30,7.72,0.01,6,4632,中性盘
9,09:30:34,7.73,0.01,11,8503,买盘
10,09:30:37,7.73,0.0,6,4638,卖盘
11,09:30:40,7.73,0.0,56,43288,卖盘
12,09:30:42,7.73,0.0,30,23190,卖盘
13,09:30:52,7.74,0.01,113,87404,买盘
14,09:30:55,7.72,-0.02,31,23949,卖盘
15,09:30:58,7.72,0.0,11,8492,卖盘
16,09:31:04,7.72,0.0,90,69550,卖盘
17,09:31:06,7.72,0.0,34,26248,卖盘
18,09:31:09,7.72,0.0,5,3860,卖盘
19,09:31:16,7.72,0.0,333,257076,卖盘
20,09:31:19,7.72,0.0,1,772,卖盘
21,09:31:22,7.72,0.0,121,93430,卖盘
22,09:31:25,7.72,0.0,69,53967,买盘
23,09:31:27,7.71,-0.01,9,6939,卖盘
24,09:31:31,7.71,0.0,44,33176,卖盘
25,09:31:40,7.72,0.01,271,209074,买盘
26,09:31:43,7.7,-0.02,19,14632,卖盘
27,09:31:46,7.72,0.02,28,21616,买盘
28,09:31:51,7.71,-0.01,45,34736,中性盘
29,09:31:58,7.7,-0.01,70,53900,卖盘
30,09:32:04,7.71,0.01,16,12336,买盘
31,09:32:06,7.7,-0.01,3,2310,卖盘
32,09:32:16,7.7,0.0,21,16170,卖盘
33,09:32:22,7.7,0.0,10,7700,卖盘
34,09:32:28,7.71,0.01,23,17733,买盘
35,09:32:31,7.71,0.0,10,7710,买盘
36,09:32:37,7.72,0.01,35,26992,买盘
37,09:32:39,7.72,0.0,7,5403,买盘
38,09:32:49,7.72,0.0,39,30107,买盘
39,09:32:58,7.71,-0.01,1,771,卖盘
40,09:33:01,7.72,0.01,7,5404,买盘
41,09:33:05,7.72,0.0,39,30108,卖盘
42,09:33:13,7.74,0.02,200,154683,买盘
43,09:33:19,7.72,-0.02,1,772,卖盘
44,09:33:22,7.74,0.02,146,112976,买盘
45,09:33:28,7.72,-0.02,117,90324,卖盘
46,09:33:31,7.72,0.0,42,32424,卖盘
47,09:33:40,7.73,0.01,27,20870,买盘
48,09:33:42,7.73,0.0,168,129864,买盘
49,09:33:49,7.74,0.01,67,51816,买盘
50,09:33:55,7.74,0.0,6,4644,买盘
51,09:34:04,7.74,0.0,92,71208,买盘
52,09:34:13,7.74,0.0,20,15480,买盘
53,09:34:16,7.73,-0.01,10,7730,卖盘
54,09:34:19,7.75,0.02,601,465691,买盘
55,09:34:22,7.73,-0.02,7,5411,卖盘
56,09:34:25,7.73,0.0,5,3865,卖盘
57,09:34:34,7.74,0.01,15,11600,买盘
58,09:34:37,7.73,-0.01,45,34826,卖盘
59,09:34:39,7.74,0.01,13,10062,买盘
60,09:34:46,7.74,0.0,3,2322,买盘
61,09:34:49,7.73,-0.01,292,225924,卖盘
62,09:34:55,7.72,-0.01,191,147660,卖盘
63,09:35:04,7.73,0.01,8,6184,买盘
64,09:35:07,7.72,-0.01,105,81160,卖盘
65,09:35:16,7.72,0.0,200,154400,卖盘
66,09:35:19,7.72,0.0,209,161348,卖盘
67,09:35:22,7.72,0.0,120,92640,卖盘
68,09:35:28,7.72,0.0,24,18528,买盘
69,09:35:34,7.72,0.0,319,246268,买盘
70,09:35:37,7.71,-0.01,152,117273,卖盘
71,09:35:42,7.73,0.02,23,17778,买盘
72,09:35:46,7.71,-0.02,56,43188,卖盘
73,09:35:49,7.71,0.0,84,64764,卖盘
74,09:35:54,7.7,-0.01,90,69319,卖盘
75,09:36:04,7.71,0.01,14,10794,卖盘
76,09:36:10,7.7,-0.01,6,4620,卖盘
77,09:36:13,7.7,0.0,90,69300,卖盘
78,09:36:16,7.71,0.01,3,2313,买盘
79,09:36:19,7.71,0.0,22,16961,买盘
80,09:36:22,7.71,0.0,28,21588,买盘
81,09:36:28,7.72,0.01,171,131872,买盘
82,09:36:40,7.72,0.0,110,84920,买盘
83,09:36:42,7.72,0.0,55,42460,买盘
84,09:36:46,7.72,0.0,38,29336,买盘
85,09:36:49,7.72,0.0,22,16984,买盘
86,09:36:55,7.72,0.0,46,35512,买盘
87,09:36:57,7.72,0.0,81,62532,买盘
88,09:37:01,7.72,0.0,5,3860,卖盘
89,09:37:04,7.72,0.0,18,13896,卖盘
90,09:37:10,7.73,0.01,99,76527,买盘
91,09:37:13,7.73,0.0,2,1546,买盘
92,09:37:19,7.72,-0.01,1,772,卖盘
93,09:37:31,7.72,0.0,5,3860,卖盘
94,09:37:34,7.73,0.01,20,15460,买盘
95,09:37:37,7.73,0.0,91,70262,买盘
96,09:37:39,7.73,0.0,22,16985,买盘
97,09:37:46,7.72,-0.01,10,7725,卖盘
98,09:37:49,7.73,0.01,6,4638,买盘
99,09:37:58,7.73,0.0,21,16233,买盘
100,09:38:00,7.72,-0.01,223,172376,卖盘
101,09:38:04,7.73,0.01,100,77300,买盘
102,09:38:06,7.73,0.0,60,46380,买盘
103,09:38:13,7.73,0.0,249,192477,买盘
104,09:38:19,7.72,-0.01,42,32465,卖盘
105,09:38:25,7.73,0.01,78,60294,买盘
106,09:38:28,7.73,0.0,144,111262,买盘
107,09:38:31,7.72,-0.01,20,15440,卖盘
108,09:38:34,7.73,0.01,93,71835,买盘
109,09:38:37,7.73,0.0,10,7730,卖盘
110,09:38:40,7.73,0.0,5,3865,卖盘
111,09:38:43,7.73,0.0,29,22441,卖盘
112,09:38:46,7.74,0.01,1,774,买盘
113,09:38:49,7.73,-0.01,66,51018,卖盘
114,09:38:52,7.74,0.01,5,3870,买盘
115,09:38:57,7.73,-0.01,4,3092,卖盘
116,09:39:00,7.74,0.01,100,77400,买盘
117,09:39:04,7.73,-0.01,8,6184,卖盘
118,09:39:07,7.74,0.01,10,7734,买盘
119,09:39:19,7.73,-0.01,13,10049,卖盘
120,09:39:22,7.74,0.01,8,6185,买盘
121,09:39:25,7.74,0.0,86,66564,买盘
122,09:39:27,7.74,0.0,5,3870,买盘
123,09:39:34,7.74,0.0,14,10836,买盘
124,09:39:37,7.74,0.0,2,1548,买盘
125,09:39:39,7.74,0.0,4,3096,买盘
126,09:39:42,7.74,0.0,210,162540,买盘
127,09:39:55,7.74,0.0,17,13156,买盘
128,09:39:58,7.73,-0.01,4,3092,卖盘
129,09:40:01,7.74,0.01,28,21672,买盘
130,09:40:04,7.74,0.0,141,109094,买盘
131,09:40:07,7.74,0.0,15,11610,买盘
132,09:40:16,7.74,0.0,20,15480,买盘
133,09:40:19,7.74,0.0,10,7740,买盘
134,09:40:31,7.73,-0.01,50,38650,卖盘
135,09:40:37,7.74,0.01,45,34830,买盘
136,09:40:43,7.74,0.0,64,49486,买盘
137,09:40:46,7.74,0.0,39,30186,买盘
138,09:40:52,7.73,-0.01,82,63386,卖盘
139,09:40:55,7.74,0.01,20,15480,买盘
140,09:40:58,7.74,0.0,8,6192,买盘
141,09:41:01,7.74,0.0,59,45666,买盘
142,09:41:04,7.73,-0.01,3,2319,卖盘
143,09:41:19,7.73,0.0,56,43328,卖盘
144,09:41:22,7.73,0.0,47,36331,卖盘
145,09:41:24,7.73,0.0,58,44879,卖盘
146,09:41:28,7.73,0.0,71,54883,卖盘
147,09:41:31,7.73,0.0,10,7730,卖盘
148,09:41:34,7.73,0.0,5,3865,卖盘
149,09:41:36,7.73,0.0,8,6184,卖盘
150,09:41:46,7.73,0.0,10,7735,卖盘
151,09:41:49,7.73,0.0,2,1547,卖盘
152,09:41:52,7.73,0.0,9,6957,卖盘
153,09:41:55,7.73,0.0,2,1547,卖盘
154,09:42:01,7.73,0.0,3,2319,卖盘
155,09:42:04,7.73,0.0,2,1546,卖盘
156,09:42:07,7.73,0.0,7,5411,卖盘
157,09:42:22,7.73,0.0,10,7730,卖盘
158,09:42:25,7.74,0.01,18,13928,买盘
159,09:42:34,7.73,-0.01,2,1546,卖盘
160,09:42:37,7.73,0.0,21,16233,卖盘
161,09:42:42,7.73,0.0,23,17779,卖盘
162,09:42:45,7.74,0.01,5,3870,买盘
163,09:42:49,7.73,-0.01,1,773,卖盘
164,09:42:52,7.73,0.0,97,75058,卖盘
165,09:42:58,7.74,0.01,50,38700,买盘
166,09:43:00,7.73,-0.01,13,10049,卖盘
167,09:43:04,7.74,0.01,15,11605,买盘
168,09:43:10,7.73,-0.01,17,13153,卖盘
169,09:43:13,7.74,0.01,28,21672,买盘
170,09:43:15,7.73,-0.01,20,15460,卖盘
171,09:43:22,7.74,0.01,242,187308,买盘
172,09:43:25,7.75,0.01,28,21700,买盘
173,09:43:28,7.74,-0.01,20,15480,卖盘
174,09:43:31,7.75,0.01,14,10850,买盘
175,09:43:37,7.74,-0.01,73,56502,卖盘
176,09:43:39,7.75,0.01,5,3875,买盘
177,09:43:46,7.74,-0.01,17,13158,卖盘
178,09:43:49,7.75,0.01,7,5425,买盘
179,09:43:52,7.74,-0.01,1,774,卖盘
180,09:43:57,7.74,0.0,3,2322,卖盘
181,09:44:00,7.75,0.01,5,3875,买盘
182,09:44:04,7.74,-0.01,73,56502,卖盘
183,09:44:10,7.75,0.01,100,77423,买盘
184,09:44:22,7.75,0.0,3,2325,买盘
185,09:44:24,7.74,-0.01,10,7740,卖盘
186,09:44:33,7.74,0.0,66,51084,卖盘
187,09:44:36,7.74,0.0,100,77400,卖盘
188,09:44:40,7.74,0.0,10,7740,卖盘
189,09:44:42,7.75,0.01,4,3100,买盘
190,09:44:49,7.75,0.0,1,775,买盘
191,09:44:51,7.74,-0.01,22,17045,卖盘
192,09:44:55,7.74,0.0,4,3096,卖盘
193,09:44:58,7.75,0.01,35,27121,买盘
194,09:45:06,7.75,0.0,3,2325,买盘
195,09:45:09,7.75,0.0,72,55800,买盘
196,09:45:13,7.75,0.0,79,61209,买盘
197,09:45:16,7.74,-0.01,10,7740,卖盘
198,09:45:18,7.75,0.01,2,1550,买盘
199,09:45:22,7.73,-0.02,257,198903,卖盘
200,09:45:25,7.73,0.0,84,64951,卖盘
201,09:45:27,7.73,0.0,8,6184,卖盘
202,09:45:31,7.73,0.0,10,7730,卖盘
203,09:45:34,7.74,0.01,14,10832,买盘
204,09:45:40,7.74,0.0,11,8513,买盘
205,09:45:48,7.74,0.0,46,35559,买盘
206,09:45:51,7.74,0.0,5,3870,买盘
207,09:45:55,7.73,-0.01,2,1546,卖盘
208,09:45:58,7.74,0.01,63,48722,买盘
209,09:46:01,7.73,-0.01,3,2319,卖盘
210,09:46:04,7.74,0.01,233,180342,买盘
211,09:46:07,7.74,0.0,50,38700,卖盘
212,09:46:10,7.74,0.0,28,21697,卖盘
213,09:46:13,7.75,0.01,40,30980,买盘
214,09:46:16,7.73,-0.02,45,34823,卖盘
215,09:46:19,7.74,0.01,53,41022,卖盘
216,09:46:25,7.75,0.01,119,92178,买盘
217,09:46:28,7.74,-0.01,3,2322,中性盘
218,09:46:37,7.75,0.01,16,12400,买盘
219,09:46:43,7.75,0.0,46,35643,买盘
220,09:46:46,7.74,-0.01,50,38700,卖盘
221,09:46:49,7.74,0.0,59,45666,卖盘
222,09:47:01,7.74,0.0,76,58824,卖盘
223,09:47:07,7.74,0.0,7,5418,买盘
224,09:47:18,7.74,0.0,5,3870,买盘
225,09:47:25,7.74,0.0,2,1548,买盘
226,09:47:28,7.74,0.0,20,15480,买盘
227,09:47:37,7.74,0.0,263,203562,买盘
228,09:47:39,7.74,0.0,123,95202,买盘
229,09:47:49,7.74,0.0,9,6966,卖盘
230,09:47:52,7.74,0.0,53,41022,卖盘
231,09:47:55,7.75,0.01,100,77498,买盘
232,09:48:01,7.74,-0.01,3,2322,卖盘
233,09:48:04,7.74,0.0,123,95226,卖盘
234,09:48:07,7.74,0.0,19,14706,卖盘
235,09:48:10,7.73,-0.01,125,96737,卖盘
236,09:48:13,7.73,0.0,49,37877,卖盘
237,09:48:16,7.73,0.0,18,13914,卖盘
238,09:48:19,7.73,0.0,279,215667,卖盘
239,09:48:22,7.72,-0.01,65,50200,卖盘
240,09:48:25,7.72,0.0,104,80406,卖盘
241,09:48:27,7.72,0.0,21,16217,卖盘
242,09:48:31,7.72,0.0,31,23932,卖盘
243,09:48:34,7.72,0.0,143,110396,卖盘
244,09:48:37,7.71,-0.01,216,166640,卖盘
245,09:48:43,7.72,0.01,15,11580,买盘
246,09:48:46,7.72,0.0,4,3088,卖盘
247,09:48:49,7.72,0.0,11,8492,卖盘
248,09:48:52,7.72,0.0,38,29331,买盘
249,09:48:58,7.72,0.0,66,50952,买盘
250,09:49:01,7.71,-0.01,3,2313,卖盘
251,09:49:04,7.72,0.01,248,191235,买盘
252,09:49:10,7.71,-0.01,6,4626,卖盘
253,09:49:16,7.72,0.01,7,5404,买盘
254,09:49:19,7.71,-0.01,96,74016,卖盘
255,09:49:31,7.72,0.01,27,20844,买盘
256,09:49:34,7.71,-0.01,150,115650,卖盘
257,09:49:52,7.71,0.0,5,3855,卖盘
258,09:49:55,7.71,0.0,20,15420,卖盘
259,09:49:58,7.71,0.0,134,103330,卖盘
260,09:50:00,7.71,0.0,10,7710,卖盘
261,09:50:12,7.71,0.0,60,46260,卖盘
262,09:50:25,7.71,0.0,65,50165,卖盘
263,09:50:28,7.71,0.0,161,124131,卖盘
264,09:50:37,7.71,0.0,7,5397,卖盘
265,09:50:40,7.71,0.0,50,38550,卖盘
266,09:50:42,7.71,0.0,6,4626,卖盘
267,09:50:46,7.72,0.01,14,10808,买盘
268,09:50:48,7.71,-0.01,100,77023,卖盘
269,09:50:58,7.71,0.0,27,20814,买盘
270,09:51:00,7.71,0.0,14,10794,买盘
271,09:51:06,7.71,0.0,14,10794,买盘
272,09:51:10,7.7,-0.01,1,770,卖盘
273,09:51:18,7.7,0.0,33,25410,卖盘
274,09:51:34,7.7,0.0,16,12332,卖盘
275,09:51:37,7.71,0.01,4,3084,买盘
276,09:51:43,7.7,-0.01,175,134750,卖盘
277,09:51:46,7.71,0.01,53,40863,买盘
278,09:51:49,7.71,0.0,18,13878,买盘
279,09:51:52,7.71,0.0,23,17733,买盘
280,09:52:04,7.7,-0.01,3,2310,卖盘
281,09:52:06,7.71,0.01,51,39321,买盘
282,09:52:12,7.7,-0.01,31,23898,卖盘
283,09:52:19,7.7,0.0,31,23870,卖盘
284,09:52:22,7.71,0.01,26,20046,买盘
285,09:52:28,7.71,0.0,3,2313,卖盘
286,09:52:31,7.71,0.0,6,4626,卖盘
287,09:52:40,7.72,0.01,50,38600,买盘
288,09:52:43,7.72,0.0,7,5404,买盘
289,09:52:58,7.71,-0.01,13,10033,卖盘
290,09:53:00,7.71,0.0,30,23130,卖盘
291,09:53:04,7.71,0.0,5,3855,卖盘
292,09:53:07,7.71,0.0,50,38550,卖盘
293,09:53:10,7.72,0.01,5,3860,买盘
294,09:53:16,7.71,-0.01,5,3855,卖盘
295,09:53:19,7.71,0.0,25,19275,卖盘
296,09:53:28,7.72,0.01,5,3860,买盘
297,09:53:34,7.71,-0.01,1,771,卖盘
298,09:53:45,7.72,0.01,52,40144,买盘
299,09:53:48,7.72,0.0,3,2316,买盘
300,09:53:55,7.71,-0.01,203,156513,卖盘
301,09:54:04,7.72,0.01,142,109564,买盘
302,09:54:09,7.71,-0.01,6,4626,卖盘
303,09:54:19,7.72,0.01,61,47092,买盘
304,09:54:25,7.72,0.0,23,17756,买盘
305,09:54:31,7.71,-0.01,38,29332,卖盘
306,09:54:40,7.72,0.01,118,91076,买盘
307,09:54:43,7.72,0.0,37,28564,卖盘
308,09:54:46,7.72,0.0,25,19300,卖盘
309,09:54:49,7.72,0.0,20,15440,买盘
310,09:54:55,7.72,0.0,2,1544,卖盘
311,09:55:01,7.73,0.01,58,44807,买盘
312,09:55:04,7.73,0.0,50,38650,买盘
313,09:55:19,7.72,-0.01,11,8492,卖盘
314,09:55:28,7.72,0.0,67,51754,卖盘
315,09:55:34,7.72,0.0,36,27792,买盘
316,09:55:36,7.71,-0.01,61,47031,卖盘
317,09:55:46,7.71,0.0,1,771,卖盘
318,09:55:49,7.71,0.0,5,3855,卖盘
319,09:55:52,7.72,0.01,6,4632,买盘
320,09:56:01,7.72,0.0,58,44768,买盘
321,09:56:07,7.71,-0.01,30,23130,卖盘
322,09:56:10,7.72,0.01,20,15440,买盘
323,09:56:15,7.73,0.01,87,67750,买盘
324,09:56:19,7.72,-0.01,14,10815,中性盘
325,09:56:22,7.72,0.0,7,5404,买盘
326,09:56:25,7.72,0.0,8,6176,买盘
327,09:56:28,7.73,0.01,57,44051,买盘
328,09:56:30,7.73,0.0,73,56426,买盘
329,09:56:34,7.73,0.0,35,27055,买盘
330,09:56:37,7.74,0.01,45,34790,买盘
331,09:56:40,7.72,-0.02,9,6948,卖盘
332,09:56:46,7.74,0.02,4,3096,买盘
333,09:56:51,7.74,0.0,7,5418,买盘
334,09:56:55,7.73,-0.01,29,22417,卖盘
335,09:57:01,7.74,0.01,12,9288,买盘
336,09:57:04,7.73,-0.01,102,78896,卖盘
337,09:57:07,7.73,0.0,7,5411,中性盘
338,09:57:10,7.74,0.01,23,17789,买盘
339,09:57:19,7.74,0.0,96,74249,买盘
340,09:57:37,7.74,0.0,6,4644,买盘
341,09:57:48,7.74,0.0,3,2322,买盘
342,09:57:55,7.74,0.0,5,3870,买盘
343,09:57:57,7.72,-0.02,1,772,卖盘
344,09:58:04,7.72,0.0,3,2316,卖盘
345,09:58:22,7.72,0.0,3,2316,卖盘
346,09:58:30,7.72,0.0,23,17756,卖盘
347,09:58:33,7.73,0.01,21,16229,买盘
348,09:58:39,7.72,-0.01,7,5404,卖盘
349,09:58:46,7.72,0.0,19,14668,卖盘
350,09:58:49,7.73,0.01,11,8503,买盘
351,09:58:52,7.72,-0.01,39,30108,卖盘
352,09:58:55,7.72,0.0,20,15440,卖盘
353,09:58:58,7.72,0.0,3,2316,卖盘
354,09:59:00,7.72,0.0,20,15440,卖盘
355,09:59:04,7.73,0.01,10,7730,买盘
356,09:59:16,7.73,0.0,54,41742,买盘
357,09:59:49,7.72,-0.01,7,5404,卖盘
358,09:59:52,7.72,0.0,47,36284,卖盘
359,09:59:58,7.72,0.0,4,3088,卖盘
360,10:00:04,7.72,0.0,28,21616,卖盘
361,10:00:10,7.73,0.01,30,23190,买盘
362,10:00:25,7.72,-0.01,200,154400,卖盘
363,10:00:28,7.73,0.01,22,17006,买盘
364,10:00:30,7.73,0.0,23,17779,买盘
365,10:00:34,7.72,-0.01,57,44017,卖盘
366,10:00:49,7.72,0.0,17,13124,买盘
367,10:00:52,7.71,-0.01,10,7710,卖盘
368,10:01:01,7.71,0.0,7,5397,卖盘
369,10:01:04,7.71,0.0,3,2313,卖盘
370,10:01:07,7.71,0.0,1,771,卖盘
371,10:01:10,7.71,0.0,6,4626,卖盘
372,10:01:15,7.72,0.01,16,12352,买盘
373,10:01:46,7.73,0.01,19,14687,买盘
374,10:01:49,7.72,-0.01,110,84930,卖盘
375,10:02:00,7.72,0.0,3,2316,卖盘
376,10:02:13,7.72,0.0,160,123520,卖盘
377,10:02:19,7.73,0.01,24,18552,买盘
378,10:02:25,7.72,-0.01,10,7720,卖盘
379,10:02:28,7.72,0.0,55,42460,卖盘
380,10:02:40,7.72,0.0,2,1544,卖盘
381,10:02:58,7.71,-0.01,235,181186,卖盘
382,10:03:22,7.71,0.0,10,7710,卖盘
383,10:03:25,7.72,0.01,6,4632,买盘
384,10:03:28,7.71,-0.01,5,3855,卖盘
385,10:03:34,7.72,0.01,20,15440,买盘
386,10:03:37,7.71,-0.01,86,66329,卖盘
387,10:03:40,7.71,0.0,223,171332,卖盘
388,10:03:49,7.7,-0.01,75,57750,卖盘
389,10:04:04,7.7,0.0,53,40810,卖盘
390,10:04:06,7.71,0.01,9,6939,买盘
391,10:04:09,7.7,-0.01,200,154454,卖盘
392,10:04:13,7.7,0.0,7,5390,卖盘
393,10:04:31,7.71,0.01,17,13107,买盘
394,10:04:39,7.71,0.0,15,11565,买盘
395,10:04:42,7.71,0.0,15,11565,买盘
396,10:04:52,7.71,0.0,2,1542,买盘
397,10:04:58,7.7,-0.01,4,3080,卖盘
398,10:05:09,7.7,0.0,14,10780,卖盘
399,10:05:13,7.7,0.0,10,7700,卖盘
400,10:05:16,7.7,0.0,1,770,卖盘
401,10:05:25,7.7,0.0,13,10010,卖盘
402,10:05:33,7.71,0.01,100,77100,买盘
403,10:05:46,7.71,0.0,24,18504,买盘
404,10:05:52,7.7,-0.01,300,231000,卖盘
405,10:05:58,7.71,0.01,24,18504,买盘
406,10:06:01,7.7,-0.01,3,2310,卖盘
407,10:06:04,7.71,0.01,51,39321,买盘
408,10:06:12,7.71,0.0,100,77100,买盘
409,10:06:16,7.71,0.0,50,38550,买盘
410,10:06:19,7.71,0.0,33,25273,买盘
411,10:06:21,7.71,0.0,58,44718,卖盘
412,10:06:55,7.71,0.0,10,7710,卖盘
413,10:06:57,7.71,0.0,3,2313,卖盘
414,10:07:16,7.71,0.0,83,63993,卖盘
415,10:07:18,7.71,0.0,10,7710,买盘
416,10:07:43,7.71,0.0,35,26985,买盘
417,10:07:46,7.71,0.0,36,27756,买盘
418,10:07:51,7.71,0.0,24,18504,买盘
419,10:07:54,7.71,0.0,197,151887,买盘
420,10:07:58,7.71,0.0,50,38550,卖盘
421,10:08:01,7.71,0.0,3,2313,卖盘
422,10:08:15,7.72,0.01,134,103448,买盘
423,10:08:18,7.71,-0.01,3,2313,卖盘
424,10:08:21,7.72,0.01,23,17756,买盘
425,10:08:28,7.71,-0.01,8,6168,卖盘
426,10:08:46,7.71,0.0,13,10023,卖盘
427,10:08:58,7.71,0.0,3,2313,卖盘
428,10:09:04,7.71,0.0,7,5397,卖盘
429,10:09:22,7.71,0.0,17,13107,卖盘
430,10:09:34,7.72,0.01,1,772,买盘
431,10:09:36,7.72,0.0,23,17756,买盘
432,10:09:43,7.71,-0.01,14,10794,卖盘
433,10:10:04,7.71,0.0,4,3084,卖盘
434,10:10:19,7.71,0.0,5,3855,卖盘
435,10:10:22,7.71,0.0,10,7710,卖盘
436,10:10:28,7.71,0.0,334,257514,卖盘
437,10:10:34,7.71,0.0,17,13107,买盘
438,10:10:43,7.71,0.0,1,771,买盘
439,10:10:46,7.7,-0.01,42,32340,卖盘
440,10:10:49,7.71,0.01,20,15420,买盘
441,10:10:52,7.7,-0.01,14,10780,卖盘
442,10:10:55,7.7,0.0,10,7700,卖盘
443,10:11:01,7.7,0.0,136,104723,卖盘
444,10:11:04,7.7,0.0,3,2310,卖盘
445,10:11:10,7.7,0.0,11,8476,卖盘
446,10:11:15,7.71,0.01,10,7710,买盘
447,10:11:21,7.7,-0.01,20,15400,卖盘
448,10:11:28,7.7,0.0,40,30800,卖盘
449,10:11:31,7.7,0.0,20,15400,卖盘
450,10:11:40,7.71,0.01,7,5397,买盘
451,10:11:46,7.71,0.0,14,10794,买盘
452,10:11:49,7.71,0.0,49,37779,买盘
453,10:11:52,7.72,0.01,170,131158,买盘
454,10:11:55,7.72,0.0,83,64046,买盘
455,10:11:58,7.73,0.01,64,49435,买盘
456,10:12:01,7.73,0.0,27,20865,买盘
457,10:12:09,7.72,-0.01,15,11580,卖盘
458,10:12:13,7.73,0.01,42,32466,买盘
459,10:12:16,7.72,-0.01,14,10815,卖盘
460,10:12:19,7.72,0.0,2,1544,卖盘
461,10:12:43,7.72,0.0,20,15440,卖盘
462,10:12:52,7.72,0.0,5,3860,卖盘
463,10:12:55,7.72,0.0,9,6948,卖盘
464,10:12:58,7.72,0.0,3,2316,卖盘
465,10:13:01,7.72,0.0,3,2316,卖盘
466,10:13:10,7.73,0.01,8,6184,买盘
467,10:13:13,7.73,0.0,45,34785,买盘
468,10:13:21,7.73,0.0,15,11595,买盘
469,10:13:28,7.72,-0.01,7,5404,卖盘
470,10:13:43,7.72,0.0,14,10808,卖盘
471,10:13:49,7.72,0.0,69,53268,卖盘
472,10:13:51,7.72,0.0,24,18528,卖盘
473,10:13:54,7.72,0.0,46,35512,卖盘
474,10:13:58,7.72,0.0,5,3860,卖盘
475,10:14:01,7.71,-0.01,45,34706,卖盘
476,10:14:25,7.71,0.0,1,771,卖盘
477,10:14:34,7.71,0.0,17,13107,卖盘
478,10:14:39,7.71,0.0,54,41638,卖盘
479,10:14:42,7.72,0.01,88,67936,买盘
480,10:15:04,7.72,0.0,9,6948,卖盘
481,10:15:19,7.73,0.01,46,35558,买盘
482,10:15:37,7.72,-0.01,5,3860,卖盘
483,10:15:40,7.72,0.0,2,1544,卖盘
484,10:15:52,7.72,0.0,11,8492,卖盘
485,10:15:58,7.72,0.0,1,772,卖盘
486,10:16:01,7.72,0.0,3,2316,卖盘
487,10:16:25,7.72,0.0,262,202264,卖盘
488,10:16:28,7.71,-0.01,392,302250,卖盘
489,10:16:31,7.7,-0.01,432,332956,卖盘
490,10:16:34,7.7,0.0,23,17710,买盘
491,10:16:39,7.7,0.0,4,3080,买盘
492,10:16:58,7.7,0.0,38,29260,买盘
493,10:17:01,7.69,-0.01,3,2307,卖盘
494,10:17:04,7.7,0.01,4,2764,买盘
495,10:17:06,7.69,-0.01,40,30764,卖盘
496,10:17:28,7.7,0.01,1,770,卖盘
497,10:17:37,7.7,0.0,100,77000,卖盘
498,10:17:42,7.7,0.0,10,7700,卖盘
499,10:17:58,7.7,0.0,1,770,卖盘
500,10:18:01,7.7,0.0,78,60060,卖盘
501,10:18:09,7.71,0.01,15,11560,买盘
502,10:18:13,7.71,0.0,24,18504,买盘
503,10:18:16,7.7,-0.01,1,770,卖盘
504,10:18:46,7.7,0.0,1,770,卖盘
505,10:19:04,7.7,0.0,3,2310,卖盘
506,10:19:15,7.7,0.0,1,770,卖盘
507,10:19:25,7.71,0.01,94,72466,买盘
508,10:19:46,7.71,0.0,1,771,卖盘
509,10:19:51,7.71,0.0,20,15420,卖盘
510,10:19:58,7.71,0.0,4,3084,卖盘
511,10:20:13,7.71,0.0,4,3084,卖盘
512,10:20:21,7.71,0.0,26,20046,卖盘
513,10:20:31,7.72,0.01,26,20072,买盘
514,10:20:34,7.71,-0.01,20,15420,卖盘
515,10:20:45,7.71,0.0,1,771,卖盘
516,10:20:55,7.71,0.0,42,32382,卖盘
517,10:20:58,7.71,0.0,235,181185,卖盘
518,10:21:00,7.71,0.0,3,2313,卖盘
519,10:21:06,7.71,0.0,15,11565,卖盘
520,10:21:16,7.71,0.0,11,8489,卖盘
521,10:22:07,7.7,-0.01,3,2310,卖盘
522,10:22:10,7.7,0.0,440,338800,卖盘
523,10:22:13,7.7,0.0,3,2310,买盘
524,10:22:34,7.69,-0.01,121,92872,卖盘
525,10:22:46,7.69,0.0,64,49216,卖盘
526,10:22:49,7.69,0.0,1,769,卖盘
527,10:22:52,7.69,0.0,15,11535,卖盘
528,10:22:54,7.7,0.01,1,770,买盘
529,10:23:01,7.69,-0.01,38,29222,卖盘
530,10:23:04,7.69,0.0,5,3845,卖盘
531,10:23:18,7.69,0.0,1,769,卖盘
532,10:23:28,7.69,0.0,7,5383,卖盘
533,10:23:31,7.69,0.0,7,5383,卖盘
534,10:23:34,7.69,0.0,2,1538,卖盘
535,10:23:40,7.69,0.0,100,76900,卖盘
536,10:23:46,7.69,0.0,60,46140,卖盘
537,10:23:49,7.69,0.0,1,769,卖盘
538,10:23:52,7.7,0.01,28,21560,买盘
539,10:23:55,7.69,-0.01,172,132884,卖盘
540,10:24:06,7.69,0.0,2,1538,买盘
541,10:24:10,7.69,0.0,5,3845,买盘
542,10:24:13,7.69,0.0,14,10766,买盘
543,10:24:16,7.69,0.0,44,33836,买盘
544,10:24:22,7.69,0.0,79,60751,买盘
545,10:24:24,7.69,0.0,60,46185,卖盘
546,10:24:28,7.7,0.01,73,55635,买盘
547,10:24:31,7.71,0.01,21,16191,买盘
548,10:24:34,7.69,-0.02,23,17698,卖盘
549,10:24:40,7.7,0.01,8,6160,卖盘
550,10:25:01,7.69,-0.01,4,3076,卖盘
551,10:25:04,7.7,0.01,12,9240,买盘
552,10:25:07,7.69,-0.01,35,26915,卖盘
553,10:25:16,7.69,0.0,106,81514,卖盘
554,10:25:19,7.7,0.01,46,35419,买盘
555,10:25:22,7.69,-0.01,14,10766,卖盘
556,10:25:34,7.69,0.0,47,36143,卖盘
557,10:25:43,7.7,0.01,5,3850,买盘
558,10:25:49,7.69,-0.01,19,14611,卖盘
559,10:26:01,7.69,0.0,3,2307,卖盘
560,10:26:19,7.69,0.0,1,769,卖盘
561,10:26:28,7.7,0.01,200,154000,买盘
562,10:26:31,7.7,0.0,87,66920,买盘
563,10:26:49,7.69,-0.01,36,27706,卖盘
564,10:26:52,7.69,0.0,150,115350,卖盘
565,10:26:55,7.69,0.0,5,3845,卖盘
566,10:26:57,7.7,0.01,25,19249,买盘
567,10:27:01,7.69,-0.01,58,45094,卖盘
568,10:27:04,7.68,-0.01,191,146688,卖盘
569,10:27:10,7.69,0.01,55,42295,买盘
570,10:27:19,7.68,-0.01,354,271972,卖盘
571,10:27:25,7.68,0.0,5,3840,买盘
572,10:27:37,7.68,0.0,45,34560,买盘
573,10:27:40,7.68,0.0,25,19200,买盘
574,10:27:43,7.68,0.0,5,3840,买盘
575,10:27:45,7.68,0.0,147,112774,买盘
576,10:27:49,7.67,-0.01,5,3835,卖盘
577,10:27:52,7.68,0.01,5,3840,买盘
578,10:27:55,7.68,0.0,97,74406,买盘
579,10:28:01,7.67,-0.01,387,296957,卖盘
580,10:28:07,7.68,0.01,24,18455,卖盘
581,10:28:12,7.67,-0.01,90,69030,卖盘
582,10:28:15,7.68,0.01,2,1536,买盘
583,10:28:24,7.69,0.01,45,34605,买盘
584,10:28:28,7.68,-0.01,20,15360,卖盘
585,10:28:30,7.69,0.01,200,153800,买盘
586,10:28:33,7.69,0.0,7,5383,买盘
587,10:28:36,7.69,0.0,7,5383,买盘
588,10:28:39,7.68,-0.01,5,3844,卖盘
589,10:28:49,7.68,0.0,2,1536,卖盘
590,10:28:52,7.69,0.01,62,47621,买盘
591,10:29:07,7.69,0.0,215,165332,买盘
592,10:29:16,7.69,0.0,10,7690,买盘
593,10:29:27,7.69,0.0,5,3845,买盘
594,10:29:33,7.68,-0.01,1,768,卖盘
595,10:29:48,7.68,0.0,20,15360,卖盘
596,10:29:51,7.68,0.0,4,3072,卖盘
597,10:29:54,7.68,0.0,100,76800,卖盘
598,10:30:01,7.68,0.0,4,3072,卖盘
599,10:30:04,7.69,0.01,24,18456,买盘
600,10:30:06,7.68,-0.01,2,1536,卖盘
601,10:30:10,7.69,0.01,3,2307,买盘
602,10:30:16,7.68,-0.01,35,26880,卖盘
603,10:30:19,7.69,0.01,28,21532,买盘
604,10:30:22,7.68,-0.01,1,768,卖盘
605,10:30:28,7.68,0.0,25,19201,卖盘
606,10:30:33,7.68,0.0,12,9218,卖盘
607,10:30:39,7.68,0.0,30,23063,卖盘
608,10:30:45,7.69,0.01,1,769,买盘
609,10:30:49,7.69,0.0,12,9228,买盘
610,10:30:52,7.68,-0.01,13,9984,卖盘
611,10:30:55,7.68,0.0,5,3840,卖盘
612,10:31:06,7.68,0.0,10,7680,卖盘
613,10:31:12,7.69,0.01,48,36912,买盘
614,10:31:16,7.7,0.01,90,69251,买盘
615,10:31:22,7.7,0.0,7,5390,买盘
616,10:31:31,7.7,0.0,45,34650,买盘
617,10:31:34,7.7,0.0,45,34650,买盘
618,10:31:37,7.68,-0.02,33,25344,卖盘
619,10:31:43,7.7,0.02,200,153980,买盘
620,10:31:49,7.68,-0.02,1,768,卖盘
621,10:31:52,7.69,0.01,79,60751,买盘
622,10:31:55,7.7,0.01,4,3080,买盘
623,10:32:04,7.69,-0.01,3,2307,卖盘
624,10:32:06,7.69,0.0,19,14611,卖盘
625,10:32:10,7.68,-0.01,7,5376,卖盘
626,10:32:13,7.69,0.01,100,76900,买盘
627,10:32:22,7.69,0.0,5,3845,买盘
628,10:32:25,7.69,0.0,199,153031,买盘
629,10:32:28,7.69,0.0,1,769,卖盘
630,10:32:31,7.69,0.0,22,16898,买盘
631,10:32:37,7.69,0.0,8,6152,买盘
632,10:32:49,7.68,-0.01,14,10752,卖盘
633,10:32:52,7.69,0.01,6,4612,买盘
634,10:32:55,7.68,-0.01,35,26880,卖盘
635,10:33:00,7.68,0.0,75,57613,卖盘
636,10:33:04,7.68,0.0,80,61440,卖盘
637,10:33:07,7.69,0.01,24,18456,买盘
638,10:33:13,7.69,0.0,4,3076,买盘
639,10:33:22,7.69,0.0,13,9997,买盘
640,10:33:37,7.69,0.0,30,22747,买盘
641,10:33:46,7.7,0.01,27,20790,买盘
642,10:33:49,7.69,-0.01,11,8459,卖盘
643,10:33:52,7.68,-0.01,2,1536,卖盘
644,10:33:58,7.69,0.01,5,3845,买盘
645,10:34:04,7.69,0.0,7,5383,买盘
646,10:34:10,7.68,-0.01,70,53784,卖盘
647,10:34:25,7.69,0.01,21,16149,卖盘
648,10:34:28,7.69,0.0,10,7690,卖盘
649,10:34:48,7.7,0.01,4,3080,买盘
650,10:34:52,7.69,-0.01,3,2307,卖盘
651,10:35:04,7.69,0.0,7,5383,卖盘
652,10:35:16,7.69,0.0,99,76131,卖盘
653,10:35:25,7.69,0.0,15,11535,卖盘
654,10:35:31,7.69,0.0,1,769,卖盘
655,10:35:36,7.69,0.0,49,37681,卖盘
656,10:35:52,7.68,-0.01,53,40731,卖盘
657,10:35:55,7.67,-0.01,60,46076,卖盘
658,10:36:07,7.67,0.0,3,2546,卖盘
659,10:36:09,7.67,0.0,54,41423,卖盘
660,10:36:19,7.67,0.0,210,161080,卖盘
661,10:36:22,7.67,0.0,1,767,卖盘
662,10:36:28,7.67,0.0,50,38350,卖盘
663,10:36:36,7.68,0.01,45,34560,买盘
664,10:36:40,7.68,0.0,50,38400,买盘
665,10:36:46,7.67,-0.01,20,15340,卖盘
666,10:36:49,7.67,0.0,5,3835,卖盘
667,10:36:52,7.67,0.0,40,30686,卖盘
668,10:36:57,7.67,0.0,4,3068,卖盘
669,10:37:04,7.68,0.01,99,75983,买盘
670,10:37:07,7.67,-0.01,5,3835,卖盘
671,10:37:15,7.68,0.01,23,17664,买盘
672,10:37:25,7.68,0.0,59,45303,买盘
673,10:37:31,7.68,0.0,4,3072,买盘
674,10:37:37,7.69,0.01,64,49197,买盘
675,10:37:46,7.68,-0.01,4,3072,卖盘
676,10:37:48,7.68,0.0,10,7680,卖盘
677,10:37:55,7.68,0.0,49,37632,卖盘
678,10:37:58,7.68,0.0,1,768,卖盘
679,10:38:01,7.69,0.01,4,3073,买盘
680,10:38:04,7.69,0.0,3,2307,买盘
681,10:38:07,7.69,0.0,18,13842,买盘
682,10:38:12,7.69,0.0,28,21532,买盘
683,10:38:16,7.69,0.0,4,3076,买盘
684,10:38:22,7.69,0.0,4,3076,买盘
685,10:38:28,7.68,-0.01,2,1536,卖盘
686,10:38:30,7.69,0.01,76,58444,买盘
687,10:38:34,7.68,-0.01,259,198936,卖盘
688,10:38:37,7.68,0.0,19,14592,买盘
689,10:38:40,7.68,0.0,1,768,买盘
690,10:38:43,7.68,0.0,256,196608,买盘
691,10:38:46,7.68,0.0,267,205056,买盘
692,10:38:49,7.68,0.0,10,7680,卖盘
693,10:38:52,7.68,0.0,5,3840,卖盘
694,10:38:55,7.7,0.02,7,5385,买盘
695,10:38:57,7.68,-0.02,1,768,卖盘
696,10:39:01,7.68,0.0,3,2304,卖盘
697,10:39:04,7.69,0.01,10,7690,卖盘
698,10:39:25,7.7,0.01,1,770,买盘
699,10:39:27,7.69,-0.01,1,769,卖盘
700,10:39:37,7.69,0.0,15,11535,卖盘
701,10:39:55,7.69,0.0,4,3076,卖盘
702,10:39:58,7.69,0.0,11,8459,卖盘
703,10:40:04,7.69,0.0,15,11549,卖盘
704,10:40:13,7.7,0.01,303,233307,买盘
705,10:40:18,7.7,0.0,23,17710,买盘
706,10:40:21,7.7,0.0,6,4620,买盘
707,10:40:49,7.71,0.01,18,13873,买盘
708,10:40:51,7.69,-0.02,1,769,卖盘
709,10:40:55,7.71,0.02,21,16191,买盘
710,10:41:01,7.71,0.0,46,35465,买盘
711,10:41:04,7.7,-0.01,6,4620,卖盘
712,10:41:06,7.7,0.0,215,165550,卖盘
713,10:41:10,7.7,0.0,20,15400,买盘
714,10:41:34,7.7,0.0,50,38500,买盘
715,10:41:37,7.7,0.0,100,77000,买盘
716,10:41:46,7.7,0.0,40,30800,买盘
717,10:41:52,7.69,-0.01,3,2307,卖盘
718,10:41:55,7.7,0.01,90,69300,买盘
719,10:42:00,7.7,0.0,85,65449,买盘
720,10:42:04,7.69,-0.01,6,4617,卖盘
721,10:42:07,7.7,0.01,8,6160,买盘
722,10:42:12,7.7,0.0,1,770,买盘
723,10:42:19,7.7,0.0,1,770,买盘
724,10:42:25,7.7,0.0,60,46200,买盘
725,10:42:31,7.7,0.0,4,3080,卖盘
726,10:42:52,7.7,0.0,30,23100,卖盘
727,10:42:55,7.7,0.0,2,1540,卖盘
728,10:42:58,7.7,0.0,168,129360,卖盘
729,10:43:04,7.69,-0.01,3,2307,卖盘
730,10:43:25,7.7,0.01,31,23870,买盘
731,10:43:31,7.7,0.0,23,17710,买盘
732,10:43:55,7.69,-0.01,102,78538,卖盘
733,10:44:00,7.69,0.0,1,769,卖盘
734,10:44:07,7.69,0.0,3,2307,卖盘
735,10:44:21,7.69,0.0,26,19994,卖盘
736,10:44:33,7.7,0.01,519,399560,买盘
737,10:44:37,7.7,0.0,14,10780,卖盘
738,10:44:43,7.7,0.0,37,28490,卖盘
739,10:44:46,7.7,0.0,2,1540,买盘
740,10:44:55,7.7,0.0,7,5388,买盘
741,10:45:01,7.69,-0.01,4,3076,卖盘
742,10:45:10,7.69,0.0,2,1538,卖盘
743,10:45:22,7.7,0.01,2,1540,买盘
744,10:45:24,7.7,0.0,4,3080,买盘
745,10:45:27,7.69,-0.01,46,35385,卖盘
746,10:45:33,7.69,0.0,180,138420,卖盘
747,10:45:37,7.7,0.01,35,26950,买盘
748,10:45:40,7.7,0.0,90,69300,买盘
749,10:45:46,7.71,0.01,102,78607,买盘
750,10:45:55,7.71,0.0,27,20811,买盘
751,10:45:57,7.71,0.0,25,19275,买盘
752,10:46:01,7.71,0.0,55,42399,买盘
753,10:46:04,7.69,-0.02,5,3845,卖盘
754,10:46:07,7.71,0.02,1,771,买盘
755,10:46:10,7.69,-0.02,3,2307,卖盘
756,10:46:28,7.7,0.01,10,7700,买盘
757,10:46:34,7.69,-0.01,1,769,卖盘
758,10:46:37,7.69,0.0,5,3845,卖盘
759,10:46:45,7.69,0.0,10,7690,卖盘
760,10:46:55,7.69,0.0,4,3076,卖盘
761,10:47:04,7.69,0.0,4,3076,卖盘
762,10:47:07,7.69,0.0,12,9228,卖盘
763,10:47:13,7.7,0.01,107,82390,买盘
764,10:47:15,7.69,-0.01,14,10766,卖盘
765,10:47:19,7.69,0.0,35,26915,卖盘
766,10:47:22,7.69,0.0,28,21532,卖盘
767,10:47:25,7.69,0.0,80,61520,卖盘
768,10:47:27,7.69,0.0,56,43064,卖盘
769,10:47:33,7.69,0.0,39,29991,卖盘
770,10:47:43,7.69,0.0,44,33836,卖盘
771,10:47:46,7.69,0.0,7,5383,卖盘
772,10:47:49,7.69,0.0,7,5383,卖盘
773,10:47:55,7.7,0.01,23,17709,买盘
774,10:47:58,7.69,-0.01,3,2307,卖盘
775,10:48:04,7.69,0.0,1,769,卖盘
776,10:48:10,7.7,0.01,23,17694,买盘
777,10:48:24,7.69,-0.01,51,39219,卖盘
778,10:48:31,7.7,0.01,10,7700,买盘
779,10:48:33,7.69,-0.01,1,769,卖盘
780,10:48:40,7.7,0.01,3,2310,买盘
781,10:48:46,7.69,-0.01,21,16151,卖盘
782,10:48:49,7.69,0.0,7,5383,卖盘
783,10:48:54,7.69,0.0,3,2307,卖盘
784,10:49:04,7.69,0.0,3,2307,卖盘
785,10:49:16,7.7,0.01,200,154000,买盘
786,10:49:25,7.7,0.0,1,770,买盘
787,10:49:54,7.69,-0.01,8,6152,卖盘
788,10:50:07,7.69,0.0,5,3845,卖盘
789,10:50:13,7.69,0.0,18,13842,卖盘
790,10:50:36,7.69,0.0,95,73055,卖盘
791,10:50:54,7.69,0.0,1,769,卖盘
792,10:51:01,7.69,0.0,3,2307,卖盘
793,10:51:06,7.69,0.0,1,769,卖盘
794,10:51:18,7.69,0.0,30,23070,卖盘
795,10:51:22,7.69,0.0,10,7690,卖盘
796,10:51:31,7.7,0.01,1,770,买盘
797,10:51:37,7.69,-0.01,1,769,卖盘
798,10:51:57,7.69,0.0,2,1538,卖盘
799,10:52:04,7.69,0.0,3,2307,卖盘
800,10:52:06,7.69,0.0,1,769,卖盘
801,10:52:10,7.7,0.01,3,2310,买盘
802,10:52:33,7.7,0.0,1,770,买盘
803,10:52:46,7.7,0.0,9,6930,买盘
804,10:52:49,7.69,-0.01,14,10766,卖盘
805,10:52:57,7.69,0.0,202,155338,卖盘
806,10:53:00,7.69,0.0,4,3076,卖盘
807,10:53:06,7.7,0.01,24,18480,买盘
808,10:53:09,7.69,-0.01,10,7690,卖盘
809,10:53:28,7.7,0.01,10,7700,买盘
810,10:53:36,7.7,0.0,4,3080,买盘
811,10:53:42,7.69,-0.01,31,23839,卖盘
812,10:53:46,7.7,0.01,10,7700,买盘
813,10:53:51,7.7,0.0,4,3080,买盘
814,10:53:57,7.69,-0.01,2,1538,卖盘
815,10:54:00,7.7,0.01,6,4620,买盘
816,10:54:04,7.69,-0.01,3,2307,卖盘
817,10:54:33,7.7,0.01,351,270270,买盘
818,10:54:37,7.69,-0.01,20,15380,卖盘
819,10:54:40,7.69,0.0,1,769,卖盘
820,10:54:54,7.7,0.01,45,34650,买盘
821,10:54:58,7.69,-0.01,3,2307,卖盘
822,10:55:04,7.69,0.0,32,24608,卖盘
823,10:55:07,7.7,0.01,11,8466,买盘
824,10:55:10,7.69,-0.01,1,769,卖盘
825,10:55:13,7.7,0.01,10,7700,买盘
826,10:55:25,7.7,0.0,277,213023,买盘
827,10:55:28,7.69,-0.01,185,142265,卖盘
828,10:55:37,7.7,0.01,58,44612,买盘
829,10:55:42,7.69,-0.01,1,769,买盘
830,10:55:58,7.69,0.0,3,2307,卖盘
831,10:56:06,7.69,0.0,3,2307,卖盘
832,10:56:09,7.69,0.0,1,769,卖盘
833,10:56:13,7.69,0.0,5,3845,卖盘
834,10:56:25,7.7,0.01,10,7700,买盘
835,10:56:27,7.7,0.0,53,40810,买盘
836,10:56:30,7.71,0.01,9,6934,买盘
837,10:56:36,7.71,0.0,4,3084,买盘
838,10:56:43,7.7,-0.01,13,10010,卖盘
839,10:56:57,7.7,0.0,2,1540,卖盘
840,10:57:04,7.7,0.0,50,38500,卖盘
841,10:57:06,7.7,0.0,3,2310,卖盘
842,10:57:16,7.69,-0.01,28,21532,卖盘
843,10:57:28,7.69,0.0,62,47688,卖盘
844,10:57:31,7.68,-0.01,501,384944,卖盘
845,10:57:34,7.68,0.0,28,21504,卖盘
846,10:57:40,7.68,0.0,1,768,卖盘
847,10:57:43,7.68,0.0,39,29952,卖盘
848,10:57:55,7.68,0.0,7,5376,卖盘
849,10:57:58,7.68,0.0,2,1536,卖盘
850,10:58:01,7.69,0.01,12,9228,买盘
851,10:58:04,7.68,-0.01,3,2304,卖盘
852,10:58:09,7.68,0.0,1,768,卖盘
853,10:58:22,7.67,-0.01,235,180478,卖盘
854,10:58:24,7.68,0.01,9,6912,买盘
855,10:58:31,7.68,0.0,79,60672,买盘
856,10:58:34,7.68,0.0,87,66806,买盘
857,10:58:37,7.68,0.0,20,15360,买盘
858,10:58:40,7.68,0.0,14,10752,买盘
859,10:58:43,7.68,0.0,73,56064,买盘
860,10:58:46,7.68,0.0,28,21504,买盘
861,10:58:51,7.67,-0.01,49,37596,卖盘
862,10:58:57,7.68,0.01,33,25317,卖盘
863,10:59:07,7.68,0.0,9,6912,卖盘
864,10:59:09,7.7,0.02,7,5390,买盘
865,10:59:12,7.7,0.0,8,6158,买盘
866,10:59:21,7.69,-0.01,4,3076,买盘
867,10:59:39,7.69,0.0,4,3076,买盘
868,10:59:58,7.69,0.0,30,23068,买盘
869,11:00:01,7.69,0.0,7,5383,买盘
870,11:00:04,7.69,0.0,97,74580,买盘
871,11:00:06,7.7,0.01,66,50786,买盘
872,11:00:10,7.7,0.0,7,5390,买盘
873,11:00:16,7.7,0.0,7,5390,买盘
874,11:00:22,7.7,0.0,23,17710,买盘
875,11:00:25,7.7,0.0,17,13090,买盘
876,11:00:28,7.7,0.0,89,68530,买盘
877,11:00:30,7.7,0.0,96,73920,买盘
878,11:00:34,7.7,0.0,39,30020,买盘
879,11:00:36,7.7,0.0,21,16170,买盘
880,11:00:40,7.7,0.0,46,35420,买盘
881,11:00:43,7.7,0.0,14,10780,买盘
882,11:00:46,7.7,0.0,29,22326,买盘
883,11:00:49,7.7,0.0,65,50050,买盘
884,11:00:52,7.7,0.0,42,32340,买盘
885,11:00:55,7.7,0.0,27,20790,买盘
886,11:00:58,7.69,-0.01,17,13088,卖盘
887,11:01:01,7.7,0.01,14,10777,买盘
888,11:01:04,7.7,0.0,21,16169,买盘
889,11:01:07,7.7,0.0,47,36190,买盘
890,11:01:10,7.71,0.01,19,14644,买盘
891,11:01:12,7.7,-0.01,6,4625,卖盘
892,11:01:16,7.71,0.01,13,10023,买盘
893,11:01:18,7.71,0.0,3,2313,买盘
894,11:01:21,7.71,0.0,8,6168,买盘
895,11:01:25,7.71,0.0,2,1542,买盘
896,11:01:28,7.71,0.0,9,6939,买盘
897,11:01:31,7.71,0.0,5,3855,买盘
898,11:01:34,7.71,0.0,13,10023,买盘
899,11:01:37,7.71,0.0,17,13107,买盘
900,11:01:40,7.71,0.0,5,3855,买盘
901,11:01:43,7.71,0.0,20,15420,买盘
902,11:01:46,7.71,0.0,5,3855,买盘
903,11:01:49,7.71,0.0,4,3084,买盘
904,11:01:52,7.71,0.0,5,3855,买盘
905,11:01:55,7.7,-0.01,39,30034,卖盘
906,11:01:57,7.71,0.01,2,1542,买盘
907,11:02:01,7.7,-0.01,5,3850,卖盘
908,11:02:07,7.72,0.02,45,34720,买盘
909,11:02:19,7.71,-0.01,4,3084,买盘
910,11:02:22,7.71,0.0,2,1542,买盘
911,11:02:24,7.71,0.0,14,10794,买盘
912,11:02:28,7.7,-0.01,269,207140,卖盘
913,11:02:31,7.7,0.0,21,16170,买盘
914,11:02:34,7.7,0.0,33,25410,买盘
915,11:02:36,7.7,0.0,59,45430,买盘
916,11:02:40,7.7,0.0,27,20790,买盘
917,11:02:43,7.7,0.0,28,21560,买盘
918,11:02:45,7.7,0.0,52,40040,买盘
919,11:02:48,7.7,0.0,27,20790,买盘
920,11:02:52,7.7,0.0,9,6930,买盘
921,11:02:58,7.7,0.0,5,3853,中性盘
922,11:03:04,7.7,0.0,4,3081,卖盘
923,11:03:16,7.7,0.0,1,770,卖盘
924,11:03:27,7.71,0.01,1,771,买盘
925,11:03:33,7.7,-0.01,105,80850,卖盘
926,11:03:36,7.7,0.0,18,13860,买盘
927,11:03:39,7.7,0.0,34,26180,买盘
928,11:03:42,7.7,0.0,60,46200,买盘
929,11:03:46,7.7,0.0,26,20020,买盘
930,11:03:48,7.69,-0.01,26,20014,卖盘
931,11:03:51,7.7,0.01,117,90090,买盘
932,11:03:54,7.7,0.0,13,10010,买盘
933,11:03:57,7.7,0.0,59,45430,买盘
934,11:04:00,7.69,-0.01,30,23098,卖盘
935,11:04:04,7.69,0.0,19,14627,卖盘
936,11:04:07,7.69,0.0,13,10009,卖盘
937,11:04:10,7.71,0.02,45,34670,买盘
938,11:04:16,7.7,-0.01,1,770,卖盘
939,11:04:19,7.7,0.0,1,770,卖盘
940,11:04:31,7.7,0.0,4,3080,卖盘
941,11:04:34,7.7,0.0,2,1540,卖盘
942,11:04:46,7.7,0.0,1,770,卖盘
943,11:04:54,7.7,0.0,63,48510,卖盘
944,11:05:00,7.69,-0.01,2,1538,卖盘
945,11:05:04,7.69,0.0,4,3076,卖盘
946,11:05:12,7.7,0.01,2,1540,买盘
947,11:05:25,7.69,-0.01,55,42295,卖盘
948,11:05:28,7.69,0.0,44,33836,卖盘
949,11:05:33,7.7,0.01,5,3850,买盘
950,11:06:00,7.69,-0.01,3,2307,卖盘
951,11:06:07,7.69,0.0,3,2307,卖盘
952,11:06:12,7.7,0.01,10,7700,买盘
953,11:06:19,7.69,-0.01,1,769,卖盘
954,11:06:21,7.7,0.01,39,30030,买盘
955,11:06:33,7.7,0.0,112,86240,买盘
956,11:06:37,7.7,0.0,3,2310,卖盘
957,11:06:49,7.71,0.01,17,13106,买盘
958,11:06:55,7.71,0.0,78,60138,买盘
959,11:06:58,7.71,0.0,22,16962,买盘
960,11:07:01,7.71,0.0,61,47029,买盘
961,11:07:04,7.7,-0.01,15,11558,卖盘
962,11:07:07,7.7,0.0,94,72380,买盘
963,11:07:10,7.71,0.01,205,157853,买盘
964,11:07:13,7.71,0.0,41,31601,买盘
965,11:07:15,7.71,0.0,65,50115,买盘
966,11:07:18,7.71,0.0,33,25443,买盘
967,11:07:22,7.71,0.0,78,60138,买盘
968,11:07:24,7.71,0.0,21,16191,买盘
969,11:07:28,7.72,0.01,26,20071,买盘
970,11:07:30,7.72,0.0,8,6176,买盘
971,11:07:34,7.72,0.0,15,11580,买盘
972,11:07:36,7.72,0.0,10,7720,买盘
973,11:07:39,7.72,0.0,4,3088,买盘
974,11:07:42,7.72,0.0,13,10036,买盘
975,11:07:45,7.72,0.0,3,2316,买盘
976,11:07:49,7.71,-0.01,33,25443,卖盘
977,11:07:52,7.7,-0.01,295,227245,卖盘
978,11:07:55,7.71,0.01,15,11565,买盘
979,11:07:58,7.71,0.0,4,3084,买盘
980,11:08:01,7.7,-0.01,11,8475,卖盘
981,11:08:04,7.71,0.01,48,37008,买盘
982,11:08:10,7.71,0.0,5,3855,卖盘
983,11:08:19,7.71,0.0,1,771,卖盘
984,11:08:49,7.71,0.0,1,771,卖盘
985,11:08:52,7.72,0.01,20,15440,买盘
986,11:09:01,7.71,-0.01,13,10023,卖盘
987,11:09:04,7.71,0.0,13,10033,卖盘
988,11:09:10,7.72,0.01,63,48636,买盘
989,11:09:12,7.71,-0.01,49,37779,卖盘
990,11:09:30,7.71,0.0,29,22360,卖盘
991,11:09:49,7.71,0.0,1,771,卖盘
992,11:09:57,7.7,-0.01,563,433641,卖盘
993,11:10:04,7.7,0.0,25,19250,买盘
994,11:10:09,7.71,0.01,150,115604,买盘
995,11:10:22,7.7,-0.01,47,36190,卖盘
996,11:10:25,7.7,0.0,24,18480,买盘
997,11:10:28,7.7,0.0,10,7700,买盘
998,11:10:31,7.71,0.01,41,31592,买盘
999,11:10:34,7.7,-0.01,1,770,买盘
1000,11:10:37,7.7,0.0,12,9232,买盘
1001,11:10:40,7.7,0.0,148,113960,买盘
1002,11:10:49,7.71,0.01,5,3855,买盘
1003,11:10:52,7.7,-0.01,1,770,卖盘
1004,11:11:04,7.7,0.0,2,1540,卖盘
1005,11:11:09,7.71,0.01,13,10020,买盘
1006,11:11:27,7.7,-0.01,30,23100,卖盘
1007,11:11:30,7.7,0.0,300,231000,卖盘
1008,11:11:36,7.7,0.0,544,418880,卖盘
1009,11:11:40,7.7,0.0,59,45430,买盘
1010,11:11:43,7.7,0.0,25,19250,买盘
1011,11:11:45,7.7,0.0,45,34650,买盘
1012,11:11:49,7.71,0.01,181,139424,买盘
1013,11:11:52,7.7,-0.01,1,770,卖盘
1014,11:11:55,7.7,0.0,90,69314,卖盘
1015,11:11:58,7.7,0.0,72,55440,买盘
1016,11:12:01,7.7,0.0,5,3850,买盘
1017,11:12:04,7.69,-0.01,2,1538,卖盘
1018,11:12:06,7.69,0.0,3,2307,卖盘
1019,11:12:09,7.7,0.01,67,51590,买盘
1020,11:12:15,7.7,0.0,60,46200,买盘
1021,11:12:18,7.7,0.0,4,3080,买盘
1022,11:12:21,7.69,-0.01,403,310209,卖盘
1023,11:12:25,7.7,0.01,69,53117,买盘
1024,11:12:28,7.7,0.0,14,10780,卖盘
1025,11:12:31,7.7,0.0,34,26204,卖盘
1026,11:12:40,7.7,0.0,204,157080,卖盘
1027,11:13:00,7.69,-0.01,3,2307,卖盘
1028,11:13:04,7.69,0.0,2,1538,卖盘
1029,11:13:12,7.69,0.0,7,5383,卖盘
1030,11:13:42,7.69,0.0,2,1538,卖盘
1031,11:13:46,7.69,0.0,4,3076,卖盘
1032,11:13:52,7.69,0.0,1,769,卖盘
1033,11:14:00,7.69,0.0,3,2307,卖盘
1034,11:14:04,7.69,0.0,5,3845,卖盘
1035,11:14:10,7.7,0.01,300,231000,买盘
1036,11:14:22,7.7,0.0,41,31570,卖盘
1037,11:14:24,7.7,0.0,10,7700,买盘
1038,11:14:28,7.7,0.0,250,192500,买盘
1039,11:14:36,7.7,0.0,7,5390,卖盘
1040,11:14:48,7.69,-0.01,468,360356,卖盘
1041,11:14:55,7.7,0.01,56,43120,买盘
1042,11:15:00,7.7,0.0,5,3850,买盘
1043,11:15:04,7.69,-0.01,2,1538,卖盘
1044,11:15:10,7.69,0.0,4,3076,卖盘
1045,11:15:22,7.69,0.0,1,769,卖盘
1046,11:15:28,7.7,0.01,1,770,买盘
1047,11:15:54,7.69,-0.01,52,39988,卖盘
1048,11:16:04,7.69,0.0,3,2307,卖盘
1049,11:16:06,7.69,0.0,3,2307,卖盘
1050,11:16:18,7.69,0.0,13,10135,卖盘
1051,11:16:25,7.69,0.0,1,769,卖盘
1052,11:16:31,7.7,0.01,5,3850,买盘
1053,11:16:54,7.7,0.0,50,38500,买盘
1054,11:16:57,7.69,-0.01,10,7690,卖盘
1055,11:17:04,7.69,0.0,201,154769,卖盘
1056,11:17:09,7.69,0.0,3,2307,卖盘
1057,11:17:25,7.71,0.02,81,62414,买盘
1058,11:17:28,7.71,0.0,249,191949,买盘
1059,11:17:31,7.73,0.02,247,190718,买盘
1060,11:17:34,7.73,0.0,18,13914,买盘
1061,11:17:37,7.73,0.0,59,45587,买盘
1062,11:17:40,7.73,0.0,56,43282,买盘
1063,11:17:46,7.73,0.0,4,3092,买盘
1064,11:17:55,7.73,0.0,47,36331,买盘
1065,11:18:01,7.72,-0.01,2,1544,买盘
1066,11:18:04,7.71,-0.01,47,36282,卖盘
1067,11:18:10,7.72,0.01,13,10036,买盘
1068,11:18:13,7.71,-0.01,3,2313,卖盘
1069,11:18:18,7.71,0.0,17,13107,卖盘
1070,11:18:24,7.71,0.0,1,771,卖盘
1071,11:18:31,7.7,-0.01,257,197935,卖盘
1072,11:18:33,7.7,0.0,50,38500,买盘
1073,11:18:36,7.7,0.0,20,15400,买盘
1074,11:18:40,7.7,0.0,18,13860,买盘
1075,11:18:55,7.7,0.0,1,770,卖盘
1076,11:18:58,7.7,0.0,1,770,卖盘
1077,11:19:04,7.7,0.0,2,1540,卖盘
1078,11:19:07,7.7,0.0,3,2310,卖盘
1079,11:19:16,7.7,0.0,350,269500,卖盘
1080,11:19:19,7.7,0.0,1,770,卖盘
1081,11:19:22,7.71,0.01,10,7710,买盘
1082,11:19:25,7.7,-0.01,9,6930,卖盘
1083,11:19:31,7.7,0.0,25,19250,买盘
1084,11:19:37,7.7,0.0,20,15400,买盘
1085,11:19:58,7.71,0.01,6,4625,买盘
1086,11:20:03,7.7,-0.01,6,4620,卖盘
1087,11:20:12,7.7,0.0,285,219450,卖盘
1088,11:20:19,7.7,0.0,23,17710,买盘
1089,11:20:28,7.7,0.0,2,1540,买盘
1090,11:20:34,7.7,0.0,26,20020,买盘
1091,11:20:37,7.7,0.0,14,10780,买盘
1092,11:20:43,7.7,0.0,28,21560,买盘
1093,11:20:46,7.69,-0.01,535,411303,卖盘
1094,11:20:55,7.69,0.0,30,23208,买盘
1095,11:20:58,7.69,0.0,1,769,卖盘
1096,11:21:04,7.69,0.0,2,1538,卖盘
1097,11:21:06,7.69,0.0,7,5383,卖盘
1098,11:21:10,7.69,0.0,3,2307,卖盘
1099,11:21:16,7.69,0.0,28,21532,卖盘
1100,11:21:22,7.69,0.0,7,5383,卖盘
1101,11:21:25,7.69,0.0,30,23070,卖盘
1102,11:21:27,7.69,0.0,1,769,卖盘
1103,11:21:36,7.69,0.0,22,16918,卖盘
1104,11:21:40,7.69,0.0,7,5383,卖盘
1105,11:21:45,7.7,0.01,3,2310,买盘
1106,11:21:48,7.7,0.0,42,32340,买盘
1107,11:22:00,7.7,0.0,4,3080,买盘
1108,11:22:07,7.69,-0.01,2,1538,卖盘
1109,11:22:10,7.69,0.0,3,2307,卖盘
1110,11:22:15,7.7,0.01,18,13860,买盘
1111,11:22:18,7.7,0.0,83,63910,买盘
1112,11:22:21,7.71,0.01,7,5397,买盘
1113,11:22:24,7.7,-0.01,66,50628,卖盘
1114,11:22:31,7.7,0.0,227,175006,卖盘
1115,11:22:45,7.69,-0.01,6,4618,卖盘
1116,11:22:49,7.7,0.01,10,7700,买盘
1117,11:22:54,7.7,0.0,5,3850,买盘
1118,11:23:07,7.69,-0.01,6,4614,卖盘
1119,11:23:24,7.69,0.0,14,10766,卖盘
1120,11:23:28,7.69,0.0,33,25377,卖盘
1121,11:23:31,7.69,0.0,63,48447,卖盘
1122,11:23:36,7.7,0.01,13,10010,买盘
1123,11:23:54,7.69,-0.01,3,2307,卖盘
1124,11:24:01,7.69,0.0,17,13019,卖盘
1125,11:24:04,7.7,0.01,269,206938,买盘
1126,11:24:07,7.7,0.0,20,15400,卖盘
1127,11:24:13,7.7,0.0,3,2310,卖盘
1128,11:24:30,7.7,0.0,1,770,卖盘
1129,11:24:57,7.7,0.0,55,42542,卖盘
1130,11:25:07,7.69,-0.01,2,1538,卖盘
1131,11:25:10,7.69,0.0,4,3076,卖盘
1132,11:25:31,7.69,0.0,1,769,卖盘
1133,11:25:34,7.7,0.01,1,770,买盘
1134,11:25:58,7.69,-0.01,2,1538,卖盘
1135,11:26:00,7.69,0.0,2,1538,卖盘
1136,11:26:06,7.69,0.0,5,3845,卖盘
1137,11:26:31,7.69,0.0,1,769,卖盘
1138,11:26:42,7.69,0.0,28,21532,卖盘
1139,11:26:57,7.69,0.0,2,1538,卖盘
1140,11:27:00,7.69,0.0,1,769,卖盘
1141,11:27:04,7.69,0.0,3,2307,卖盘
1142,11:27:06,7.69,0.0,3,2307,卖盘
1143,11:27:13,7.69,0.0,45,34605,卖盘
1144,11:27:25,7.69,0.0,8,6152,卖盘
1145,11:27:28,7.69,0.0,45,34605,卖盘
1146,11:27:31,7.69,0.0,1,769,卖盘
1147,11:27:46,7.69,0.0,18,13842,卖盘
1148,11:27:49,7.69,0.0,10,7690,卖盘
1149,11:27:52,7.69,0.0,24,18456,卖盘
1150,11:27:55,7.69,0.0,2,1538,卖盘
1151,11:27:58,7.69,0.0,2,1538,卖盘
1152,11:28:00,7.69,0.0,1,769,卖盘
1153,11:28:07,7.69,0.0,11,8459,卖盘
1154,11:28:09,7.69,0.0,45,34605,卖盘
1155,11:28:16,7.69,0.0,6,4614,卖盘
1156,11:28:19,7.69,0.0,22,16918,卖盘
1157,11:28:21,7.69,0.0,1,769,卖盘
1158,11:28:28,7.69,0.0,1,769,卖盘
1159,11:28:31,7.69,0.0,1,769,卖盘
1160,11:28:48,7.7,0.01,10,7700,买盘
1161,11:28:58,7.69,-0.01,2,1538,卖盘
1162,11:29:06,7.69,0.0,4,3076,卖盘
1163,11:29:09,7.69,0.0,56,43064,卖盘
1164,11:29:12,7.69,0.0,60,46140,卖盘
1165,11:29:15,7.7,0.01,24,18480,买盘
1166,11:29:51,7.7,0.0,15,11550,买盘
1167,11:29:58,7.69,-0.01,2,1538,卖盘
1168,13:00:05,7.7,0.01,18,13857,买盘
1169,13:00:07,7.69,-0.01,114,87692,卖盘
1170,13:00:10,7.7,0.01,17,13090,买盘
1171,13:00:30,7.7,0.0,39,30030,买盘
1172,13:00:33,7.69,-0.01,40,30760,卖盘
1173,13:01:04,7.69,0.0,19,14611,卖盘
1174,13:01:06,7.69,0.0,2,1538,卖盘
1175,13:01:12,7.69,0.0,28,21532,卖盘
1176,13:01:33,7.69,0.0,1,769,卖盘
1177,13:01:37,7.68,-0.01,90,69080,卖盘
1178,13:01:48,7.68,0.0,17,13056,卖盘
1179,13:02:04,7.68,0.0,1,768,卖盘
1180,13:02:07,7.68,0.0,3,2304,卖盘
1181,13:02:12,7.68,0.0,3,2304,卖盘
1182,13:02:28,7.68,0.0,10,7680,卖盘
1183,13:02:33,7.68,0.0,1,768,卖盘
1184,13:02:42,7.69,0.01,2,1538,买盘
1185,13:02:51,7.69,0.0,10,7690,买盘
1186,13:03:07,7.68,-0.01,4,3072,卖盘
1187,13:03:12,7.68,0.0,3,2304,卖盘
1188,13:03:21,7.69,0.01,38,29307,买盘
1189,13:03:33,7.69,0.0,1,769,卖盘
1190,13:04:00,7.69,0.0,28,21532,卖盘
1191,13:04:04,7.69,0.0,1,769,卖盘
1192,13:04:09,7.69,0.0,4,3076,卖盘
1193,13:04:15,7.69,0.0,1,769,卖盘
1194,13:04:21,7.69,0.0,7,5383,卖盘
1195,13:04:36,7.7,0.01,1,770,买盘
1196,13:04:39,7.69,-0.01,1,769,卖盘
1197,13:05:00,7.7,0.01,10,7698,买盘
1198,13:05:04,7.69,-0.01,1,769,卖盘
1199,13:05:06,7.69,0.0,2,1538,卖盘
1200,13:05:09,7.69,0.0,7,5383,卖盘
1201,13:05:16,7.7,0.01,200,154000,买盘
1202,13:05:27,7.7,0.0,6,4620,买盘
1203,13:05:33,7.69,-0.01,8,6153,卖盘
1204,13:05:49,7.69,0.0,45,34605,卖盘
1205,13:05:51,7.69,0.0,10,7690,卖盘
1206,13:06:07,7.69,0.0,4,3076,卖盘
1207,13:06:28,7.7,0.01,35,26950,买盘
1208,13:06:36,7.7,0.0,8,6160,买盘
1209,13:06:54,7.7,0.0,36,27720,买盘
1210,13:07:06,7.69,-0.01,2,1538,卖盘
1211,13:07:12,7.69,0.0,13,10004,卖盘
1212,13:07:36,7.69,0.0,8,6159,卖盘
1213,13:07:39,7.7,0.01,9,6930,买盘
1214,13:07:42,7.7,0.0,10,7700,买盘
1215,13:08:10,7.69,-0.01,2,1538,卖盘
1216,13:08:48,7.69,0.0,6,4614,卖盘
1217,13:08:51,7.69,0.0,6,4614,卖盘
1218,13:08:58,7.69,0.0,4,3076,卖盘
1219,13:09:09,7.69,0.0,4,3076,卖盘
1220,13:09:12,7.69,0.0,200,153800,卖盘
1221,13:09:15,7.69,0.0,12,9228,卖盘
1222,13:09:18,7.7,0.01,29,22324,买盘
1223,13:09:22,7.69,-0.01,5,3760,卖盘
1224,13:09:30,7.7,0.01,6,4620,卖盘
1225,13:10:09,7.69,-0.01,2,1538,卖盘
1226,13:10:24,7.7,0.01,28,21560,买盘
1227,13:10:31,7.7,0.0,14,10780,买盘
1228,13:10:43,7.69,-0.01,6,4614,卖盘
1229,13:10:46,7.69,0.0,31,23849,卖盘
1230,13:10:58,7.69,0.0,8,6152,卖盘
1231,13:11:09,7.69,0.0,494,379886,卖盘
1232,13:11:39,7.69,0.0,31,23839,卖盘
1233,13:11:46,7.69,0.0,27,20763,卖盘
1234,13:11:51,7.7,0.01,7,5390,买盘
1235,13:11:54,7.69,-0.01,100,76900,卖盘
1236,13:12:04,7.69,0.0,114,87666,卖盘
1237,13:12:09,7.68,-0.01,3,2304,卖盘
1238,13:12:12,7.68,0.0,6,4608,卖盘
1239,13:12:51,7.68,0.0,21,16128,卖盘
1240,13:12:57,7.68,0.0,7,5376,卖盘
1241,13:13:01,7.68,0.0,7,5376,卖盘
1242,13:13:10,7.68,0.0,3,2304,卖盘
1243,13:13:33,7.69,0.01,200,153800,买盘
1244,13:13:39,7.69,0.0,24,18456,买盘
1245,13:14:01,7.68,-0.01,57,43776,卖盘
1246,13:14:09,7.68,0.0,2,1536,卖盘
1247,13:14:12,7.68,0.0,1,768,卖盘
1248,13:14:33,7.68,0.0,9,6912,卖盘
1249,13:14:43,7.68,0.0,1,768,卖盘
1250,13:14:46,7.69,0.01,2,1538,买盘
1251,13:14:51,7.69,0.0,28,21532,买盘
1252,13:14:54,7.68,-0.01,35,26880,卖盘
1253,13:15:10,7.68,0.0,2,1536,卖盘
1254,13:15:13,7.68,0.0,1,768,卖盘
1255,13:15:30,7.69,0.01,21,16149,买盘
1256,13:15:39,7.68,-0.01,6,4608,卖盘
1257,13:16:10,7.68,0.0,3,2304,卖盘
1258,13:16:12,7.68,0.0,1,768,卖盘
1259,13:16:49,7.68,0.0,35,26889,卖盘
1260,13:16:54,7.68,0.0,30,23040,卖盘
1261,13:17:00,7.68,0.0,500,384000,卖盘
1262,13:17:04,7.68,0.0,90,69120,卖盘
1263,13:17:09,7.68,0.0,2,1536,卖盘
1264,13:17:12,7.68,0.0,7,5376,卖盘
1265,13:17:36,7.68,0.0,2,1536,卖盘
1266,13:17:40,7.68,0.0,15,11520,卖盘
1267,13:17:42,7.68,0.0,1,768,卖盘
1268,13:17:45,7.68,0.0,331,254243,卖盘
1269,13:17:48,7.68,0.0,20,15360,卖盘
1270,13:17:52,7.69,0.01,24,18456,买盘
1271,13:18:09,7.68,-0.01,9,6912,卖盘
1272,13:18:21,7.68,0.0,7,5376,卖盘
1273,13:18:25,7.69,0.01,45,34605,买盘
1274,13:18:33,7.69,0.0,125,96125,买盘
1275,13:18:45,7.68,-0.01,4,3072,卖盘
1276,13:18:49,7.69,0.01,914,701229,买盘
1277,13:18:55,7.68,-0.01,30,23064,卖盘
1278,13:19:04,7.69,0.01,14,10766,买盘
1279,13:19:09,7.68,-0.01,1,768,卖盘
1280,13:19:18,7.68,0.0,1,768,卖盘
1281,13:19:51,7.69,0.01,8,6151,买盘
1282,13:20:12,7.67,-0.02,1,767,卖盘
1283,13:20:18,7.68,0.01,4,3072,卖盘
1284,13:20:30,7.68,0.0,65,49920,卖盘
1285,13:20:43,7.68,0.0,2,1536,买盘
1286,13:20:49,7.68,0.0,5,3840,买盘
1287,13:20:52,7.68,0.0,4,3072,买盘
1288,13:20:55,7.67,-0.01,836,641218,卖盘
1289,13:21:01,7.67,0.0,2,1534,卖盘
1290,13:21:04,7.67,0.0,24,18408,卖盘
1291,13:21:12,7.67,0.0,3,2301,卖盘
1292,13:21:16,7.67,0.0,14,10738,卖盘
1293,13:21:22,7.67,0.0,18,13806,卖盘
1294,13:21:42,7.67,0.0,22,16874,卖盘
1295,13:21:46,7.67,0.0,1,767,卖盘
1296,13:21:49,7.69,0.02,84,64600,买盘
1297,13:21:54,7.69,0.0,22,16918,买盘
1298,13:22:07,7.67,-0.02,10,7670,卖盘
1299,13:22:13,7.7,0.03,48,36949,买盘
1300,13:22:16,7.67,-0.03,18,13820,卖盘
1301,13:22:19,7.68,0.01,8,6144,中性盘
1302,13:22:22,7.7,0.02,35,26940,买盘
1303,13:22:28,7.67,-0.03,15,11505,卖盘
1304,13:22:31,7.7,0.03,45,34616,买盘
1305,13:22:37,7.7,0.0,7,5389,买盘
1306,13:23:12,7.68,-0.02,32,24590,卖盘
1307,13:23:18,7.69,0.01,14,10766,买盘
1308,13:23:54,7.68,-0.01,1,768,卖盘
1309,13:24:13,7.68,0.0,3,2304,卖盘
1310,13:24:18,7.68,0.0,3,2304,卖盘
1311,13:24:21,7.69,0.01,9,6914,买盘
1312,13:24:34,7.68,-0.01,63,48384,卖盘
1313,13:24:51,7.67,-0.01,1,767,卖盘
1314,13:24:54,7.68,0.01,23,17664,买盘
1315,13:25:04,7.68,0.0,50,38400,买盘
1316,13:25:13,7.67,-0.01,3,2301,卖盘
1317,13:25:15,7.68,0.01,110,84480,买盘
1318,13:25:18,7.68,0.0,5,3840,买盘
1319,13:25:28,7.68,0.0,9,6912,买盘
1320,13:25:30,7.68,0.0,7,5530,买盘
1321,13:25:48,7.68,0.0,1,768,卖盘
1322,13:26:12,7.68,0.0,2,1536,卖盘
1323,13:26:19,7.68,0.0,11,8448,卖盘
1324,13:26:22,7.68,0.0,1,768,卖盘
1325,13:26:28,7.69,0.01,18,13842,买盘
1326,13:26:30,7.69,0.0,7,5383,买盘
1327,13:26:33,7.68,-0.01,49,37632,卖盘
1328,13:26:40,7.69,0.01,108,83034,买盘
1329,13:26:52,7.68,-0.01,12,9216,卖盘
1330,13:26:58,7.68,0.0,10,7680,卖盘
1331,13:27:04,7.69,0.01,28,21532,买盘
1332,13:27:06,7.69,0.0,7,5383,买盘
1333,13:27:12,7.68,-0.01,55,42292,卖盘
1334,13:27:19,7.68,0.0,51,39168,卖盘
1335,13:27:21,7.68,0.0,117,89863,卖盘
1336,13:27:39,7.69,0.01,10,7690,买盘
1337,13:27:54,7.68,-0.01,50,38400,卖盘
1338,13:28:10,7.68,0.0,130,99840,卖盘
1339,13:28:12,7.68,0.0,3,2304,卖盘
1340,13:28:19,7.68,0.0,86,66048,卖盘
1341,13:28:30,7.68,0.0,40,30720,卖盘
1342,13:28:33,7.68,0.0,1,768,卖盘
1343,13:28:36,7.68,0.0,5,3840,卖盘
1344,13:28:49,7.68,0.0,28,21350,卖盘
1345,13:29:00,7.68,0.0,10,7680,买盘
1346,13:29:16,7.67,-0.01,2,1534,卖盘
1347,13:29:22,7.68,0.01,44,33946,买盘
1348,13:29:34,7.68,0.0,10,7680,卖盘
1349,13:29:51,7.68,0.0,1,768,卖盘
1350,13:29:54,7.68,0.0,15,11520,卖盘
1351,13:29:57,7.69,0.01,56,43064,买盘
1352,13:30:04,7.69,0.0,20,15380,买盘
1353,13:30:16,7.68,-0.01,3,2304,卖盘
1354,13:30:31,7.68,0.0,45,34560,卖盘
1355,13:30:34,7.68,0.0,5,3840,卖盘
1356,13:30:51,7.68,0.0,1,768,卖盘
1357,13:31:13,7.68,0.0,1,768,卖盘
1358,13:31:16,7.68,0.0,2,1536,卖盘
1359,13:31:22,7.68,0.0,1,768,卖盘
1360,13:31:25,7.68,0.0,11,8448,卖盘
1361,13:31:39,7.68,0.0,5,3840,卖盘
1362,13:31:51,7.68,0.0,11,8448,卖盘
1363,13:31:54,7.68,0.0,63,48384,卖盘
1364,13:32:16,7.68,0.0,2,1536,卖盘
1365,13:32:22,7.68,0.0,1,768,卖盘
1366,13:32:43,7.69,0.01,73,56137,买盘
1367,13:32:45,7.7,0.01,163,125446,买盘
1368,13:32:49,7.7,0.0,14,10780,买盘
1369,13:32:52,7.7,0.0,7,5390,买盘
1370,13:32:58,7.7,0.0,5,3850,买盘
1371,13:33:01,7.7,0.0,11,8470,买盘
1372,13:33:04,7.7,0.0,11,8470,买盘
1373,13:33:06,7.7,0.0,28,21560,买盘
1374,13:33:09,7.7,0.0,4,3080,买盘
1375,13:33:15,7.68,-0.02,2,1536,卖盘
1376,13:33:22,7.69,0.01,5,3845,中性盘
1377,13:33:28,7.7,0.01,84,64680,买盘
1378,13:33:30,7.7,0.0,57,43836,买盘
1379,13:33:34,7.71,0.01,21,16191,买盘
1380,13:33:36,7.71,0.0,11,8480,买盘
1381,13:33:40,7.7,-0.01,53,40864,卖盘
1382,13:33:46,7.7,0.0,21,16170,买盘
1383,13:33:57,7.7,0.0,200,154000,买盘
1384,13:34:04,7.7,0.0,23,17710,买盘
1385,13:34:10,7.69,-0.01,97,74593,卖盘
1386,13:34:15,7.68,-0.01,3,2304,卖盘
1387,13:34:25,7.68,0.0,1,768,卖盘
1388,13:34:33,7.68,0.0,3,2304,卖盘
1389,13:34:42,7.69,0.01,10,7690,买盘
1390,13:35:16,7.68,-0.01,2,1536,卖盘
1391,13:35:25,7.68,0.0,1,768,卖盘
1392,13:35:36,7.68,0.0,510,391526,卖盘
1393,13:36:01,7.67,-0.01,5,3835,卖盘
1394,13:36:16,7.67,0.0,2,1534,卖盘
1395,13:36:19,7.67,0.0,6,4602,卖盘
1396,13:36:22,7.68,0.01,20,15360,买盘
1397,13:36:25,7.67,-0.01,1,767,卖盘
1398,13:36:31,7.68,0.01,5,3839,买盘
1399,13:36:34,7.68,0.0,45,34560,买盘
1400,13:36:37,7.69,0.01,90,69130,买盘
1401,13:36:40,7.69,0.0,45,34605,买盘
1402,13:36:52,7.69,0.0,35,26915,买盘
1403,13:37:04,7.68,-0.01,13,9984,卖盘
1404,13:37:07,7.67,-0.01,22,16876,卖盘
1405,13:37:16,7.67,0.0,3,2301,卖盘
1406,13:37:27,7.67,0.0,36,27612,卖盘
1407,13:37:30,7.68,0.01,5,3840,买盘
1408,13:37:43,7.68,0.0,2,1536,卖盘
1409,13:37:46,7.68,0.0,1,768,卖盘
1410,13:37:52,7.67,-0.01,6,4602,卖盘
1411,13:38:13,7.66,-0.01,1327,1017056,卖盘
1412,13:38:15,7.66,0.0,1,766,卖盘
1413,13:38:18,7.68,0.02,37,28416,买盘
1414,13:38:25,7.66,-0.02,1,766,卖盘
1415,13:38:31,7.67,0.01,2,1534,卖盘
1416,13:38:37,7.67,0.0,1,767,卖盘
1417,13:38:40,7.67,0.0,1,767,卖盘
1418,13:38:43,7.67,0.0,7,5369,卖盘
1419,13:38:46,7.67,0.0,9,6897,买盘
1420,13:38:49,7.67,0.0,7,5369,买盘
1421,13:38:52,7.67,0.0,10,7670,买盘
1422,13:38:54,7.67,0.0,28,21476,卖盘
1423,13:39:19,7.67,0.0,2,1534,卖盘
1424,13:39:25,7.67,0.0,8,6143,卖盘
1425,13:39:54,7.67,0.0,1,767,卖盘
1426,13:40:00,7.67,0.0,18,13806,卖盘
1427,13:40:16,7.67,0.0,20,15340,卖盘
1428,13:40:24,7.67,0.0,1,767,卖盘
1429,13:40:34,7.67,0.0,1,767,卖盘
1430,13:40:52,7.68,0.01,200,153600,买盘
1431,13:40:55,7.67,-0.01,1,767,卖盘
1432,13:41:01,7.68,0.01,50,38400,买盘
1433,13:41:04,7.67,-0.01,20,15340,卖盘
1434,13:41:10,7.67,0.0,6,4602,卖盘
1435,13:41:16,7.67,0.0,21,16107,卖盘
1436,13:41:19,7.68,0.01,10,7676,买盘
1437,13:41:21,7.68,0.0,538,412684,买盘
1438,13:41:25,7.68,0.0,28,21504,买盘
1439,13:41:28,7.68,0.0,90,69120,买盘
1440,13:41:31,7.68,0.0,31,23808,买盘
1441,13:41:33,7.68,0.0,28,21504,买盘
1442,13:41:40,7.69,0.01,7,5381,买盘
1443,13:41:42,7.69,0.0,9,6921,买盘
1444,13:42:04,7.68,-0.01,14,10752,买盘
1445,13:42:19,7.68,0.0,5,3840,卖盘
1446,13:42:22,7.68,0.0,38,29184,卖盘
1447,13:42:25,7.68,0.0,10,7680,卖盘
1448,13:42:28,7.68,0.0,1,768,卖盘
1449,13:42:57,7.68,0.0,11,8448,卖盘
1450,13:43:09,7.68,0.0,10,7680,卖盘
1451,13:43:19,7.68,0.0,20,15360,卖盘
1452,13:43:21,7.68,0.0,4,3072,卖盘
1453,13:43:25,7.68,0.0,85,65280,卖盘
1454,13:43:27,7.68,0.0,1,768,卖盘
1455,13:43:30,7.69,0.01,5,3845,买盘
1456,13:44:19,7.68,-0.01,3,2304,卖盘
1457,13:44:22,7.69,0.01,3,2307,买盘
1458,13:44:28,7.68,-0.01,1,768,卖盘
1459,13:44:31,7.69,0.01,9,6921,买盘
1460,13:44:43,7.68,-0.01,93,71424,卖盘
1461,13:44:48,7.68,0.0,20,15360,买盘
1462,13:45:18,7.67,-0.01,2,1534,卖盘
1463,13:45:25,7.68,0.01,28,21504,买盘
1464,13:45:28,7.68,0.0,7,5376,买盘
1465,13:45:30,7.68,0.0,35,26873,买盘
1466,13:45:33,7.68,0.0,12,9211,买盘
1467,13:45:36,7.68,0.0,14,10752,买盘
1468,13:45:40,7.68,0.0,73,56064,买盘
1469,13:45:43,7.68,0.0,110,84377,买盘
1470,13:45:45,7.69,0.01,45,34584,买盘
1471,13:45:51,7.69,0.0,31,23812,买盘
1472,13:45:55,7.68,-0.01,8,6144,买盘
1473,13:46:18,7.68,0.0,3,2304,卖盘
1474,13:46:27,7.68,0.0,1,768,卖盘
1475,13:46:51,7.69,0.01,5,3845,买盘
1476,13:47:12,7.69,0.0,23,17687,买盘
1477,13:47:18,7.68,-0.01,2,1536,卖盘
1478,13:47:28,7.68,0.0,1,768,卖盘
1479,13:47:48,7.68,0.0,10,7680,卖盘
1480,13:47:55,7.68,0.0,10,7680,卖盘
1481,13:48:01,7.68,0.0,1,768,卖盘
1482,13:48:19,7.68,0.0,44,33792,卖盘
1483,13:48:22,7.68,0.0,2,1536,卖盘
1484,13:48:31,7.68,0.0,1,768,卖盘
1485,13:48:37,7.69,0.01,7,5383,买盘
1486,13:48:42,7.68,-0.01,20,15360,卖盘
1487,13:48:45,7.68,0.0,26,19968,卖盘
1488,13:49:00,7.68,0.0,1,768,卖盘
1489,13:49:10,7.68,0.0,128,98304,卖盘
1490,13:49:13,7.68,0.0,84,64512,卖盘
1491,13:49:16,7.68,0.0,25,19200,卖盘
1492,13:49:18,7.68,0.0,3,2304,卖盘
1493,13:49:22,7.68,0.0,47,36096,卖盘
1494,13:49:25,7.68,0.0,167,128256,卖盘
1495,13:49:27,7.68,0.0,8,6144,卖盘
1496,13:49:30,7.67,-0.01,407,312265,卖盘
1497,13:49:34,7.67,0.0,162,124324,卖盘
1498,13:49:40,7.68,0.01,31,23802,买盘
1499,13:49:43,7.67,-0.01,21,16107,卖盘
1500,13:49:46,7.67,0.0,7,5369,卖盘
1501,13:49:49,7.67,0.0,345,264615,卖盘
1502,13:49:51,7.67,0.0,45,34515,买盘
1503,13:49:54,7.67,0.0,10,7670,买盘
1504,13:49:57,7.66,-0.01,130,99580,卖盘
1505,13:50:01,7.67,0.01,200,153400,买盘
1506,13:50:04,7.67,0.0,11,8437,卖盘
1507,13:50:07,7.67,0.0,12,9204,卖盘
1508,13:50:13,7.67,0.0,71,54457,卖盘
1509,13:50:16,7.67,0.0,23,17641,卖盘
1510,13:50:18,7.67,0.0,27,20709,买盘
1511,13:50:22,7.67,0.0,2,1534,卖盘
1512,13:50:25,7.67,0.0,38,29146,卖盘
1513,13:50:31,7.68,0.01,46,35314,买盘
1514,13:50:34,7.67,-0.01,11,8437,买盘
1515,13:50:37,7.67,0.0,1,767,买盘
1516,13:50:43,7.67,0.0,45,34515,买盘
1517,13:50:51,7.67,0.0,23,17641,买盘
1518,13:51:01,7.67,0.0,45,34515,买盘
1519,13:51:04,7.67,0.0,4,3068,买盘
1520,13:51:07,7.67,0.0,23,17641,买盘
1521,13:51:10,7.66,-0.01,5,3830,卖盘
1522,13:51:15,7.67,0.01,3,2301,买盘
1523,13:51:19,7.67,0.0,6,4602,买盘
1524,13:51:22,7.66,-0.01,2,1532,卖盘
1525,13:51:31,7.66,0.0,8,6128,卖盘
1526,13:51:37,7.66,0.0,80,61280,卖盘
1527,13:51:54,7.66,0.0,30,22980,卖盘
1528,13:51:57,7.66,0.0,100,76600,卖盘
1529,13:52:01,7.66,0.0,1,766,卖盘
1530,13:52:16,7.67,0.01,45,34515,买盘
1531,13:52:22,7.66,-0.01,3,2298,卖盘
1532,13:52:25,7.66,0.0,10,7660,卖盘
1533,13:52:30,7.66,0.0,21,16086,卖盘
1534,13:52:33,7.66,0.0,30,22980,卖盘
1535,13:52:40,7.66,0.0,20,15320,卖盘
1536,13:52:43,7.67,0.01,5,3835,买盘
1537,13:52:55,7.67,0.0,3,2301,买盘
1538,13:52:58,7.66,-0.01,30,22980,卖盘
1539,13:53:00,7.68,0.02,46,35293,买盘
1540,13:53:21,7.66,-0.02,2,1532,卖盘
1541,13:53:31,7.66,0.0,1,766,卖盘
1542,13:53:33,7.67,0.01,1,767,买盘
1543,13:53:42,7.67,0.0,3,2301,买盘
1544,13:53:46,7.66,-0.01,20,15320,卖盘
1545,13:53:49,7.68,0.02,49,37626,买盘
1546,13:53:52,7.68,0.0,90,69120,买盘
1547,13:53:55,7.68,0.0,45,34560,买盘
1548,13:54:01,7.67,-0.01,69,52927,卖盘
1549,13:54:04,7.68,0.01,95,72872,买盘
1550,13:54:07,7.68,0.0,8,6144,买盘
1551,13:54:10,7.68,0.0,24,18432,买盘
1552,13:54:22,7.67,-0.01,3,2301,卖盘
1553,13:54:27,7.68,0.01,7,5376,买盘
1554,13:54:31,7.67,-0.01,1,767,卖盘
1555,13:54:37,7.67,0.0,6,4602,卖盘
1556,13:54:45,7.68,0.01,3,2304,买盘
1557,13:54:57,7.67,-0.01,73,55991,卖盘
1558,13:55:13,7.68,0.01,3,2304,买盘
1559,13:55:25,7.67,-0.01,175,134225,卖盘
1560,13:55:28,7.67,0.0,21,16107,买盘
1561,13:55:31,7.67,0.0,24,18408,买盘
1562,13:55:34,7.67,0.0,10,7670,买盘
1563,13:55:46,7.67,0.0,45,34515,买盘
1564,13:55:48,7.66,-0.01,1,766,卖盘
1565,13:55:52,7.66,0.0,7,5362,卖盘
1566,13:56:01,7.66,0.0,1,766,卖盘
1567,13:56:16,7.67,0.01,52,39834,买盘
1568,13:56:22,7.67,0.0,2,1534,买盘
1569,13:56:25,7.66,-0.01,1,766,卖盘
1570,13:56:30,7.66,0.0,1,766,卖盘
1571,13:56:40,7.67,0.01,7,5369,买盘
1572,13:56:52,7.67,0.0,5,3835,买盘
1573,13:56:58,7.67,0.0,50,38304,买盘
1574,13:57:01,7.67,0.0,11,8437,买盘
1575,13:57:09,7.67,0.0,10,7670,买盘
1576,13:57:12,7.66,-0.01,20,15320,卖盘
1577,13:57:22,7.66,0.0,7,5362,卖盘
1578,13:57:25,7.66,0.0,3,2298,卖盘
1579,13:57:31,7.66,0.0,1,766,卖盘
1580,13:57:45,7.67,0.01,9,6903,买盘
1581,13:58:07,7.67,0.0,70,53690,买盘
1582,13:58:16,7.67,0.0,9,6903,买盘
1583,13:58:25,7.66,-0.01,3,2298,卖盘
1584,13:58:31,7.66,0.0,1,766,卖盘
1585,13:58:58,7.67,0.01,3,2301,买盘
1586,13:59:04,7.66,-0.01,304,232864,卖盘
1587,13:59:09,7.66,0.0,50,38300,卖盘
1588,13:59:12,7.66,0.0,17,13022,卖盘
1589,13:59:18,7.66,0.0,20,15320,卖盘
1590,13:59:25,7.66,0.0,1,766,卖盘
1591,13:59:31,7.66,0.0,1,766,卖盘
1592,13:59:34,7.67,0.01,46,35281,买盘
1593,13:59:36,7.66,-0.01,343,262493,卖盘
1594,13:59:48,7.66,0.0,2,1532,买盘
1595,13:59:55,7.66,0.0,2,1532,买盘
1596,14:00:04,7.66,0.0,54,41609,买盘
1597,14:00:06,7.66,0.0,7,5362,卖盘
1598,14:00:10,7.67,0.01,24,18408,买盘
1599,14:00:13,7.66,-0.01,40,30640,卖盘
1600,14:00:16,7.66,0.0,17,13022,卖盘
1601,14:00:19,7.66,0.0,50,38300,卖盘
1602,14:00:25,7.66,0.0,166,127319,卖盘
1603,14:00:34,7.66,0.0,1,766,卖盘
1604,14:00:36,7.66,0.0,27,20682,卖盘
1605,14:00:42,7.66,0.0,30,22980,卖盘
1606,14:00:49,7.67,0.01,10,7670,买盘
1607,14:00:54,7.67,0.0,14,10738,买盘
1608,14:01:25,7.66,-0.01,2,1532,卖盘
1609,14:01:31,7.67,0.01,1,767,买盘
1610,14:01:33,7.66,-0.01,1,766,卖盘
1611,14:01:37,7.67,0.01,4,3068,买盘
1612,14:02:01,7.67,0.0,45,34515,买盘
1613,14:02:07,7.66,-0.01,28,21448,卖盘
1614,14:02:10,7.66,0.0,56,42896,卖盘
1615,14:02:13,7.66,0.0,7,5362,卖盘
1616,14:02:22,7.66,0.0,14,10724,卖盘
1617,14:02:25,7.66,0.0,46,35236,卖盘
1618,14:02:31,7.67,0.01,50,38350,买盘
1619,14:02:34,7.66,-0.01,1,766,卖盘
1620,14:02:40,7.66,0.0,5,3830,卖盘
1621,14:02:46,7.67,0.01,14,10738,买盘
1622,14:03:01,7.66,-0.01,88,67408,卖盘
1623,14:03:04,7.66,0.0,12,9192,买盘
1624,14:03:10,7.68,0.02,90,69046,买盘
1625,14:03:24,7.66,-0.02,2,1532,卖盘
1626,14:03:27,7.66,0.0,1,766,卖盘
1627,14:03:34,7.66,0.0,1,766,卖盘
1628,14:03:52,7.68,0.02,4,3072,买盘
1629,14:03:58,7.67,-0.01,2,1534,卖盘
1630,14:04:04,7.67,0.0,5,3839,卖盘
1631,14:04:13,7.67,0.0,4,3068,卖盘
1632,14:04:19,7.67,0.0,15,11505,卖盘
1633,14:04:21,7.66,-0.01,18,13805,卖盘
1634,14:04:25,7.66,0.0,4,3064,卖盘
1635,14:04:31,7.67,0.01,7,5369,中性盘
1636,14:04:34,7.67,0.0,1,767,卖盘
1637,14:04:37,7.66,-0.01,35,26812,卖盘
1638,14:04:40,7.67,0.01,9,6903,卖盘
1639,14:04:51,7.67,0.0,4,3068,买盘
1640,14:05:01,7.67,0.0,36,27577,买盘
1641,14:05:04,7.66,-0.01,192,147072,卖盘
1642,14:05:07,7.65,-0.01,24,18370,卖盘
1643,14:05:10,7.67,0.02,24,18397,买盘
1644,14:05:18,7.66,-0.01,6,4596,卖盘
1645,14:05:22,7.66,0.0,24,18384,卖盘
1646,14:05:25,7.65,-0.01,2,1530,卖盘
1647,14:05:37,7.65,0.0,1,765,卖盘
1648,14:05:40,7.66,0.01,9,6894,买盘
1649,14:05:43,7.66,0.0,634,485036,买盘
1650,14:05:46,7.65,-0.01,90,68850,卖盘
1651,14:05:48,7.65,0.0,100,76500,买盘
1652,14:05:51,7.64,-0.01,59,45076,卖盘
1653,14:05:54,7.65,0.01,77,58873,买盘
1654,14:05:58,7.64,-0.01,34,25976,卖盘
1655,14:06:01,7.63,-0.01,370,282442,卖盘
1656,14:06:07,7.63,0.0,43,32834,卖盘
1657,14:06:10,7.63,0.0,52,39676,卖盘
1658,14:06:13,7.63,0.0,43,32809,卖盘
1659,14:06:16,7.63,0.0,5,3815,卖盘
1660,14:06:19,7.62,-0.01,7,5334,卖盘
1661,14:06:22,7.63,0.01,37,28231,买盘
1662,14:06:25,7.62,-0.01,28,21341,卖盘
1663,14:06:31,7.62,0.0,50,38100,卖盘
1664,14:06:34,7.63,0.01,300,228900,买盘
1665,14:06:37,7.63,0.0,57,43490,买盘
1666,14:06:40,7.63,0.0,64,48832,买盘
1667,14:06:43,7.63,0.0,103,78589,买盘
1668,14:06:51,7.63,0.0,10,7630,卖盘
1669,14:06:55,7.65,0.02,45,34423,买盘
1670,14:07:04,7.63,-0.02,7,5341,卖盘
1671,14:07:10,7.64,0.01,5,3820,中性盘
1672,14:07:13,7.63,-0.01,160,122080,卖盘
1673,14:07:18,7.65,0.02,14,10703,买盘
1674,14:07:22,7.63,-0.02,96,73293,卖盘
1675,14:07:28,7.63,0.0,28,21364,卖盘
1676,14:07:34,7.63,0.0,20,15265,卖盘
1677,14:07:37,7.63,0.0,61,46563,卖盘
1678,14:07:40,7.64,0.01,28,21392,买盘
1679,14:07:57,7.63,-0.01,10,7630,卖盘
1680,14:08:01,7.64,0.01,4,3056,买盘
1681,14:08:07,7.63,-0.01,1,763,卖盘
1682,14:08:09,7.63,0.0,8,6104,卖盘
1683,14:08:18,7.64,0.01,18,13743,买盘
1684,14:08:22,7.63,-0.01,3,2289,卖盘
1685,14:08:28,7.63,0.0,2,1526,卖盘
1686,14:08:34,7.64,0.01,9,6876,买盘
1687,14:08:37,7.63,-0.01,119,90797,卖盘
1688,14:08:49,7.64,0.01,46,35144,买盘
1689,14:08:52,7.63,-0.01,410,312830,卖盘
1690,14:08:55,7.63,0.0,7,5341,买盘
1691,14:08:57,7.63,0.0,48,36624,买盘
1692,14:09:01,7.63,0.0,5,3815,买盘
1693,14:09:09,7.63,0.0,270,205940,买盘
1694,14:09:15,7.62,-0.01,40,30480,卖盘
1695,14:09:18,7.62,0.0,22,16776,卖盘
1696,14:09:21,7.63,0.01,5,3815,买盘
1697,14:09:28,7.63,0.0,219,167097,买盘
1698,14:09:34,7.64,0.01,189,144396,买盘
1699,14:09:37,7.63,-0.01,1,763,卖盘
1700,14:09:40,7.63,0.0,75,57275,卖盘
1701,14:09:48,7.64,0.01,56,42784,买盘
1702,14:10:00,7.63,-0.01,3,2289,卖盘
1703,14:10:06,7.64,0.01,3,2292,买盘
1704,14:10:16,7.63,-0.01,118,90098,卖盘
1705,14:10:19,7.64,0.01,7,5348,买盘
1706,14:10:22,7.64,0.0,1,764,买盘
1707,14:10:28,7.63,-0.01,2,1526,卖盘
1708,14:10:34,7.64,0.01,20,15280,买盘
1709,14:10:37,7.63,-0.01,1,763,卖盘
1710,14:10:49,7.64,0.01,45,34380,买盘
1711,14:10:52,7.64,0.0,63,48132,买盘
1712,14:10:58,7.64,0.0,34,25976,买盘
1713,14:11:07,7.64,0.0,1,764,卖盘
1714,14:11:10,7.64,0.0,21,16044,卖盘
1715,14:11:12,7.64,0.0,2,1528,买盘
1716,14:11:16,7.63,-0.01,31,23666,卖盘
1717,14:11:25,7.64,0.01,1,764,买盘
1718,14:11:28,7.63,-0.01,13,9929,卖盘
1719,14:11:31,7.64,0.01,8,6112,买盘
1720,14:11:54,7.64,0.0,61,46604,买盘
1721,14:12:01,7.64,0.0,1,764,买盘
1722,14:12:04,7.64,0.0,1194,911028,买盘
1723,14:12:09,7.63,-0.01,77,58775,卖盘
1724,14:12:19,7.63,0.0,26,19838,买盘
1725,14:12:22,7.64,0.01,45,34350,买盘
1726,14:12:25,7.64,0.0,7,5348,买盘
1727,14:12:28,7.62,-0.02,3,2286,卖盘
1728,14:12:31,7.65,0.03,226,172706,买盘
1729,14:12:34,7.65,0.0,45,34425,买盘
1730,14:12:37,7.64,-0.01,11,8404,卖盘
1731,14:12:40,7.65,0.01,11,8408,买盘
1732,14:12:42,7.65,0.0,4,3060,买盘
1733,14:12:46,7.64,-0.01,22,16808,卖盘
1734,14:12:49,7.64,0.0,24,18336,卖盘
1735,14:12:54,7.65,0.01,33,25245,买盘
1736,14:12:58,7.65,0.0,7,5355,买盘
1737,14:13:01,7.65,0.0,28,21420,买盘
1738,14:13:07,7.65,0.0,6,4590,买盘
1739,14:13:19,7.65,0.0,14,10710,买盘
1740,14:13:31,7.64,-0.01,140,106960,卖盘
1741,14:13:37,7.64,0.0,1,764,卖盘
1742,14:13:39,7.65,0.01,29,22185,买盘
1743,14:13:48,7.65,0.0,203,155295,买盘
1744,14:13:54,7.65,0.0,40,30600,卖盘
1745,14:14:10,7.66,0.01,2,1532,买盘
1746,14:14:31,7.65,-0.01,2,1530,卖盘
1747,14:14:34,7.65,0.0,22,16830,卖盘
1748,14:14:37,7.65,0.0,74,56610,卖盘
1749,14:14:39,7.65,0.0,10,7650,买盘
1750,14:14:52,7.65,0.0,147,112455,买盘
1751,14:15:01,7.65,0.0,103,78795,买盘
1752,14:15:04,7.65,0.0,55,42075,卖盘
1753,14:15:07,7.65,0.0,1,765,卖盘
1754,14:15:13,7.66,0.01,6,4596,买盘
1755,14:15:19,7.65,-0.01,234,179010,卖盘
1756,14:15:21,7.66,0.01,100,76600,买盘
1757,14:15:25,7.66,0.0,10,7660,买盘
1758,14:15:28,7.65,-0.01,70,53618,卖盘
1759,14:15:30,7.65,0.0,194,148410,卖盘
1760,14:15:39,7.65,0.0,23,17595,买盘
1761,14:15:43,7.64,-0.01,70,53480,卖盘
1762,14:15:45,7.64,0.0,70,53480,卖盘
1763,14:15:52,7.65,0.01,43,32855,买盘
1764,14:15:55,7.64,-0.01,6,4584,卖盘
1765,14:16:04,7.65,0.01,108,82513,买盘
1766,14:16:06,7.64,-0.01,1,764,卖盘
1767,14:16:12,7.64,0.0,171,130644,卖盘
1768,14:16:22,7.64,0.0,72,55008,买盘
1769,14:16:25,7.63,-0.01,150,114450,卖盘
1770,14:16:30,7.63,0.0,2,1526,卖盘
1771,14:16:33,7.64,0.01,1,764,买盘
1772,14:16:36,7.63,-0.01,1,763,卖盘
1773,14:16:40,7.64,0.01,2,1528,买盘
1774,14:16:43,7.65,0.01,45,34394,买盘
1775,14:16:57,7.65,0.0,210,160450,买盘
1776,14:17:10,7.65,0.0,20,15300,买盘
1777,14:17:13,7.65,0.0,10,7650,买盘
1778,14:17:30,7.64,-0.01,2,1528,卖盘
1779,14:17:33,7.64,0.0,4,3056,卖盘
1780,14:17:37,7.64,0.0,63,48136,卖盘
1781,14:17:40,7.64,0.0,6,4584,卖盘
1782,14:17:43,7.64,0.0,42,32111,卖盘
1783,14:17:46,7.64,0.0,67,51188,卖盘
1784,14:17:49,7.63,-0.01,4,3052,卖盘
1785,14:17:52,7.64,0.01,21,16044,买盘
1786,14:17:58,7.63,-0.01,405,309020,卖盘
1787,14:18:01,7.64,0.01,9,6876,买盘
1788,14:18:10,7.63,-0.01,2,1526,卖盘
1789,14:18:22,7.63,0.0,79,60366,卖盘
1790,14:18:25,7.65,0.02,199,152235,买盘
1791,14:18:28,7.65,0.0,28,21420,买盘
1792,14:18:31,7.65,0.0,45,34349,买盘
1793,14:18:34,7.63,-0.02,9,6867,卖盘
1794,14:18:36,7.65,0.02,20,15300,买盘
1795,14:18:55,7.65,0.0,1,765,买盘
1796,14:19:01,7.64,-0.01,9,6876,卖盘
1797,14:19:07,7.65,0.01,3,2295,买盘
1798,14:19:09,7.64,-0.01,1,764,卖盘
1799,14:19:12,7.65,0.01,21,16065,买盘
1800,14:19:16,7.64,-0.01,12,9168,卖盘
1801,14:19:18,7.65,0.01,166,126835,买盘
1802,14:19:25,7.65,0.0,82,62730,买盘
1803,14:19:31,7.65,0.0,33,25237,买盘
1804,14:19:37,7.65,0.0,26,19890,买盘
1805,14:19:39,7.64,-0.01,20,15280,卖盘
1806,14:19:42,7.65,0.01,15,11465,买盘
1807,14:19:49,7.65,0.0,11,8415,买盘
1808,14:20:22,7.65,0.0,20,15300,买盘
1809,14:20:24,7.65,0.0,1,765,买盘
1810,14:20:30,7.64,-0.01,2,1528,卖盘
1811,14:20:34,7.65,0.01,28,21420,买盘
1812,14:20:37,7.65,0.0,10,7650,买盘
1813,14:20:40,7.65,0.0,8,6120,买盘
1814,14:20:51,7.64,-0.01,5,3820,卖盘
1815,14:20:58,7.65,0.01,58,44370,买盘
1816,14:21:04,7.66,0.01,20,15301,买盘
1817,14:21:22,7.65,-0.01,6,4590,买盘
1818,14:21:25,7.65,0.0,31,23715,买盘
1819,14:21:28,7.64,-0.01,29,22156,卖盘
1820,14:21:31,7.64,0.0,2,1528,卖盘
1821,14:21:40,7.64,0.0,37,28268,卖盘
1822,14:21:46,7.65,0.01,18,13770,买盘
1823,14:21:52,7.64,-0.01,20,15280,卖盘
1824,14:21:55,7.64,0.0,70,53500,卖盘
1825,14:21:57,7.64,0.0,4,3056,卖盘
1826,14:22:01,7.64,0.0,20,15280,卖盘
1827,14:22:04,7.64,0.0,150,114600,卖盘
1828,14:22:10,7.64,0.0,10,7640,买盘
1829,14:22:12,7.64,0.0,10,7640,买盘
1830,14:22:25,7.64,0.0,5,3820,买盘
1831,14:22:28,7.64,0.0,1,764,买盘
1832,14:22:31,7.64,0.0,8,6109,买盘
1833,14:22:40,7.63,-0.01,7,5341,卖盘
1834,14:22:55,7.64,0.01,11,8404,买盘
1835,14:23:00,7.63,-0.01,8,6104,卖盘
1836,14:23:07,7.63,0.0,205,156415,卖盘
1837,14:23:09,7.63,0.0,5,3815,卖盘
1838,14:23:13,7.63,0.0,8,6104,卖盘
1839,14:23:28,7.63,0.0,49,37387,卖盘
1840,14:23:30,7.63,0.0,2,1526,卖盘
1841,14:23:34,7.63,0.0,58,44254,卖盘
1842,14:23:39,7.63,0.0,1,763,卖盘
1843,14:23:42,7.63,0.0,108,82404,卖盘
1844,14:23:49,7.63,0.0,10,7630,卖盘
1845,14:23:52,7.63,0.0,64,48856,卖盘
1846,14:23:54,7.63,0.0,219,167097,卖盘
1847,14:24:16,7.63,0.0,34,25942,买盘
1848,14:24:24,7.62,-0.01,8,6096,卖盘
1849,14:24:28,7.63,0.01,45,34335,买盘
1850,14:24:31,7.63,0.0,22,16783,买盘
1851,14:24:37,7.64,0.01,24,18316,买盘
1852,14:24:40,7.63,-0.01,50,38150,卖盘
1853,14:24:43,7.64,0.01,45,34380,买盘
1854,14:24:46,7.64,0.0,42,32088,买盘
1855,14:24:49,7.65,0.01,77,58845,买盘
1856,14:24:54,7.65,0.0,45,34414,买盘
1857,14:25:31,7.63,-0.02,22,16786,卖盘
1858,14:25:39,7.64,0.01,11,8405,卖盘
1859,14:25:42,7.64,0.0,1,764,卖盘
1860,14:25:46,7.64,0.0,84,64176,卖盘
1861,14:25:49,7.64,0.0,3,2292,买盘
1862,14:25:54,7.64,0.0,7,5348,买盘
1863,14:26:01,7.64,0.0,8,6112,卖盘
1864,14:26:09,7.65,0.01,5,3823,买盘
1865,14:26:31,7.63,-0.02,2,1526,卖盘
1866,14:26:40,7.64,0.01,1,764,买盘
1867,14:26:52,7.64,0.0,12,9168,卖盘
1868,14:26:55,7.64,0.0,15,11460,卖盘
1869,14:27:19,7.64,0.0,67,51168,买盘
1870,14:27:22,7.64,0.0,1,764,买盘
1871,14:27:28,7.64,0.0,10,7640,买盘
1872,14:27:34,7.64,0.0,7,5346,买盘
1873,14:27:36,7.63,-0.01,5,3815,卖盘
1874,14:27:42,7.63,0.0,2,1526,卖盘
1875,14:28:04,7.63,0.0,20,15260,卖盘
1876,14:28:13,7.63,0.0,1,763,卖盘
1877,14:28:15,7.64,0.01,4,3056,买盘
1878,14:28:31,7.63,-0.01,3,2290,卖盘
1879,14:28:37,7.64,0.01,56,42784,买盘
1880,14:28:40,7.63,-0.01,6,4578,卖盘
1881,14:28:43,7.63,0.0,1,763,卖盘
1882,14:28:49,7.64,0.01,50,38200,买盘
1883,14:28:55,7.64,0.0,50,38200,买盘
1884,14:29:04,7.64,0.0,32,24438,买盘
1885,14:29:09,7.64,0.0,7,5348,买盘
1886,14:29:12,7.64,0.0,7,5348,买盘
1887,14:29:16,7.64,0.0,5,3820,买盘
1888,14:29:18,7.64,0.0,8,6112,买盘
1889,14:29:21,7.64,0.0,43,32852,买盘
1890,14:29:28,7.64,0.0,27,20628,买盘
1891,14:29:31,7.64,0.0,5,3820,买盘
1892,14:29:33,7.63,-0.01,35,26737,卖盘
1893,14:29:40,7.64,0.01,5,3820,买盘
1894,14:29:42,7.63,-0.01,1,763,卖盘
1895,14:29:45,7.64,0.01,34,25976,买盘
1896,14:29:58,7.64,0.0,20,15280,买盘
1897,14:30:00,7.64,0.0,324,247213,买盘
1898,14:30:04,7.63,-0.01,4,3052,卖盘
1899,14:30:10,7.64,0.01,112,85568,买盘
1900,14:30:13,7.64,0.0,11,8404,卖盘
1901,14:30:18,7.65,0.01,1,765,买盘
1902,14:30:25,7.64,-0.01,2,1528,卖盘
1903,14:30:28,7.64,0.0,30,22920,卖盘
1904,14:30:34,7.65,0.01,66,50473,买盘
1905,14:30:52,7.65,0.0,1,765,买盘
1906,14:31:33,7.64,-0.01,3,2292,卖盘
1907,14:31:46,7.65,0.01,10,7649,买盘
1908,14:31:49,7.63,-0.02,140,106892,卖盘
1909,14:31:52,7.63,0.0,18,13734,卖盘
1910,14:31:57,7.64,0.01,3,2292,买盘
1911,14:32:16,7.64,0.0,8,6112,买盘
1912,14:32:22,7.63,-0.01,838,639394,卖盘
1913,14:32:31,7.63,0.0,24,18312,买盘
1914,14:32:34,7.62,-0.01,3,2286,卖盘
1915,14:32:39,7.63,0.01,1,763,买盘
1916,14:32:43,7.62,-0.01,10,7625,卖盘
1917,14:32:46,7.62,0.0,21,16002,卖盘
1918,14:32:49,7.62,0.0,5,3810,卖盘
1919,14:32:57,7.62,0.0,50,38100,卖盘
1920,14:33:03,7.62,0.0,5,3810,卖盘
1921,14:33:07,7.63,0.01,1,763,买盘
1922,14:33:13,7.62,-0.01,12,9144,卖盘
1923,14:33:28,7.62,0.0,3,2286,卖盘
1924,14:33:34,7.62,0.0,2,1524,卖盘
1925,14:33:37,7.63,0.01,848,646178,买盘
1926,14:33:40,7.63,0.0,10,7630,买盘
1927,14:33:43,7.63,0.0,24,18312,买盘
1928,14:33:46,7.62,-0.01,300,228600,卖盘
1929,14:33:52,7.62,0.0,7,5334,卖盘
1930,14:33:55,7.63,0.01,14,10682,买盘
1931,14:33:58,7.62,-0.01,654,498348,卖盘
1932,14:34:04,7.62,0.0,56,42700,卖盘
1933,14:34:09,7.62,0.0,5,3810,卖盘
1934,14:34:13,7.63,0.01,5,3815,买盘
1935,14:34:15,7.63,0.0,54,41201,买盘
1936,14:34:28,7.63,0.0,60,45730,买盘
1937,14:34:30,7.63,0.0,45,34335,买盘
1938,14:34:34,7.62,-0.01,4,3050,卖盘
1939,14:34:37,7.63,0.01,63,48069,买盘
1940,14:34:39,7.62,-0.01,60,45720,卖盘
1941,14:34:49,7.62,0.0,4,3048,卖盘
1942,14:35:00,7.62,0.0,100,76200,卖盘
1943,14:35:04,7.61,-0.01,1793,1364716,卖盘
1944,14:35:07,7.61,0.0,5,3805,买盘
1945,14:35:10,7.61,0.0,39,29679,买盘
1946,14:35:15,7.6,-0.01,297,225720,卖盘
1947,14:35:19,7.61,0.01,5,3805,买盘
1948,14:35:21,7.6,-0.01,256,194560,卖盘
1949,14:35:25,7.6,0.0,255,193805,卖盘
1950,14:35:28,7.61,0.01,30,22810,买盘
1951,14:35:31,7.61,0.0,23,17503,买盘
1952,14:35:34,7.6,-0.01,3,2280,卖盘
1953,14:35:37,7.6,0.0,41,31160,卖盘
1954,14:35:43,7.6,0.0,569,432440,卖盘
1955,14:35:45,7.6,0.0,447,339720,卖盘
1956,14:35:49,7.59,-0.01,10,7592,卖盘
1957,14:35:52,7.6,0.01,35,26600,买盘
1958,14:35:54,7.6,0.0,1,760,买盘
1959,14:35:57,7.6,0.0,1,760,买盘
1960,14:36:00,7.6,0.0,120,91199,买盘
1961,14:36:04,7.6,0.0,78,59265,买盘
1962,14:36:07,7.6,0.0,5,3800,买盘
1963,14:36:10,7.6,0.0,59,44840,买盘
1964,14:36:12,7.6,0.0,75,57000,买盘
1965,14:36:16,7.6,0.0,79,60040,买盘
1966,14:36:19,7.6,0.0,1,760,卖盘
1967,14:36:21,7.61,0.01,5,3805,买盘
1968,14:36:28,7.6,-0.01,20,15200,卖盘
1969,14:36:34,7.6,0.0,2,1520,卖盘
1970,14:36:36,7.6,0.0,49,37240,卖盘
1971,14:36:46,7.6,0.0,20,15200,卖盘
1972,14:36:49,7.6,0.0,1,760,卖盘
1973,14:36:51,7.6,0.0,121,91960,卖盘
1974,14:36:57,7.6,0.0,214,162640,卖盘
1975,14:37:04,7.6,0.0,26,19760,卖盘
1976,14:37:07,7.61,0.01,60,45660,买盘
1977,14:37:22,7.61,0.0,29,22069,买盘
1978,14:37:28,7.6,-0.01,79,60040,卖盘
1979,14:37:30,7.6,0.0,572,434720,卖盘
1980,14:37:33,7.6,0.0,131,99688,卖盘
1981,14:37:40,7.6,0.0,6,4560,卖盘
1982,14:37:46,7.6,0.0,129,98040,卖盘
1983,14:37:49,7.6,0.0,185,140600,卖盘
1984,14:37:52,7.6,0.0,5,3800,买盘
1985,14:37:58,7.6,0.0,23,17480,买盘
1986,14:38:06,7.6,0.0,14,10640,买盘
1987,14:38:12,7.6,0.0,100,76000,卖盘
1988,14:38:16,7.6,0.0,12,9120,卖盘
1989,14:38:18,7.6,0.0,43,32680,卖盘
1990,14:38:22,7.6,0.0,2,1521,卖盘
1991,14:38:24,7.6,0.0,89,67640,卖盘
1992,14:38:33,7.59,-0.01,1504,1141557,卖盘
1993,14:38:36,7.59,0.0,23,17457,买盘
1994,14:38:40,7.59,0.0,25,18975,买盘
1995,14:38:43,7.59,0.0,35,26565,买盘
1996,14:38:46,7.59,0.0,225,170565,买盘
1997,14:38:48,7.59,0.0,1,759,买盘
1998,14:38:52,7.58,-0.01,518,392644,卖盘
1999,14:38:55,7.59,0.01,11,8349,买盘
2000,14:38:58,7.59,0.0,24,18216,买盘
2001,14:39:01,7.59,0.0,14,10619,买盘
2002,14:39:06,7.58,-0.01,93,70494,卖盘
2003,14:39:10,7.58,0.0,41,31079,卖盘
2004,14:39:13,7.59,0.01,14,10626,买盘
2005,14:39:22,7.59,0.0,220,166948,买盘
2006,14:39:24,7.59,0.0,8,6072,买盘
2007,14:39:34,7.58,-0.01,93,70531,卖盘
2008,14:39:37,7.58,0.0,3,2274,卖盘
2009,14:39:42,7.59,0.01,34,25782,买盘
2010,14:39:49,7.59,0.0,20,15180,买盘
2011,14:39:51,7.59,0.0,121,91808,买盘
2012,14:39:55,7.59,0.0,16,12142,买盘
2013,14:39:57,7.59,0.0,4,3036,卖盘
2014,14:40:04,7.59,0.0,1,759,卖盘
2015,14:40:06,7.59,0.0,4,3036,卖盘
2016,14:40:09,7.59,0.0,5,3795,卖盘
2017,14:40:13,7.59,0.0,10,7590,卖盘
2018,14:40:16,7.59,0.0,11,8349,卖盘
2019,14:40:18,7.59,0.0,272,206448,卖盘
2020,14:40:28,7.59,0.0,275,208725,买盘
2021,14:40:31,7.59,0.0,25,18955,买盘
2022,14:40:34,7.58,-0.01,9,6822,卖盘
2023,14:40:37,7.58,0.0,91,69048,卖盘
2024,14:40:40,7.58,0.0,267,202397,卖盘
2025,14:40:43,7.59,0.01,136,103089,买盘
2026,14:40:46,7.58,-0.01,27,20466,卖盘
2027,14:40:48,7.58,0.0,63,47757,卖盘
2028,14:40:52,7.58,0.0,2,1516,卖盘
2029,14:40:55,7.58,0.0,12,9101,卖盘
2030,14:40:58,7.58,0.0,10,7580,卖盘
2031,14:41:01,7.59,0.01,26,19724,买盘
2032,14:41:04,7.58,-0.01,264,200112,卖盘
2033,14:41:07,7.59,0.01,35,26536,买盘
2034,14:41:10,7.59,0.0,24,18216,买盘
2035,14:41:13,7.59,0.0,24,18196,买盘
2036,14:41:15,7.58,-0.01,37,28047,卖盘
2037,14:41:19,7.58,0.0,25,18965,卖盘
2038,14:41:22,7.59,0.01,2,1518,买盘
2039,14:41:31,7.59,0.0,11,8339,买盘
2040,14:41:34,7.59,0.0,22,16698,买盘
2041,14:41:37,7.59,0.0,5,3792,买盘
2042,14:41:43,7.59,0.0,45,34155,买盘
2043,14:41:45,7.58,-0.01,152,115311,卖盘
2044,14:41:48,7.58,0.0,112,84896,卖盘
2045,14:41:52,7.59,0.01,49,37187,买盘
2046,14:41:55,7.58,-0.01,61,46249,卖盘
2047,14:41:58,7.59,0.01,1,759,买盘
2048,14:42:07,7.59,0.0,700,531300,买盘
2049,14:42:13,7.6,0.01,45,34200,买盘
2050,14:42:16,7.6,0.0,24,18240,买盘
2051,14:42:25,7.6,0.0,122,92720,买盘
2052,14:42:37,7.6,0.0,226,171722,买盘
2053,14:42:40,7.6,0.0,80,60800,买盘
2054,14:42:46,7.59,-0.01,5,3795,卖盘
2055,14:42:49,7.6,0.01,1,760,买盘
2056,14:42:58,7.6,0.0,34,25840,买盘
2057,14:43:01,7.6,0.0,1,760,买盘
2058,14:43:06,7.6,0.0,73,55452,买盘
2059,14:43:10,7.6,0.0,10,7600,买盘
2060,14:43:13,7.6,0.0,96,72925,买盘
2061,14:43:15,7.6,0.0,39,29612,买盘
2062,14:43:18,7.6,0.0,62,47110,买盘
2063,14:43:22,7.6,0.0,33,25080,买盘
2064,14:43:28,7.6,0.0,50,37960,买盘
2065,14:43:31,7.6,0.0,5,3800,买盘
2066,14:43:34,7.6,0.0,25,19000,买盘
2067,14:43:37,7.6,0.0,46,34958,买盘
2068,14:43:40,7.59,-0.01,5,3795,卖盘
2069,14:43:43,7.6,0.01,101,76738,买盘
2070,14:43:46,7.6,0.0,100,76000,买盘
2071,14:43:49,7.59,-0.01,107,81220,卖盘
2072,14:43:52,7.6,0.01,60,45600,买盘
2073,14:43:57,7.6,0.0,17,12910,买盘
2074,14:44:07,7.6,0.0,135,102600,买盘
2075,14:44:13,7.6,0.0,12,9120,买盘
2076,14:44:15,7.59,-0.01,70,53130,卖盘
2077,14:44:19,7.59,0.0,83,63010,卖盘
2078,14:44:22,7.6,0.01,31,23559,买盘
2079,14:44:24,7.59,-0.01,128,97252,卖盘
2080,14:44:28,7.59,0.0,59,44781,卖盘
2081,14:44:37,7.6,0.01,207,157313,买盘
2082,14:44:40,7.6,0.0,2,1519,买盘
2083,14:44:46,7.59,-0.01,80,60788,卖盘
2084,14:44:52,7.59,0.0,7,5313,卖盘
2085,14:44:55,7.6,0.01,124,94240,买盘
2086,14:44:58,7.6,0.0,5,3800,买盘
2087,14:45:01,7.59,-0.01,24,18216,卖盘
2088,14:45:04,7.59,0.0,112,85008,卖盘
2089,14:45:06,7.6,0.01,140,106400,买盘
2090,14:45:10,7.59,-0.01,20,15180,卖盘
2091,14:45:13,7.59,0.0,6,4554,卖盘
2092,14:45:19,7.6,0.01,129,97912,买盘
2093,14:45:22,7.6,0.0,7,5320,买盘
2094,14:45:25,7.6,0.0,13,9874,买盘
2095,14:45:28,7.6,0.0,205,155600,买盘
2096,14:45:31,7.59,-0.01,223,169257,卖盘
2097,14:45:34,7.6,0.01,58,44072,买盘
2098,14:45:37,7.59,-0.01,63,47822,卖盘
2099,14:45:40,7.59,0.0,5,3795,卖盘
2100,14:45:46,7.6,0.01,8,6080,买盘
2101,14:45:48,7.59,-0.01,50,37950,卖盘
2102,14:45:52,7.6,0.01,62,47103,买盘
2103,14:45:55,7.6,0.0,135,102488,买盘
2104,14:45:58,7.6,0.0,13,9877,买盘
2105,14:46:00,7.59,-0.01,28,21252,卖盘
2106,14:46:04,7.59,0.0,20,15180,卖盘
2107,14:46:07,7.6,0.01,8,6080,买盘
2108,14:46:13,7.59,-0.01,10,7595,卖盘
2109,14:46:16,7.6,0.01,10,7600,买盘
2110,14:46:19,7.59,-0.01,50,37970,卖盘
2111,14:46:25,7.59,0.0,20,15180,卖盘
2112,14:46:28,7.6,0.01,34,25815,买盘
2113,14:46:31,7.59,-0.01,3,2277,卖盘
2114,14:46:34,7.59,0.0,20,15180,卖盘
2115,14:46:37,7.59,0.0,1,759,卖盘
2116,14:46:40,7.59,0.0,6,4554,卖盘
2117,14:46:54,7.59,0.0,23,17472,卖盘
2118,14:46:57,7.6,0.01,9,6840,买盘
2119,14:47:07,7.6,0.0,1,760,买盘
2120,14:47:12,7.6,0.0,21,15960,买盘
2121,14:47:18,7.59,-0.01,108,81980,卖盘
2122,14:47:21,7.59,0.0,71,53889,卖盘
2123,14:47:25,7.59,0.0,80,60720,卖盘
2124,14:47:30,7.6,0.01,10,7600,买盘
2125,14:47:34,7.6,0.0,5,3800,买盘
2126,14:47:37,7.59,-0.01,3,2277,卖盘
2127,14:47:43,7.59,0.0,30,22770,卖盘
2128,14:47:46,7.6,0.01,37,28113,买盘
2129,14:47:55,7.59,-0.01,13,9867,卖盘
2130,14:48:00,7.6,0.01,8,6080,买盘
2131,14:48:04,7.59,-0.01,15,11385,卖盘
2132,14:48:07,7.6,0.01,140,106261,买盘
2133,14:48:16,7.6,0.0,10,7600,买盘
2134,14:48:25,7.6,0.0,22,16720,买盘
2135,14:48:31,7.59,-0.01,10,7590,卖盘
2136,14:48:37,7.59,0.0,780,592023,卖盘
2137,14:48:40,7.59,0.0,8,6069,买盘
2138,14:48:43,7.59,0.0,50,37950,买盘
2139,14:48:48,7.59,0.0,1,759,买盘
2140,14:48:52,7.59,0.0,14,10626,买盘
2141,14:48:55,7.58,-0.01,310,235190,卖盘
2142,14:48:58,7.58,0.0,21,15930,卖盘
2143,14:49:01,7.59,0.01,58,43994,买盘
2144,14:49:04,7.59,0.0,75,56925,买盘
2145,14:49:07,7.59,0.0,77,58393,买盘
2146,14:49:09,7.59,0.0,78,59202,买盘
2147,14:49:13,7.59,0.0,14,10620,买盘
2148,14:49:15,7.58,-0.01,34,25796,卖盘
2149,14:49:22,7.59,0.01,180,136620,买盘
2150,14:49:27,7.59,0.0,186,141174,买盘
2151,14:49:33,7.58,-0.01,20,15160,卖盘
2152,14:49:39,7.58,0.0,25,18950,卖盘
2153,14:49:43,7.58,0.0,10,7585,卖盘
2154,14:49:46,7.59,0.01,177,134343,买盘
2155,14:50:06,7.59,0.0,126,95751,卖盘
2156,14:50:10,7.59,0.0,13,9869,卖盘
2157,14:50:13,7.59,0.0,1,759,卖盘
2158,14:50:15,7.59,0.0,530,402279,卖盘
2159,14:50:19,7.59,0.0,30,22770,卖盘
2160,14:50:22,7.6,0.01,28,21280,买盘
2161,14:50:28,7.6,0.0,8,6080,买盘
2162,14:50:34,7.6,0.0,19,14440,买盘
2163,14:50:37,7.6,0.0,117,88920,买盘
2164,14:50:40,7.59,-0.01,2,1518,卖盘
2165,14:50:43,7.6,0.01,15,11400,买盘
2166,14:50:48,7.59,-0.01,8,6072,卖盘
2167,14:50:52,7.59,0.0,341,258869,卖盘
2168,14:50:54,7.6,0.01,1,760,买盘
2169,14:51:07,7.6,0.0,140,106378,买盘
2170,14:51:10,7.6,0.0,10,7600,买盘
2171,14:51:13,7.6,0.0,45,34200,买盘
2172,14:51:16,7.6,0.0,9,6840,买盘
2173,14:51:19,7.59,-0.01,23,17474,卖盘
2174,14:51:22,7.59,0.0,12,9110,卖盘
2175,14:51:28,7.59,0.0,92,69898,卖盘
2176,14:51:30,7.59,0.0,49,37191,卖盘
2177,14:51:34,7.59,0.0,230,174570,卖盘
2178,14:51:37,7.59,0.0,249,189108,卖盘
2179,14:51:40,7.6,0.01,23,17480,买盘
2180,14:51:43,7.59,-0.01,26,19734,卖盘
2181,14:51:45,7.6,0.01,18,13670,买盘
2182,14:51:49,7.59,-0.01,20,15180,卖盘
2183,14:51:52,7.59,0.0,4,3036,卖盘
2184,14:51:55,7.59,0.0,38,28842,卖盘
2185,14:52:01,7.59,0.0,121,91840,卖盘
2186,14:52:06,7.6,0.01,174,132187,买盘
2187,14:52:10,7.59,-0.01,15,11370,卖盘
2188,14:52:13,7.6,0.01,10,7600,买盘
2189,14:52:15,7.6,0.0,3,2280,买盘
2190,14:52:19,7.6,0.0,323,245183,买盘
2191,14:52:22,7.59,-0.01,19,14436,卖盘
2192,14:52:28,7.58,-0.01,92,69791,卖盘
2193,14:52:31,7.58,0.0,80,60640,卖盘
2194,14:52:34,7.58,0.0,14,10612,卖盘
2195,14:52:37,7.58,0.0,32,24281,卖盘
2196,14:52:40,7.59,0.01,45,34120,买盘
2197,14:52:43,7.59,0.0,5,3795,买盘
2198,14:52:45,7.59,0.0,3,2277,买盘
2199,14:52:48,7.59,0.0,23,17447,买盘
2200,14:52:51,7.59,0.0,60,45540,买盘
2201,14:52:54,7.59,0.0,85,64515,买盘
2202,14:52:57,7.6,0.01,41,31128,买盘
2203,14:53:01,7.58,-0.02,20,15160,卖盘
2204,14:53:04,7.59,0.01,19,14421,买盘
2205,14:53:07,7.59,0.0,16,12144,买盘
2206,14:53:15,7.59,0.0,26,19734,买盘
2207,14:53:19,7.59,0.0,14,10616,买盘
2208,14:53:22,7.59,0.0,13,9867,买盘
2209,14:53:27,7.59,0.0,115,87278,买盘
2210,14:53:31,7.59,0.0,81,61479,买盘
2211,14:53:37,7.59,0.0,44,33375,买盘
2212,14:53:40,7.59,0.0,159,120542,买盘
2213,14:53:43,7.59,0.0,33,25047,买盘
2214,14:53:46,7.58,-0.01,14,10612,卖盘
2215,14:53:49,7.59,0.01,36,27324,买盘
2216,14:53:52,7.58,-0.01,122,92550,卖盘
2217,14:53:58,7.59,0.01,77,58394,卖盘
2218,14:54:07,7.59,0.0,5,3795,卖盘
2219,14:54:10,7.6,0.01,7,5316,买盘
2220,14:54:13,7.59,-0.01,50,37950,卖盘
2221,14:54:19,7.59,0.0,42,31895,卖盘
2222,14:54:22,7.6,0.01,5,3800,买盘
2223,14:54:25,7.59,-0.01,20,15180,卖盘
2224,14:54:28,7.59,0.0,55,41745,卖盘
2225,14:54:31,7.59,0.0,169,128271,买盘
2226,14:54:34,7.6,0.01,6,4560,买盘
2227,14:54:37,7.59,-0.01,125,94875,卖盘
2228,14:54:46,7.59,0.0,10,7590,卖盘
2229,14:54:48,7.6,0.01,8,6080,买盘
2230,14:54:55,7.59,-0.01,40,30360,卖盘
2231,14:54:58,7.6,0.01,81,61553,买盘
2232,14:55:01,7.59,-0.01,25,18975,卖盘
2233,14:55:04,7.59,0.0,41,31096,卖盘
2234,14:55:10,7.59,0.0,30,22770,卖盘
2235,14:55:13,7.6,0.01,24,18220,买盘
2236,14:55:16,7.6,0.0,28,21280,买盘
2237,14:55:19,7.6,0.0,20,15200,买盘
2238,14:55:21,7.59,-0.01,33,25047,卖盘
2239,14:55:24,7.6,0.01,10,7600,买盘
2240,14:55:27,7.59,-0.01,10,7590,卖盘
2241,14:55:31,7.59,0.0,171,129790,卖盘
2242,14:55:34,7.6,0.01,253,192229,买盘
2243,14:55:40,7.59,-0.01,68,51690,卖盘
2244,14:55:43,7.59,0.0,42,31878,买盘
2245,14:55:49,7.59,0.0,25,18975,买盘
2246,14:55:55,7.59,0.0,38,28842,买盘
2247,14:55:58,7.59,0.0,36,27324,买盘
2248,14:56:01,7.59,0.0,25,18975,买盘
2249,14:56:04,7.6,0.01,106,80464,买盘
2250,14:56:09,7.6,0.0,3,2280,买盘
2251,14:56:16,7.6,0.0,3,2280,买盘
2252,14:56:22,7.58,-0.02,35,26555,卖盘
2253,14:56:28,7.59,0.01,10,7590,卖盘
2254,14:56:31,7.6,0.01,8,6076,买盘
2255,14:56:34,7.6,0.0,56,42556,买盘
2256,14:56:37,7.59,-0.01,14,10626,卖盘
2257,14:56:40,7.6,0.01,1,760,买盘
2258,14:56:43,7.59,-0.01,8,6072,卖盘
2259,14:56:46,7.59,0.0,96,72870,卖盘
2260,14:56:49,7.59,0.0,71,53889,卖盘
2261,14:56:52,7.59,0.0,119,90313,买盘
2262,14:56:55,7.59,0.0,44,33396,买盘
2263,14:56:58,7.59,0.0,2,1518,买盘
2264,14:57:01,7.59,0.0,139,105501,买盘
2265,14:57:04,7.58,-0.01,10,7580,卖盘
2266,15:00:05,7.58,0.0,2337,1771446,卖盘
