,time,price,change,volume,amount,type
0,09:25:04,7.2,-0.09,346,249120,卖盘
1,09:30:04,7.19,-0.01,5,3595,卖盘
2,09:30:07,7.17,-0.02,102,73098,卖盘
3,09:30:10,7.19,0.02,16,11498,买盘
4,09:30:13,7.19,0.0,2,1438,买盘
5,09:30:19,7.17,-0.02,22,15785,卖盘
6,09:30:22,7.17,0.0,3,2151,卖盘
7,09:30:25,7.18,0.01,51,36618,买盘
8,09:30:31,7.17,-0.01,3,2151,卖盘
9,09:30:37,7.17,0.0,11,7887,卖盘
10,09:30:43,7.17,0.0,31,22227,卖盘
11,09:30:46,7.17,0.0,83,59791,卖盘
12,09:30:55,7.18,0.01,20,14360,卖盘
13,09:30:58,7.18,0.0,6,4308,卖盘
14,09:31:01,7.19,0.01,146,104974,买盘
15,09:31:05,7.18,-0.01,30,21540,卖盘
16,09:31:07,7.19,0.01,154,110726,买盘
17,09:31:10,7.18,-0.01,97,69646,卖盘
18,09:31:13,7.19,0.01,8,5752,买盘
19,09:31:16,7.18,-0.01,13,9334,卖盘
20,09:31:19,7.19,0.01,58,41655,买盘
21,09:31:25,7.19,0.0,4,2876,卖盘
22,09:31:31,7.18,-0.01,96,68979,卖盘
23,09:31:34,7.17,-0.01,44,31610,卖盘
24,09:31:37,7.2,0.03,5,3600,买盘
25,09:31:43,7.17,-0.03,31,22278,卖盘
26,09:31:58,7.16,-0.01,200,143304,卖盘
27,09:32:10,7.17,0.01,6,4302,中性盘
28,09:32:13,7.17,0.0,22,15774,卖盘
29,09:32:16,7.16,-0.01,59,42289,卖盘
30,09:32:19,7.19,0.03,2,1438,买盘
31,09:32:25,7.17,-0.02,16,11472,卖盘
32,09:32:40,7.17,0.0,6,4302,卖盘
33,09:32:43,7.18,0.01,8,5743,买盘
34,09:32:49,7.17,-0.01,47,33699,卖盘
35,09:32:55,7.17,0.0,66,47322,买盘
36,09:33:01,7.17,0.0,8,5741,卖盘
37,09:33:10,7.16,-0.01,60,43000,卖盘
38,09:33:13,7.18,0.02,10,7176,买盘
39,09:33:31,7.16,-0.02,17,12175,卖盘
40,09:33:34,7.16,0.0,13,9308,卖盘
41,09:33:43,7.17,0.01,12,8614,卖盘
42,09:33:46,7.17,0.0,95,68115,卖盘
43,09:33:52,7.17,0.0,2,1434,买盘
44,09:33:55,7.17,0.0,2,1434,买盘
45,09:34:07,7.17,0.0,53,38001,卖盘
46,09:34:10,7.17,0.0,23,16491,卖盘
47,09:34:13,7.17,0.0,15,10755,卖盘
48,09:34:16,7.18,0.01,14,10052,买盘
49,09:34:19,7.17,-0.01,279,200198,卖盘
50,09:34:22,7.17,0.0,19,13623,卖盘
51,09:34:37,7.19,0.02,14,10063,买盘
52,09:34:40,7.18,-0.01,10,7189,卖盘
53,09:34:52,7.2,0.02,2,1439,买盘
54,09:35:04,7.19,-0.01,5,3595,卖盘
55,09:35:19,7.18,-0.01,22,15796,卖盘
56,09:35:22,7.19,0.01,2,1438,买盘
57,09:35:25,7.18,-0.01,36,25848,卖盘
58,09:35:31,7.17,-0.01,28,20103,卖盘
59,09:35:40,7.17,0.0,70,50190,卖盘
60,09:35:43,7.17,0.0,50,35850,卖盘
61,09:35:49,7.17,0.0,59,42303,卖盘
62,09:35:58,7.17,0.0,10,7170,买盘
63,09:36:04,7.17,0.0,6,4302,卖盘
64,09:36:13,7.19,0.02,54,38800,买盘
65,09:36:28,7.18,-0.01,10,7180,买盘
66,09:36:34,7.18,0.0,10,7180,卖盘
67,09:36:37,7.17,-0.01,69,49493,卖盘
68,09:36:49,7.19,0.02,18,12910,买盘
69,09:37:22,7.18,-0.01,5,3590,卖盘
70,09:37:25,7.18,0.0,44,31592,卖盘
71,09:37:28,7.17,-0.01,31,22240,卖盘
72,09:37:31,7.18,0.01,1,718,中性盘
73,09:37:34,7.18,0.0,1,718,卖盘
74,09:37:40,7.19,0.01,73,52487,买盘
75,09:37:49,7.19,0.0,7,5033,卖盘
76,09:38:01,7.19,0.0,65,46735,卖盘
77,09:38:10,7.18,-0.01,10,7180,卖盘
78,09:38:13,7.19,0.01,9,6467,买盘
79,09:38:19,7.19,0.0,6,4314,买盘
80,09:38:22,7.19,0.0,11,7899,买盘
81,09:38:25,7.17,-0.02,20,14342,卖盘
82,09:38:37,7.18,0.01,1,718,买盘
83,09:38:43,7.18,0.0,1,718,卖盘
84,09:38:55,7.18,0.0,12,8616,卖盘
85,09:38:58,7.18,0.0,22,15796,卖盘
86,09:39:01,7.19,0.01,20,14380,买盘
87,09:39:05,7.18,-0.01,61,43798,卖盘
88,09:39:06,7.18,0.0,10,7180,买盘
89,09:39:13,7.18,0.0,10,7180,买盘
90,09:39:31,7.18,0.0,38,27283,买盘
91,09:39:34,7.18,0.0,13,9334,卖盘
92,09:39:40,7.18,0.0,3,2154,卖盘
93,09:39:46,7.18,0.0,21,15078,卖盘
94,09:39:49,7.18,0.0,13,9334,卖盘
95,09:39:52,7.19,0.01,2,1438,买盘
96,09:39:58,7.19,0.0,10,7190,买盘
97,09:40:13,7.18,-0.01,145,104110,卖盘
98,09:40:36,7.17,-0.01,8,5736,卖盘
99,09:40:40,7.18,0.01,20,14360,买盘
100,09:40:49,7.17,-0.01,62,44466,卖盘
101,09:40:55,7.17,0.0,15,10755,卖盘
102,09:41:04,7.17,0.0,23,16491,卖盘
103,09:41:19,7.17,0.0,1,717,卖盘
104,09:41:22,7.18,0.01,2,1436,买盘
105,09:41:28,7.17,-0.01,209,149853,卖盘
106,09:41:31,7.17,0.0,24,17208,卖盘
107,09:41:40,7.17,0.0,57,40869,卖盘
108,09:41:45,7.17,0.0,8,5736,买盘
109,09:41:52,7.16,-0.01,135,96660,卖盘
110,09:42:04,7.16,0.0,57,40822,卖盘
111,09:42:07,7.16,0.0,20,14320,卖盘
112,09:42:13,7.16,0.0,10,7160,卖盘
113,09:42:19,7.16,0.0,38,26929,卖盘
114,09:42:34,7.15,-0.01,160,114400,卖盘
115,09:42:37,7.16,0.01,10,7160,买盘
116,09:42:52,7.16,0.0,2,1432,买盘
117,09:42:58,7.15,-0.01,50,35750,卖盘
118,09:43:13,7.15,0.0,84,60060,卖盘
119,09:43:16,7.15,0.0,1,715,卖盘
120,09:43:19,7.15,0.0,1,715,卖盘
121,09:43:22,7.15,0.0,15,10725,卖盘
122,09:43:25,7.15,0.0,36,25740,卖盘
123,09:43:28,7.14,-0.01,4,2856,卖盘
124,09:43:31,7.14,0.0,2,1428,卖盘
125,09:43:37,7.15,0.01,50,35750,买盘
126,09:43:40,7.15,0.0,25,17851,买盘
127,09:43:43,7.15,0.0,95,67885,买盘
128,09:43:46,7.15,0.0,6,4290,买盘
129,09:43:55,7.15,0.0,9,6436,卖盘
130,09:43:58,7.16,0.01,1,716,买盘
131,09:44:01,7.16,0.0,23,16468,买盘
132,09:44:04,7.16,0.0,1,716,买盘
133,09:44:07,7.16,0.0,21,15315,买盘
134,09:44:10,7.17,0.01,7,5019,卖盘
135,09:44:15,7.17,0.0,1,717,买盘
136,09:44:19,7.17,0.0,2,1434,买盘
137,09:44:31,7.16,-0.01,1,716,卖盘
138,09:44:34,7.17,0.01,59,42303,买盘
139,09:44:37,7.16,-0.01,50,35800,卖盘
140,09:44:40,7.17,0.01,20,14340,买盘
141,09:44:45,7.17,0.0,20,14340,买盘
142,09:44:52,7.17,0.0,6,4302,买盘
143,09:44:58,7.17,0.0,1,717,买盘
144,09:45:00,7.17,0.0,14,10037,买盘
145,09:45:04,7.17,0.0,3,2151,买盘
146,09:45:07,7.17,0.0,1,717,买盘
147,09:45:10,7.17,0.0,31,22227,买盘
148,09:45:25,7.17,0.0,41,29397,卖盘
149,09:45:30,7.16,-0.01,1,716,卖盘
150,09:45:40,7.15,-0.01,241,172443,卖盘
151,09:45:46,7.16,0.01,2,1432,买盘
152,09:45:52,7.17,0.01,15,10755,买盘
153,09:46:16,7.16,-0.01,8,5728,卖盘
154,09:46:25,7.15,-0.01,15,10727,卖盘
155,09:46:30,7.16,0.01,52,37232,买盘
156,09:46:37,7.16,0.0,1,716,买盘
157,09:46:43,7.16,0.0,1,716,买盘
158,09:46:49,7.16,0.0,11,7866,买盘
159,09:46:54,7.15,-0.01,1,715,卖盘
160,09:46:58,7.15,0.0,9,6435,卖盘
161,09:47:01,7.16,0.01,23,16465,买盘
162,09:47:07,7.16,0.0,1,716,买盘
163,09:47:10,7.16,0.0,1,716,买盘
164,09:47:12,7.16,0.0,4,2864,买盘
165,09:47:15,7.16,0.0,9,6444,买盘
166,09:47:19,7.16,0.0,30,21480,买盘
167,09:47:22,7.17,0.01,19,13609,买盘
168,09:47:25,7.17,0.0,34,24378,买盘
169,09:47:28,7.17,0.0,38,27246,买盘
170,09:47:31,7.16,-0.01,23,16501,卖盘
171,09:47:34,7.18,0.02,19,13642,买盘
172,09:47:36,7.18,0.0,13,9334,买盘
173,09:47:40,7.18,0.0,6,4308,买盘
174,09:47:43,7.18,0.0,5,3590,买盘
175,09:47:46,7.18,0.0,4,2872,买盘
176,09:47:49,7.17,-0.01,10,7176,卖盘
177,09:47:52,7.18,0.01,3,2154,买盘
178,09:47:55,7.18,0.0,11,7898,买盘
179,09:48:01,7.18,0.0,11,7898,卖盘
180,09:48:19,7.19,0.01,2,1438,买盘
181,09:48:28,7.2,0.01,104,74810,买盘
182,09:48:30,7.18,-0.02,2,1436,卖盘
183,09:48:52,7.2,0.02,2,1440,买盘
184,09:49:06,7.18,-0.02,5,3590,卖盘
185,09:49:19,7.19,0.01,5,3595,买盘
186,09:49:31,7.18,-0.01,2,1436,卖盘
187,09:49:52,7.18,0.0,67,48117,卖盘
188,09:50:07,7.17,-0.01,10,7172,卖盘
189,09:50:09,7.17,0.0,1,717,卖盘
190,09:50:16,7.19,0.02,1,719,买盘
191,09:50:19,7.19,0.0,1,719,买盘
192,09:50:22,7.19,0.0,2,1438,买盘
193,09:50:28,7.17,-0.02,42,30114,卖盘
194,09:50:34,7.17,0.0,11,7887,买盘
195,09:50:37,7.17,0.0,4,2868,买盘
196,09:50:39,7.17,0.0,3,2151,买盘
197,09:50:43,7.17,0.0,3,2151,买盘
198,09:50:52,7.17,0.0,21,15057,买盘
199,09:50:58,7.17,0.0,14,10038,买盘
200,09:51:01,7.17,0.0,1,717,买盘
201,09:51:04,7.17,0.0,1,717,买盘
202,09:51:13,7.16,-0.01,1,716,卖盘
203,09:51:22,7.16,0.0,455,325780,卖盘
204,09:51:25,7.16,0.0,7,5012,买盘
205,09:51:34,7.16,0.0,1,716,卖盘
206,09:51:37,7.16,0.0,10,7160,卖盘
207,09:51:43,7.19,0.03,26,18694,卖盘
208,09:51:52,7.2,0.01,2,1440,买盘
209,09:51:55,7.16,-0.04,12,8592,卖盘
210,09:52:04,7.16,0.0,35,25060,卖盘
211,09:52:10,7.16,0.0,1,716,买盘
212,09:52:16,7.16,0.0,56,40068,买盘
213,09:52:30,7.16,0.0,14,10024,卖盘
214,09:52:58,7.16,0.0,15,10740,卖盘
215,09:53:01,7.17,0.01,11,7887,买盘
216,09:53:13,7.17,0.0,165,118305,买盘
217,09:53:16,7.17,0.0,32,22944,卖盘
218,09:53:22,7.18,0.01,1,718,买盘
219,09:53:33,7.17,-0.01,22,15786,卖盘
220,09:53:37,7.17,0.0,5,3585,卖盘
221,09:53:40,7.18,0.01,6,4308,买盘
222,09:53:43,7.17,-0.01,56,40198,卖盘
223,09:53:46,7.17,0.0,28,20084,卖盘
224,09:53:48,7.17,0.0,105,75292,卖盘
225,09:54:07,7.16,-0.01,168,120288,卖盘
226,09:54:28,7.16,0.0,1,716,买盘
227,09:54:31,7.16,0.0,13,9308,买盘
228,09:54:40,7.16,0.0,103,73748,卖盘
229,09:54:51,7.16,0.0,10,7160,买盘
230,09:54:54,7.16,0.0,2,1432,买盘
231,09:55:01,7.16,0.0,80,57280,买盘
232,09:55:13,7.16,0.0,34,24344,卖盘
233,09:55:15,7.16,0.0,26,18616,买盘
234,09:55:34,7.16,0.0,2,1432,卖盘
235,09:55:37,7.16,0.0,1,716,卖盘
236,09:55:43,7.16,0.0,19,13604,买盘
237,09:55:46,7.16,0.0,47,33652,买盘
238,09:55:48,7.16,0.0,13,9308,买盘
239,09:55:51,7.16,0.0,12,8592,买盘
240,09:55:55,7.16,0.0,11,7876,买盘
241,09:55:58,7.16,0.0,7,5012,买盘
242,09:56:01,7.15,-0.01,28,20039,卖盘
243,09:56:04,7.17,0.02,161,115214,买盘
244,09:56:07,7.17,0.0,19,13623,买盘
245,09:56:10,7.17,0.0,20,14340,买盘
246,09:56:13,7.17,0.0,66,47228,买盘
247,09:56:16,7.17,0.0,20,14340,买盘
248,09:56:19,7.17,0.0,8,5736,买盘
249,09:56:21,7.17,0.0,12,8604,买盘
250,09:56:25,7.17,0.0,12,8604,买盘
251,09:56:28,7.17,0.0,17,12189,买盘
252,09:56:31,7.17,0.0,13,9321,买盘
253,09:56:34,7.17,0.0,14,10038,买盘
254,09:56:36,7.17,0.0,10,7166,买盘
255,09:56:40,7.17,0.0,11,7887,买盘
256,09:56:43,7.17,0.0,9,6453,买盘
257,09:56:46,7.17,0.0,14,10032,买盘
258,09:56:49,7.17,0.0,7,5019,买盘
259,09:56:52,7.17,0.0,34,24378,买盘
260,09:57:01,7.17,0.0,2,1435,卖盘
261,09:57:04,7.18,0.01,1,718,买盘
262,09:57:07,7.17,-0.01,10,7171,卖盘
263,09:57:10,7.18,0.01,1,718,买盘
264,09:57:13,7.18,0.0,10,7180,买盘
265,09:57:33,7.18,0.0,1,718,卖盘
266,09:57:46,7.2,0.02,123,88560,买盘
267,09:57:52,7.21,0.01,2,1442,买盘
268,09:58:16,7.19,-0.02,2,1438,卖盘
269,09:58:19,7.19,0.0,10,7196,卖盘
270,09:58:31,7.19,0.0,3,2157,买盘
271,09:58:49,7.18,-0.01,12,8616,卖盘
272,09:58:52,7.18,0.0,5,3590,买盘
273,09:58:58,7.18,0.0,8,5744,买盘
274,09:59:10,7.17,-0.01,5,3585,卖盘
275,09:59:25,7.18,0.01,5,3590,买盘
276,09:59:28,7.17,-0.01,10,7170,卖盘
277,09:59:31,7.18,0.01,1,718,买盘
278,09:59:34,7.17,-0.01,3,2152,卖盘
279,09:59:37,7.18,0.01,1,718,买盘
280,09:59:40,7.18,0.0,1,718,买盘
281,09:59:43,7.18,0.0,1,718,买盘
282,09:59:46,7.18,0.0,1,718,买盘
283,09:59:48,7.18,0.0,1,718,买盘
284,09:59:52,7.18,0.0,1,718,买盘
285,09:59:55,7.16,-0.02,57,40830,卖盘
286,09:59:58,7.16,0.0,1,716,买盘
287,10:00:01,7.16,0.0,4,2864,买盘
288,10:00:04,7.17,0.01,4,2866,买盘
289,10:00:07,7.17,0.0,4,2868,买盘
290,10:00:10,7.17,0.0,3,2151,买盘
291,10:00:13,7.17,0.0,3,2151,买盘
292,10:00:16,7.17,0.0,3,2151,买盘
293,10:00:22,7.17,0.0,1,717,买盘
294,10:00:25,7.17,0.0,1,717,买盘
295,10:00:28,7.17,0.0,1,717,买盘
296,10:00:31,7.17,0.0,16,11472,买盘
297,10:00:36,7.18,0.01,1,718,买盘
298,10:00:40,7.18,0.0,1,718,买盘
299,10:00:43,7.18,0.0,1,718,买盘
300,10:00:46,7.18,0.0,1,718,买盘
301,10:00:55,7.18,0.0,8,5744,买盘
302,10:01:01,7.18,0.0,1,718,卖盘
303,10:01:10,7.19,0.01,2,1438,买盘
304,10:01:22,7.19,0.0,9,6471,买盘
305,10:01:25,7.18,-0.01,15,10770,卖盘
306,10:01:28,7.18,0.0,63,45234,卖盘
307,10:01:34,7.18,0.0,2,1437,卖盘
308,10:01:36,7.18,0.0,81,58158,卖盘
309,10:02:01,7.18,0.0,2,1436,买盘
310,10:02:13,7.18,0.0,1,718,买盘
311,10:03:04,7.18,0.0,12,8616,买盘
312,10:03:06,7.18,0.0,33,23693,买盘
313,10:03:09,7.18,0.0,2,1436,买盘
314,10:03:16,7.18,0.0,7,5026,买盘
315,10:03:22,7.17,-0.01,83,59511,卖盘
316,10:03:34,7.17,0.0,2,1434,卖盘
317,10:03:46,7.17,0.0,11,7887,卖盘
318,10:04:25,7.17,0.0,14,10038,买盘
319,10:05:28,7.17,0.0,7,5019,买盘
320,10:05:34,7.16,-0.01,5,3580,卖盘
321,10:05:52,7.16,0.0,29,20764,卖盘
322,10:06:07,7.16,0.0,8,5728,卖盘
323,10:06:40,7.17,0.01,27,19333,买盘
324,10:06:43,7.17,0.0,14,10025,买盘
325,10:06:46,7.16,-0.01,12,8593,卖盘
326,10:06:49,7.16,0.0,1,716,买盘
327,10:06:52,7.16,0.0,6,4296,买盘
328,10:06:55,7.17,0.01,6,4302,买盘
329,10:06:58,7.17,0.0,4,2868,买盘
330,10:07:01,7.17,0.0,2,1434,买盘
331,10:07:04,7.17,0.0,2,1434,买盘
332,10:07:10,7.17,0.0,1,717,买盘
333,10:07:16,7.17,0.0,1,717,买盘
334,10:07:22,7.16,-0.01,15,10741,卖盘
335,10:07:28,7.17,0.01,1,717,买盘
336,10:07:34,7.16,-0.01,3,2149,卖盘
337,10:07:36,7.17,0.01,1,717,买盘
338,10:07:39,7.17,0.0,1,717,买盘
339,10:07:43,7.17,0.0,1,717,买盘
340,10:07:46,7.16,-0.01,13,9309,卖盘
341,10:07:49,7.16,0.0,3,2149,卖盘
342,10:07:55,7.16,0.0,48,34368,买盘
343,10:08:07,7.17,0.01,1,717,买盘
344,10:08:12,7.17,0.0,1,717,买盘
345,10:08:16,7.17,0.0,11,7887,买盘
346,10:08:39,7.17,0.0,6,4302,卖盘
347,10:08:52,7.17,0.0,1,717,买盘
348,10:08:58,7.17,0.0,1,717,买盘
349,10:09:01,7.17,0.0,32,22944,买盘
350,10:09:28,7.17,0.0,22,15774,卖盘
351,10:09:30,7.17,0.0,99,70983,卖盘
352,10:09:33,7.17,0.0,1,717,卖盘
353,10:09:58,7.17,0.0,5,3585,卖盘
354,10:10:01,7.16,-0.01,11,7880,卖盘
355,10:10:34,7.17,0.01,15,10755,卖盘
356,10:10:49,7.17,0.0,3,2151,买盘
357,10:10:58,7.17,0.0,4,2868,买盘
358,10:11:34,7.17,0.0,2,1434,卖盘
359,10:11:40,7.17,0.0,4,2868,卖盘
360,10:11:54,7.17,0.0,6,4302,买盘
361,10:12:07,7.17,0.0,1,717,卖盘
362,10:12:31,7.17,0.0,5,3585,卖盘
363,10:12:36,7.17,0.0,47,33699,卖盘
364,10:13:10,7.16,-0.01,34,24356,卖盘
365,10:13:27,7.16,0.0,5,3580,卖盘
366,10:13:34,7.16,0.0,1,716,卖盘
367,10:13:39,7.18,0.02,31,22258,买盘
368,10:13:46,7.18,0.0,2,1436,卖盘
369,10:15:19,7.17,-0.01,8,5736,卖盘
370,10:15:25,7.17,0.0,6,4302,卖盘
371,10:15:28,7.17,0.0,5,3585,卖盘
372,10:15:34,7.17,0.0,2,1434,卖盘
373,10:16:12,7.17,0.0,7,5019,卖盘
374,10:16:19,7.18,0.01,5,3590,买盘
375,10:16:43,7.19,0.01,39,28031,买盘
376,10:17:34,7.17,-0.02,1,717,卖盘
377,10:17:43,7.18,0.01,26,18668,中性盘
378,10:17:52,7.18,0.0,10,7180,卖盘
379,10:17:58,7.18,0.0,3,2154,卖盘
380,10:18:01,7.18,0.0,11,7898,卖盘
381,10:18:16,7.18,0.0,4,2872,买盘
382,10:18:19,7.18,0.0,10,7180,买盘
383,10:18:25,7.17,-0.01,7,5019,卖盘
384,10:18:49,7.17,0.0,4,2868,卖盘
385,10:19:10,7.17,0.0,14,10038,卖盘
386,10:19:24,7.19,0.02,6,4313,买盘
387,10:19:34,7.17,-0.02,1,717,卖盘
388,10:19:52,7.18,0.01,58,41644,卖盘
389,10:20:10,7.17,-0.01,10,7170,卖盘
390,10:20:13,7.17,0.0,1,717,卖盘
391,10:20:25,7.17,0.0,9,6456,卖盘
392,10:20:27,7.17,0.0,1,717,卖盘
393,10:20:40,7.18,0.01,13,9334,买盘
394,10:20:54,7.18,0.0,30,21540,卖盘
395,10:21:19,7.18,0.0,6,4308,卖盘
396,10:21:33,7.18,0.0,1,718,中性盘
397,10:21:40,7.17,-0.01,10,7179,卖盘
398,10:22:00,7.17,0.0,22,15788,卖盘
399,10:22:49,7.18,0.01,1,718,买盘
400,10:22:51,7.18,0.0,20,14360,卖盘
401,10:22:58,7.17,-0.01,7,5021,卖盘
402,10:23:34,7.17,0.0,2,1434,卖盘
403,10:24:16,7.17,0.0,1,717,卖盘
404,10:24:21,7.17,0.0,20,14340,卖盘
405,10:25:04,7.18,0.01,17,12206,买盘
406,10:25:10,7.18,0.0,1,718,卖盘
407,10:25:25,7.18,0.0,23,16514,买盘
408,10:25:37,7.17,-0.01,2,1434,卖盘
409,10:26:04,7.18,0.01,6,4307,买盘
410,10:26:24,7.19,0.01,49,35231,买盘
411,10:26:28,7.18,-0.01,40,28757,卖盘
412,10:27:33,7.18,0.0,2,1436,卖盘
413,10:27:37,7.19,0.01,15,10785,买盘
414,10:27:43,7.19,0.0,35,25165,卖盘
415,10:28:09,7.18,-0.01,15,10770,卖盘
416,10:29:30,7.19,0.01,8,5752,买盘
417,10:29:36,7.18,-0.01,1,718,卖盘
418,10:30:10,7.19,0.01,30,21570,买盘
419,10:30:16,7.19,0.0,52,37388,买盘
420,10:30:27,7.19,0.0,35,25165,买盘
421,10:31:04,7.2,0.01,3,2160,买盘
422,10:31:10,7.19,-0.01,14,10066,卖盘
423,10:31:22,7.2,0.01,3,2160,买盘
424,10:31:37,7.19,-0.01,2,1438,卖盘
425,10:31:46,7.19,0.0,8,5752,卖盘
426,10:32:04,7.19,0.0,2,1438,卖盘
427,10:32:06,7.2,0.01,100,72000,买盘
428,10:32:09,7.19,-0.01,5,3595,卖盘
429,10:32:25,7.19,0.0,3,2157,卖盘
430,10:32:33,7.21,0.02,16,11534,买盘
431,10:32:36,7.19,-0.02,4,2876,卖盘
432,10:33:28,7.19,0.0,6,4314,卖盘
433,10:33:36,7.19,0.0,1,719,卖盘
434,10:33:43,7.19,0.0,4,2876,卖盘
435,10:33:55,7.19,0.0,27,19413,卖盘
436,10:34:01,7.19,0.0,10,7190,卖盘
437,10:34:10,7.2,0.01,1,720,中性盘
438,10:34:40,7.2,0.0,14,10080,买盘
439,10:35:37,7.2,0.0,2,1440,卖盘
440,10:35:40,7.21,0.01,1,721,买盘
441,10:35:42,7.21,0.0,2,1442,买盘
442,10:36:52,7.2,-0.01,13,9360,卖盘
443,10:37:10,7.2,0.0,14,10080,卖盘
444,10:37:30,7.2,0.0,4,2880,卖盘
445,10:37:37,7.19,-0.01,4,2878,卖盘
446,10:37:46,7.2,0.01,2,1440,买盘
447,10:37:49,7.19,-0.01,10,7190,卖盘
448,10:37:51,7.2,0.01,22,15840,买盘
449,10:37:58,7.2,0.0,2,1440,买盘
450,10:38:13,7.2,0.0,3,2160,买盘
451,10:38:28,7.2,0.0,2,1440,卖盘
452,10:38:49,7.19,-0.01,104,74776,卖盘
453,10:39:01,7.18,-0.01,44,31592,卖盘
454,10:39:25,7.19,0.01,1,719,买盘
455,10:39:31,7.19,0.0,1,719,买盘
456,10:39:37,7.18,-0.01,2,1437,卖盘
457,10:40:13,7.19,0.01,1,719,买盘
458,10:40:22,7.19,0.0,1,719,买盘
459,10:40:28,7.18,-0.01,2,1436,卖盘
460,10:40:37,7.19,0.01,22,15818,买盘
461,10:40:42,7.19,0.0,1,719,买盘
462,10:40:49,7.19,0.0,1,719,买盘
463,10:40:52,7.19,0.0,11,7899,买盘
464,10:40:55,7.19,0.0,1,719,买盘
465,10:41:16,7.19,0.0,10,7190,买盘
466,10:41:36,7.18,-0.01,2,1436,卖盘
467,10:41:40,7.19,0.01,5,3595,买盘
468,10:41:49,7.18,-0.01,21,15078,卖盘
469,10:41:57,7.19,0.01,64,46016,买盘
470,10:42:04,7.19,0.0,57,40983,卖盘
471,10:42:07,7.18,-0.01,89,63902,卖盘
472,10:42:25,7.18,0.0,30,21540,买盘
473,10:42:40,7.17,-0.01,39,27963,卖盘
474,10:42:57,7.17,0.0,54,38718,卖盘
475,10:43:10,7.17,0.0,29,20793,卖盘
476,10:43:36,7.17,0.0,1,717,卖盘
477,10:43:48,7.18,0.01,2,1436,买盘
478,10:43:55,7.18,0.0,5,3590,买盘
479,10:43:58,7.18,0.0,4,2872,买盘
480,10:44:01,7.18,0.0,5,3590,买盘
481,10:44:04,7.18,0.0,8,5744,买盘
482,10:44:07,7.18,0.0,8,5744,买盘
483,10:44:10,7.18,0.0,3,2154,买盘
484,10:44:12,7.18,0.0,5,3590,买盘
485,10:44:15,7.18,0.0,2,1436,买盘
486,10:44:18,7.18,0.0,3,2154,买盘
487,10:44:24,7.18,0.0,1,718,买盘
488,10:45:07,7.18,0.0,70,50260,买盘
489,10:45:13,7.17,-0.01,10,7170,卖盘
490,10:45:30,7.17,0.0,37,26529,卖盘
491,10:45:33,7.17,0.0,4,2868,买盘
492,10:45:37,7.16,-0.01,2,1432,卖盘
493,10:45:43,7.16,0.0,20,14320,卖盘
494,10:45:54,7.17,0.01,10,7170,买盘
495,10:46:10,7.17,0.0,46,32967,买盘
496,10:46:13,7.17,0.0,7,5019,买盘
497,10:46:21,7.16,-0.01,9,6444,卖盘
498,10:46:31,7.17,0.01,10,7170,买盘
499,10:47:37,7.16,-0.01,1,716,卖盘
500,10:47:43,7.17,0.01,53,38001,买盘
501,10:48:04,7.17,0.0,44,31548,卖盘
502,10:48:07,7.18,0.01,1,718,买盘
503,10:48:09,7.17,-0.01,28,20076,卖盘
504,10:48:18,7.16,-0.01,18,12888,卖盘
505,10:48:34,7.18,0.02,112,80416,买盘
506,10:48:57,7.18,0.0,31,22258,卖盘
507,10:49:12,7.17,-0.01,4,2868,卖盘
508,10:49:18,7.17,0.0,14,10038,卖盘
509,10:49:31,7.16,-0.01,2,1432,卖盘
510,10:49:36,7.16,0.0,2,1432,卖盘
511,10:49:40,7.17,0.01,17,12189,买盘
512,10:49:55,7.17,0.0,4,2868,卖盘
513,10:50:04,7.17,0.0,20,14340,卖盘
514,10:50:10,7.17,0.0,2,1434,买盘
515,10:50:42,7.2,0.03,2,1440,买盘
516,10:50:58,7.17,-0.03,1,717,卖盘
517,10:51:37,7.17,0.0,2,1434,卖盘
518,10:52:04,7.17,0.0,10,7170,卖盘
519,10:52:19,7.17,0.0,50,35850,卖盘
520,10:53:27,7.17,0.0,67,48043,卖盘
521,10:53:37,7.17,0.0,1,717,卖盘
522,10:53:49,7.17,0.0,37,26529,卖盘
523,10:54:22,7.17,0.0,1,717,卖盘
524,10:54:39,7.17,0.0,18,12906,卖盘
525,10:55:01,7.17,0.0,10,7170,卖盘
526,10:55:10,7.17,0.0,84,60228,卖盘
527,10:55:12,7.17,0.0,1,717,卖盘
528,10:55:34,7.17,0.0,5,3585,卖盘
529,10:55:37,7.16,-0.01,2,1432,卖盘
530,10:55:40,7.17,0.01,1,717,买盘
531,10:55:42,7.17,0.0,1,717,买盘
532,10:55:45,7.17,0.0,1,717,买盘
533,10:55:49,7.17,0.0,1,717,买盘
534,10:55:52,7.16,-0.01,15,10741,卖盘
535,10:56:40,7.19,0.03,2,1438,买盘
536,10:57:00,7.17,-0.02,23,16491,卖盘
537,10:57:37,7.17,0.0,1,717,卖盘
538,10:57:54,7.17,0.0,15,10755,卖盘
539,10:58:10,7.17,0.0,1,717,卖盘
540,10:59:31,7.17,0.0,17,12189,卖盘
541,10:59:36,7.17,0.0,1,717,卖盘
542,11:00:13,7.17,0.0,19,13623,卖盘
543,11:00:49,7.18,0.01,2,1436,卖盘
544,11:01:07,7.17,-0.01,2,1434,卖盘
545,11:01:09,7.17,0.0,12,8604,卖盘
546,11:01:15,7.16,-0.01,85,60912,卖盘
547,11:01:37,7.17,0.01,4,2868,卖盘
548,11:01:58,7.17,0.0,3,2151,卖盘
549,11:02:28,7.17,0.0,1,717,卖盘
550,11:02:37,7.17,0.0,3,2151,卖盘
551,11:03:40,7.17,0.0,2,1434,卖盘
552,11:04:28,7.18,0.01,2,1436,买盘
553,11:04:52,7.18,0.0,10,7180,买盘
554,11:05:01,7.18,0.0,10,7180,买盘
555,11:05:37,7.18,0.0,1,718,卖盘
556,11:06:16,7.19,0.01,62,44578,买盘
557,11:06:46,7.19,0.0,18,12942,卖盘
558,11:06:55,7.19,0.0,28,20132,卖盘
559,11:06:58,7.2,0.01,18,12960,买盘
560,11:07:01,7.19,-0.01,25,17975,卖盘
561,11:07:10,7.19,0.0,76,54644,卖盘
562,11:07:36,7.19,0.0,2,1438,卖盘
563,11:07:40,7.19,0.0,4,2876,卖盘
564,11:07:49,7.19,0.0,30,21570,卖盘
565,11:08:04,7.19,0.0,8,5752,卖盘
566,11:08:13,7.19,0.0,47,33793,卖盘
567,11:08:46,7.19,0.0,4,2876,卖盘
568,11:08:58,7.19,0.0,8,5752,卖盘
569,11:09:04,7.19,0.0,14,10066,卖盘
570,11:09:16,7.19,0.0,100,71900,卖盘
571,11:09:19,7.19,0.0,62,44578,卖盘
572,11:09:25,7.19,0.0,100,71900,卖盘
573,11:09:27,7.19,0.0,150,107850,卖盘
574,11:09:33,7.17,-0.02,80,57424,卖盘
575,11:09:49,7.17,0.0,27,19359,卖盘
576,11:10:00,7.17,0.0,15,10755,卖盘
577,11:10:04,7.17,0.0,34,24378,卖盘
578,11:10:10,7.17,0.0,72,51624,卖盘
579,11:10:33,7.17,0.0,50,35850,买盘
580,11:10:49,7.16,-0.01,3,2148,卖盘
581,11:10:58,7.16,0.0,7,5012,卖盘
582,11:11:19,7.16,0.0,6,4296,卖盘
583,11:11:39,7.16,0.0,2,1432,卖盘
584,11:11:55,7.16,0.0,2,1432,卖盘
585,11:12:09,7.16,0.0,95,68020,卖盘
586,11:12:40,7.16,0.0,33,23541,卖盘
587,11:13:33,7.17,0.01,20,14340,卖盘
588,11:13:37,7.16,-0.01,13,9308,卖盘
589,11:14:52,7.16,0.0,10,7160,卖盘
590,11:14:57,7.16,0.0,13,9308,卖盘
591,11:15:16,7.17,0.01,12,8604,买盘
592,11:15:40,7.16,-0.01,1,716,卖盘
593,11:15:49,7.16,0.0,56,40096,卖盘
594,11:16:10,7.16,0.0,29,20764,卖盘
595,11:16:25,7.16,0.0,528,378048,卖盘
596,11:16:34,7.16,0.0,52,37232,卖盘
597,11:16:37,7.16,0.0,13,9308,卖盘
598,11:16:43,7.16,0.0,370,264920,卖盘
599,11:16:46,7.16,0.0,332,237712,卖盘
600,11:16:48,7.17,0.01,264,189090,买盘
601,11:16:51,7.16,-0.01,21,15147,卖盘
602,11:16:57,7.16,0.0,39,27914,买盘
603,11:17:15,7.15,-0.01,7,5005,卖盘
604,11:17:18,7.15,0.0,56,40040,卖盘
605,11:17:22,7.15,0.0,42,30030,卖盘
606,11:17:25,7.16,0.01,5,3580,买盘
607,11:17:30,7.15,-0.01,190,135571,卖盘
608,11:17:40,7.14,-0.01,1,714,卖盘
609,11:17:46,7.14,0.0,1,714,卖盘
610,11:17:51,7.14,0.0,30,21420,卖盘
611,11:18:01,7.14,0.0,110,78540,卖盘
612,11:18:07,7.14,0.0,24,17136,卖盘
613,11:18:10,7.14,0.0,28,19992,卖盘
614,11:18:22,7.14,0.0,17,12138,卖盘
615,11:19:31,7.16,0.02,24,17800,买盘
616,11:19:34,7.16,0.0,9,6444,卖盘
617,11:19:37,7.17,0.01,6,4300,买盘
618,11:19:40,7.17,0.0,6,4301,买盘
619,11:19:43,7.17,0.0,7,5017,买盘
620,11:19:46,7.17,0.0,8,5736,买盘
621,11:19:49,7.17,0.0,6,4302,买盘
622,11:19:52,7.16,-0.01,12,7976,卖盘
623,11:19:54,7.16,0.0,3,2148,买盘
624,11:19:57,7.16,0.0,2,1432,买盘
625,11:20:01,7.16,0.0,3,2148,买盘
626,11:20:04,7.16,0.0,5,3580,买盘
627,11:20:07,7.16,0.0,5,3580,买盘
628,11:20:10,7.17,0.01,5,3583,买盘
629,11:20:13,7.17,0.0,5,3585,买盘
630,11:20:16,7.17,0.0,5,3585,买盘
631,11:20:19,7.17,0.0,6,4302,买盘
632,11:20:22,7.17,0.0,4,2868,买盘
633,11:20:24,7.17,0.0,6,4301,买盘
634,11:20:28,7.17,0.0,2,1434,买盘
635,11:20:34,7.17,0.0,1,717,买盘
636,11:20:40,7.17,0.0,1,717,买盘
637,11:20:46,7.17,0.0,7,5019,买盘
638,11:20:52,7.17,0.0,1,717,买盘
639,11:20:58,7.17,0.0,1,717,买盘
640,11:21:37,7.16,-0.01,5,3580,卖盘
641,11:21:39,7.16,0.0,2,1432,卖盘
642,11:22:25,7.16,0.0,3,2148,卖盘
643,11:22:31,7.17,0.01,1,717,买盘
644,11:22:34,7.16,-0.01,10,7160,卖盘
645,11:22:37,7.16,0.0,15,10740,卖盘
646,11:22:39,7.17,0.01,6,4302,买盘
647,11:22:42,7.16,-0.01,7,5013,卖盘
648,11:22:46,7.17,0.01,1,717,买盘
649,11:22:49,7.17,0.0,1,717,买盘
650,11:22:52,7.17,0.0,1,717,买盘
651,11:22:55,7.17,0.0,1,717,买盘
652,11:23:01,7.17,0.0,1,717,买盘
653,11:23:19,7.16,-0.01,4,2864,卖盘
654,11:23:40,7.16,0.0,1,716,卖盘
655,11:24:24,7.16,0.0,8,5728,卖盘
656,11:25:25,7.16,0.0,4,2864,卖盘
657,11:25:27,7.16,0.0,11,7876,卖盘
658,11:25:33,7.16,0.0,1,716,买盘
659,11:25:40,7.15,-0.01,10,7159,卖盘
660,11:26:34,7.16,0.01,1,716,买盘
661,11:26:39,7.16,0.0,1,716,买盘
662,11:26:51,7.16,0.0,1,716,买盘
663,11:26:57,7.16,0.0,1,716,买盘
664,11:27:04,7.15,-0.01,73,52195,卖盘
665,11:27:10,7.15,0.0,108,77220,卖盘
666,11:27:12,7.16,0.01,16,11456,买盘
667,11:27:40,7.16,0.0,2,1432,卖盘
668,11:27:58,7.16,0.0,12,8592,卖盘
669,11:28:10,7.15,-0.01,33,23595,卖盘
670,11:28:16,7.15,0.0,19,13585,卖盘
671,11:28:33,7.16,0.01,1,716,买盘
672,11:28:40,7.16,0.0,1,716,买盘
673,11:28:45,7.16,0.0,1,716,买盘
674,11:29:07,7.16,0.0,3,2148,买盘
675,11:29:39,7.15,-0.01,2,1430,卖盘
676,13:00:04,7.15,0.0,70,50050,卖盘
677,13:00:07,7.14,-0.01,103,73548,卖盘
678,13:00:27,7.14,0.0,18,12852,卖盘
679,13:01:04,7.19,0.05,100,71695,买盘
680,13:01:42,7.16,-0.03,1,716,卖盘
681,13:02:45,7.16,0.0,5,3580,卖盘
682,13:03:10,7.15,-0.01,15,10725,卖盘
683,13:03:42,7.15,0.0,1,715,卖盘
684,13:03:49,7.15,0.0,6,4290,卖盘
685,13:04:18,7.15,0.0,1,715,卖盘
686,13:05:12,7.16,0.01,1,716,买盘
687,13:05:42,7.15,-0.01,2,1430,卖盘
688,13:06:09,7.15,0.0,14,10010,卖盘
689,13:07:07,7.15,0.0,35,25382,卖盘
690,13:07:13,7.15,0.0,81,57558,卖盘
691,13:07:42,7.14,-0.01,1,714,卖盘
692,13:07:57,7.14,0.0,9,6426,卖盘
693,13:08:25,7.14,0.0,150,107100,卖盘
694,13:09:09,7.14,0.0,15,10710,卖盘
695,13:09:24,7.15,0.01,70,50408,买盘
696,13:09:27,7.15,0.0,4,2860,卖盘
697,13:09:43,7.15,0.0,2,1430,卖盘
698,13:09:45,7.15,0.0,4,2502,卖盘
699,13:09:55,7.15,0.0,10,7150,买盘
700,13:10:01,7.15,0.0,43,30732,买盘
701,13:10:06,7.15,0.0,10,7150,买盘
702,13:10:10,7.14,-0.01,20,14280,卖盘
703,13:10:28,7.15,0.01,1,715,买盘
704,13:10:33,7.15,0.0,10,7150,买盘
705,13:10:43,7.15,0.0,7,5005,买盘
706,13:10:46,7.15,0.0,30,21450,买盘
707,13:10:51,7.15,0.0,1,715,买盘
708,13:10:54,7.14,-0.01,21,14994,卖盘
709,13:10:58,7.15,0.01,2,1430,买盘
710,13:11:01,7.15,0.0,1,715,买盘
711,13:11:13,7.15,0.0,9,6914,买盘
712,13:11:43,7.14,-0.01,1,714,买盘
713,13:12:09,7.15,0.01,2,1430,卖盘
714,13:12:18,7.15,0.0,20,14300,买盘
715,13:12:25,7.15,0.0,1,715,买盘
716,13:12:34,7.15,0.0,10,7150,卖盘
717,13:12:55,7.16,0.01,12,8592,买盘
718,13:13:04,7.16,0.0,10,7160,买盘
719,13:13:24,7.15,-0.01,31,22186,卖盘
720,13:13:39,7.16,0.01,6,4296,买盘
721,13:13:43,7.15,-0.01,2,1430,卖盘
722,13:13:46,7.16,0.01,8,5728,买盘
723,13:14:16,7.16,0.0,15,10740,买盘
724,13:14:27,7.15,-0.01,5,3575,卖盘
725,13:14:45,7.15,0.0,2,1430,卖盘
726,13:15:09,7.15,0.0,15,10725,卖盘
727,13:15:34,7.15,0.0,2,1430,卖盘
728,13:15:43,7.15,0.0,2,1430,卖盘
729,13:15:54,7.15,0.0,4,2860,卖盘
730,13:16:09,7.16,0.01,2,1432,买盘
731,13:16:36,7.16,0.0,1,716,买盘
732,13:17:10,7.15,-0.01,20,14300,卖盘
733,13:17:24,7.16,0.01,19,13604,买盘
734,13:17:31,7.15,-0.01,120,85831,卖盘
735,13:17:42,7.15,0.0,2,1430,卖盘
736,13:18:04,7.15,0.0,40,28600,卖盘
737,13:18:10,7.15,0.0,18,12870,卖盘
738,13:18:28,7.15,0.0,20,14300,卖盘
739,13:19:19,7.15,0.0,111,79365,卖盘
740,13:19:43,7.14,-0.01,1,714,卖盘
741,13:20:00,7.14,0.0,44,31416,卖盘
742,13:20:06,7.15,0.01,1,715,买盘
743,13:20:45,7.14,-0.01,20,14280,卖盘
744,13:20:58,7.14,0.0,4,2856,卖盘
745,13:21:04,7.14,0.0,58,41241,卖盘
746,13:21:09,7.14,0.0,31,22134,卖盘
747,13:21:18,7.14,0.0,25,17850,卖盘
748,13:21:28,7.14,0.0,20,14280,卖盘
749,13:21:36,7.14,0.0,15,10710,卖盘
750,13:21:46,7.14,0.0,2,1428,卖盘
751,13:21:58,7.14,0.0,3,2142,卖盘
752,13:22:13,7.15,0.01,23,16423,买盘
753,13:22:24,7.15,0.0,114,81510,买盘
754,13:22:27,7.15,0.0,3,2145,卖盘
755,13:22:57,7.15,0.0,1,715,卖盘
756,13:23:00,7.15,0.0,11,7865,买盘
757,13:23:04,7.15,0.0,1,715,卖盘
758,13:23:37,7.15,0.0,6,4652,卖盘
759,13:23:43,7.15,0.0,1,715,卖盘
760,13:23:58,7.15,0.0,1,715,卖盘
761,13:24:10,7.15,0.0,14,10010,卖盘
762,13:24:36,7.16,0.01,15,10740,买盘
763,13:24:54,7.16,0.0,16,11456,卖盘
764,13:25:09,7.16,0.0,1,716,买盘
765,13:25:45,7.15,-0.01,1,715,卖盘
766,13:26:15,7.15,0.0,9,6435,卖盘
767,13:26:28,7.15,0.0,13,9295,卖盘
768,13:27:07,7.15,0.0,1,715,卖盘
769,13:27:09,7.15,0.0,15,10725,卖盘
770,13:27:22,7.15,0.0,8,5720,卖盘
771,13:27:46,7.15,0.0,2,1430,卖盘
772,13:27:55,7.15,0.0,13,9295,卖盘
773,13:27:58,7.15,0.0,12,8580,卖盘
774,13:28:01,7.15,0.0,6,4290,卖盘
775,13:28:04,7.15,0.0,3,2145,卖盘
776,13:28:06,7.15,0.0,5,3575,卖盘
777,13:28:34,7.14,-0.01,9,6426,卖盘
778,13:28:37,7.14,0.0,14,9996,卖盘
779,13:28:55,7.15,0.01,8,5720,买盘
780,13:29:46,7.15,0.0,2,1430,卖盘
781,13:30:09,7.15,0.0,5,3575,卖盘
782,13:31:25,7.14,-0.01,10,7140,卖盘
783,13:31:31,7.14,0.0,130,92820,卖盘
784,13:31:46,7.14,0.0,1,714,卖盘
785,13:31:57,7.14,0.0,100,71400,卖盘
786,13:32:07,7.14,0.0,164,116789,卖盘
787,13:32:19,7.13,-0.01,42,29946,卖盘
788,13:32:22,7.13,0.0,236,168268,卖盘
789,13:32:28,7.12,-0.01,8,5696,卖盘
790,13:32:31,7.1,-0.02,547,388948,卖盘
791,13:32:40,7.1,0.0,1,710,卖盘
792,13:32:49,7.1,0.0,2,1420,卖盘
793,13:32:52,7.1,0.0,11,7810,卖盘
794,13:32:54,7.1,0.0,8,5680,卖盘
795,13:32:57,7.1,0.0,1,710,买盘
796,13:33:04,7.09,-0.01,6,4254,卖盘
797,13:33:10,7.07,-0.02,83,58746,卖盘
798,13:33:19,7.07,0.0,20,14140,卖盘
799,13:33:22,7.08,0.01,57,40299,中性盘
800,13:33:28,7.09,0.01,6,4254,买盘
801,13:33:31,7.09,0.0,4,2836,买盘
802,13:33:33,7.09,0.0,27,19143,买盘
803,13:33:36,7.09,0.0,587,415624,买盘
804,13:33:39,7.09,0.0,3,2129,卖盘
805,13:33:43,7.09,0.0,2,1418,卖盘
806,13:33:49,7.09,0.0,12,8508,卖盘
807,13:33:57,7.09,0.0,12,8508,卖盘
808,13:34:13,7.09,0.0,36,25524,卖盘
809,13:34:15,7.09,0.0,1,709,买盘
810,13:34:24,7.09,0.0,24,17016,买盘
811,13:34:28,7.09,0.0,20,14180,买盘
812,13:34:31,7.09,0.0,18,12762,买盘
813,13:34:34,7.09,0.0,11,7799,买盘
814,13:34:43,7.09,0.0,91,64519,买盘
815,13:34:46,7.09,0.0,40,28360,买盘
816,13:34:49,7.09,0.0,75,53175,买盘
817,13:34:52,7.09,0.0,37,26538,买盘
818,13:35:07,7.09,0.0,1,709,卖盘
819,13:35:19,7.1,0.01,6,4260,买盘
820,13:35:34,7.09,-0.01,57,40413,卖盘
821,13:35:37,7.1,0.01,15,10650,买盘
822,13:35:43,7.1,0.0,14,9940,买盘
823,13:35:46,7.09,-0.01,1,709,卖盘
824,13:35:48,7.1,0.01,6,4260,买盘
825,13:35:58,7.09,-0.01,25,17725,卖盘
826,13:36:04,7.1,0.01,2,1420,买盘
827,13:37:01,7.1,0.0,50,35500,卖盘
828,13:37:07,7.1,0.0,10,7100,卖盘
829,13:37:13,7.12,0.02,7,4984,买盘
830,13:37:37,7.1,-0.02,2,1420,卖盘
831,13:37:39,7.12,0.02,26,18512,买盘
832,13:37:46,7.1,-0.02,1,710,卖盘
833,13:37:58,7.1,0.0,7,4970,卖盘
834,13:38:07,7.1,0.0,200,142000,卖盘
835,13:38:24,7.11,0.01,8,5688,卖盘
836,13:38:51,7.12,0.01,2,1424,买盘
837,13:39:01,7.11,-0.01,2,1422,卖盘
838,13:39:04,7.11,0.0,33,23463,买盘
839,13:39:07,7.11,0.0,1,711,卖盘
840,13:39:46,7.11,0.0,3,2133,卖盘
841,13:39:51,7.11,0.0,10,7110,卖盘
842,13:40:31,7.11,0.0,2,1422,卖盘
843,13:40:40,7.12,0.01,5,3560,买盘
844,13:41:07,7.12,0.0,6,4272,买盘
845,13:41:21,7.12,0.0,59,42008,买盘
846,13:41:46,7.12,0.0,1,712,卖盘
847,13:42:04,7.12,0.0,7,4984,卖盘
848,13:42:09,7.11,-0.01,43,30573,卖盘
849,13:42:36,7.11,0.0,53,37683,卖盘
850,13:42:39,7.12,0.01,1,712,买盘
851,13:42:46,7.11,-0.01,7,4977,卖盘
852,13:43:28,7.11,0.0,5,3555,卖盘
853,13:43:45,7.1,-0.01,1,710,卖盘
854,13:43:49,7.1,0.0,10,7100,卖盘
855,13:43:52,7.11,0.01,5,3555,买盘
856,13:43:58,7.1,-0.01,2,1420,卖盘
857,13:44:09,7.11,0.01,49,34839,买盘
858,13:44:12,7.1,-0.01,20,14200,卖盘
859,13:44:46,7.1,0.0,4,2840,卖盘
860,13:44:49,7.1,0.0,8,5680,卖盘
861,13:45:04,7.11,0.01,7,4977,买盘
862,13:45:13,7.11,0.0,7,4977,买盘
863,13:45:16,7.11,0.0,7,4977,买盘
864,13:45:22,7.1,-0.01,15,10650,卖盘
865,13:45:40,7.1,0.0,119,84490,卖盘
866,13:45:46,7.1,0.0,2,1420,卖盘
867,13:45:52,7.1,0.0,84,59640,卖盘
868,13:45:58,7.09,-0.01,21,14889,卖盘
869,13:46:10,7.09,0.0,104,73736,卖盘
870,13:46:13,7.09,0.0,7,4963,卖盘
871,13:46:19,7.09,0.0,52,36868,卖盘
872,13:46:22,7.09,0.0,14,9926,卖盘
873,13:46:25,7.09,0.0,45,31600,卖盘
874,13:46:31,7.08,-0.01,142,100536,卖盘
875,13:46:33,7.09,0.01,6,4254,买盘
876,13:46:43,7.08,-0.01,27,19116,卖盘
877,13:46:46,7.08,0.0,2,1416,卖盘
878,13:46:55,7.08,0.0,10,7080,卖盘
879,13:47:04,7.08,0.0,2,1416,卖盘
880,13:47:06,7.08,0.0,19,13431,卖盘
881,13:47:25,7.08,0.0,12,8517,买盘
882,13:47:28,7.08,0.0,10,7080,卖盘
883,13:47:46,7.08,0.0,1,708,卖盘
884,13:47:49,7.09,0.01,25,17705,买盘
885,13:47:52,7.08,-0.01,20,14160,卖盘
886,13:47:55,7.09,0.01,3,2127,买盘
887,13:47:58,7.08,-0.01,68,48123,卖盘
888,13:48:04,7.07,-0.01,6,4242,卖盘
889,13:48:09,7.07,0.0,29,20503,卖盘
890,13:48:18,7.07,0.0,9,6363,卖盘
891,13:48:21,7.07,0.0,20,14140,卖盘
892,13:48:25,7.08,0.01,35,24773,买盘
893,13:48:28,7.08,0.0,29,20532,买盘
894,13:48:34,7.07,-0.01,1,707,卖盘
895,13:48:37,7.08,0.01,8,5664,买盘
896,13:48:43,7.08,0.0,6,4248,买盘
897,13:48:46,7.07,-0.01,11,7777,卖盘
898,13:48:55,7.08,0.01,40,28320,买盘
899,13:49:04,7.08,0.0,37,26217,买盘
900,13:49:28,7.08,0.0,2,1416,卖盘
901,13:49:46,7.08,0.0,43,30758,卖盘
902,13:49:57,7.09,0.01,7,4963,卖盘
903,13:50:42,7.09,0.0,10,7090,卖盘
904,13:50:52,7.09,0.0,13,9217,卖盘
905,13:51:07,7.08,-0.01,20,14160,卖盘
906,13:51:09,7.08,0.0,20,14165,卖盘
907,13:51:13,7.09,0.01,13,9217,买盘
908,13:51:16,7.09,0.0,3,2127,买盘
909,13:51:18,7.09,0.0,8,5672,买盘
910,13:51:34,7.09,0.0,7,4963,卖盘
911,13:51:40,7.09,0.0,10,7090,买盘
912,13:51:45,7.08,-0.01,2,1416,卖盘
913,13:52:07,7.09,0.01,10,7090,买盘
914,13:52:18,7.09,0.0,10,7090,买盘
915,13:52:37,7.09,0.0,25,17725,卖盘
916,13:53:22,7.1,0.01,9,6390,买盘
917,13:53:25,7.1,0.0,8,5680,买盘
918,13:53:31,7.1,0.0,2,1420,卖盘
919,13:53:46,7.09,-0.01,1,709,卖盘
920,13:53:51,7.09,0.0,6,4254,卖盘
921,13:54:01,7.09,0.0,41,29069,卖盘
922,13:54:58,7.11,0.02,5,3555,买盘
923,13:55:46,7.1,-0.01,20,14200,卖盘
924,13:55:48,7.1,0.0,12,8520,卖盘
925,13:56:04,7.11,0.01,2,1422,买盘
926,13:56:12,7.11,0.0,13,9243,买盘
927,13:56:15,7.11,0.0,3,2133,卖盘
928,13:56:28,7.1,-0.01,27,19184,卖盘
929,13:56:34,7.11,0.01,1,711,卖盘
930,13:57:46,7.11,0.0,6,4264,买盘
931,13:58:06,7.1,-0.01,16,11360,卖盘
932,13:58:24,7.11,0.01,22,15642,买盘
933,13:58:36,7.11,0.0,7,4977,卖盘
934,13:59:48,7.1,-0.01,1,710,卖盘
935,14:00:12,7.1,0.0,49,34790,卖盘
936,14:00:19,7.1,0.0,1,710,买盘
937,14:00:37,7.08,-0.02,65,46037,卖盘
938,14:01:07,7.08,0.0,52,36816,卖盘
939,14:01:13,7.1,0.02,30,21300,买盘
940,14:01:49,7.09,-0.01,2,1418,卖盘
941,14:01:57,7.08,-0.01,107,75775,卖盘
942,14:02:01,7.09,0.01,1,709,买盘
943,14:02:19,7.08,-0.01,15,10620,卖盘
944,14:02:28,7.08,0.0,26,18408,卖盘
945,14:02:37,7.07,-0.01,18,12727,买盘
946,14:02:55,7.07,0.0,75,53025,卖盘
947,14:03:01,7.07,0.0,6,4242,卖盘
948,14:03:10,7.07,0.0,58,41006,卖盘
949,14:03:22,7.07,0.0,8,5656,卖盘
950,14:03:25,7.07,0.0,33,23331,卖盘
951,14:03:28,7.07,0.0,24,16968,卖盘
952,14:03:31,7.08,0.01,1,708,买盘
953,14:03:43,7.07,-0.01,28,19796,卖盘
954,14:03:49,7.07,0.0,2,1414,卖盘
955,14:03:55,7.07,0.0,10,7070,卖盘
956,14:04:07,7.07,0.0,2,1414,卖盘
957,14:04:24,7.08,0.01,7,4956,中性盘
958,14:04:34,7.07,-0.01,71,50197,卖盘
959,14:04:46,7.07,0.0,18,12726,卖盘
960,14:04:58,7.08,0.01,5,3540,买盘
961,14:05:16,7.07,-0.01,23,16261,卖盘
962,14:05:27,7.07,0.0,26,18382,卖盘
963,14:05:30,7.07,0.0,13,9191,卖盘
964,14:05:34,7.07,0.0,15,10605,卖盘
965,14:05:49,7.07,0.0,1,707,卖盘
966,14:05:55,7.07,0.0,7,4949,卖盘
967,14:06:22,7.08,0.01,10,7080,买盘
968,14:07:28,7.08,0.0,16,11328,买盘
969,14:07:43,7.08,0.0,10,7080,买盘
970,14:07:48,7.07,-0.01,2,1414,卖盘
971,14:07:55,7.07,0.0,1,707,卖盘
972,14:08:16,7.07,0.0,16,11312,卖盘
973,14:08:22,7.07,0.0,20,14140,卖盘
974,14:09:09,7.07,0.0,29,20503,卖盘
975,14:09:46,7.07,0.0,75,53025,卖盘
976,14:09:49,7.07,0.0,1,707,卖盘
977,14:09:52,7.07,0.0,1,707,卖盘
978,14:09:58,7.07,0.0,26,18382,卖盘
979,14:10:01,7.07,0.0,4,2503,卖盘
980,14:10:04,7.07,0.0,18,12713,买盘
981,14:10:13,7.07,0.0,16,11637,买盘
982,14:10:22,7.07,0.0,34,23713,卖盘
983,14:10:25,7.07,0.0,30,21210,买盘
984,14:10:31,7.07,0.0,15,10605,买盘
985,14:10:39,7.07,0.0,121,85872,买盘
986,14:10:49,7.08,0.01,8,5664,买盘
987,14:11:01,7.08,0.0,60,42480,买盘
988,14:11:03,7.08,0.0,1,708,买盘
989,14:11:30,7.08,0.0,86,60812,买盘
990,14:11:49,7.07,-0.01,2,1414,卖盘
991,14:12:10,7.07,0.0,7,4949,卖盘
992,14:12:43,7.08,0.01,6,4248,买盘
993,14:13:10,7.07,-0.01,20,14140,卖盘
994,14:13:24,7.08,0.01,9,6372,买盘
995,14:13:40,7.07,-0.01,2,1414,卖盘
996,14:13:49,7.07,0.0,1,707,卖盘
997,14:13:58,7.07,0.0,120,84840,卖盘
998,14:14:00,7.07,0.0,87,61509,卖盘
999,14:14:04,7.07,0.0,103,72496,卖盘
1000,14:14:09,7.07,0.0,10,7070,买盘
1001,14:14:25,7.06,-0.01,24,16944,卖盘
1002,14:14:36,7.07,0.01,40,28280,买盘
1003,14:14:45,7.06,-0.01,35,24710,卖盘
1004,14:15:01,7.07,0.01,50,35350,买盘
1005,14:15:04,7.06,-0.01,211,148966,卖盘
1006,14:15:10,7.07,0.01,5,3535,买盘
1007,14:15:13,7.07,0.0,16,11312,买盘
1008,14:15:21,7.06,-0.01,46,32496,卖盘
1009,14:15:36,7.05,-0.01,17,11985,卖盘
1010,14:15:43,7.06,0.01,31,21886,买盘
1011,14:15:46,7.05,-0.01,115,81075,卖盘
1012,14:15:49,7.05,0.0,10,7050,卖盘
1013,14:15:52,7.06,0.01,21,14825,买盘
1014,14:15:58,7.05,-0.01,15,10575,卖盘
1015,14:16:10,7.05,0.0,16,11280,卖盘
1016,14:16:49,7.05,0.0,35,24675,卖盘
1017,14:16:54,7.05,0.0,20,14100,卖盘
1018,14:17:25,7.05,0.0,2,1410,卖盘
1019,14:17:37,7.05,0.0,60,42300,卖盘
1020,14:17:52,7.05,0.0,2,1410,卖盘
1021,14:18:07,7.05,0.0,10,7050,卖盘
1022,14:18:10,7.05,0.0,31,21855,卖盘
1023,14:18:37,7.04,-0.01,29,20416,卖盘
1024,14:18:40,7.05,0.01,2,1410,买盘
1025,14:18:43,7.05,0.0,5,3525,买盘
1026,14:18:55,7.05,0.0,3,2115,买盘
1027,14:19:01,7.04,-0.01,7,4928,卖盘
1028,14:19:16,7.05,0.01,6,4230,买盘
1029,14:19:22,7.04,-0.01,90,63360,卖盘
1030,14:19:28,7.05,0.01,22,15510,买盘
1031,14:19:39,7.05,0.0,11,7745,买盘
1032,14:19:49,7.04,-0.01,4,2816,卖盘
1033,14:19:52,7.04,0.0,11,7744,卖盘
1034,14:20:01,7.04,0.0,10,7040,买盘
1035,14:20:07,7.04,0.0,7,4928,买盘
1036,14:20:19,7.04,0.0,4,2816,卖盘
1037,14:20:34,7.04,0.0,1,704,卖盘
1038,14:20:37,7.04,0.0,50,35200,卖盘
1039,14:20:49,7.04,0.0,6,4224,买盘
1040,14:20:55,7.04,0.0,21,14784,买盘
1041,14:21:24,7.04,0.0,3,2112,卖盘
1042,14:21:28,7.05,0.01,20,14100,买盘
1043,14:21:34,7.05,0.0,5,3525,买盘
1044,14:21:43,7.05,0.0,19,13385,买盘
1045,14:21:48,7.05,0.0,3,2115,买盘
1046,14:21:52,7.05,0.0,2,1410,卖盘
1047,14:22:09,7.05,0.0,80,56400,卖盘
1048,14:22:13,7.05,0.0,4,2820,卖盘
1049,14:22:25,7.06,0.01,5,3530,买盘
1050,14:22:28,7.07,0.01,170,120411,买盘
1051,14:22:43,7.07,0.0,4,2828,卖盘
1052,14:22:46,7.08,0.01,50,35400,买盘
1053,14:22:52,7.08,0.0,1,708,买盘
1054,14:23:00,7.08,0.0,13,9204,买盘
1055,14:23:03,7.08,0.0,5,3540,买盘
1056,14:23:22,7.08,0.0,10,7080,买盘
1057,14:23:25,7.08,0.0,10,7080,买盘
1058,14:23:36,7.08,0.0,30,21240,买盘
1059,14:23:52,7.07,-0.01,1,707,卖盘
1060,14:24:01,7.07,0.0,150,106050,卖盘
1061,14:24:13,7.07,0.0,94,66458,卖盘
1062,14:24:42,7.08,0.01,4,2832,买盘
1063,14:24:52,7.08,0.0,10,7080,买盘
1064,14:24:58,7.07,-0.01,30,21210,卖盘
1065,14:25:10,7.07,0.0,37,26159,卖盘
1066,14:25:19,7.07,0.0,65,45955,卖盘
1067,14:25:21,7.08,0.01,8,5664,买盘
1068,14:25:51,7.08,0.0,2,1416,卖盘
1069,14:26:04,7.08,0.0,89,63012,卖盘
1070,14:26:07,7.09,0.01,108,76472,买盘
1071,14:26:22,7.07,-0.02,68,48079,卖盘
1072,14:26:28,7.07,0.0,10,7070,卖盘
1073,14:26:49,7.07,0.0,2,1414,卖盘
1074,14:27:15,7.08,0.01,2,1416,买盘
1075,14:27:34,7.07,-0.01,1,707,卖盘
1076,14:27:43,7.07,0.0,2,1089,卖盘
1077,14:27:52,7.05,-0.02,2,1410,卖盘
1078,14:27:54,7.08,0.03,20,14152,买盘
1079,14:28:16,7.08,0.0,17,12036,买盘
1080,14:28:19,7.05,-0.03,32,22580,卖盘
1081,14:29:04,7.05,0.0,67,47251,卖盘
1082,14:29:51,7.06,0.01,2,1412,卖盘
1083,14:29:55,7.05,-0.01,8,5643,卖盘
1084,14:30:09,7.06,0.01,45,31770,买盘
1085,14:30:19,7.05,-0.01,90,63465,卖盘
1086,14:30:22,7.05,0.0,15,10575,卖盘
1087,14:30:25,7.05,0.0,15,10575,卖盘
1088,14:30:28,7.05,0.0,85,59925,卖盘
1089,14:30:31,7.05,0.0,82,57810,卖盘
1090,14:31:22,7.07,0.02,2,1414,卖盘
1091,14:31:25,7.07,0.0,7,4949,卖盘
1092,14:31:28,7.06,-0.01,40,28241,卖盘
1093,14:31:52,7.08,0.02,3,2124,卖盘
1094,14:31:54,7.08,0.0,1,708,卖盘
1095,14:32:04,7.08,0.0,4,2832,卖盘
1096,14:32:15,7.06,-0.02,1,706,卖盘
1097,14:32:19,7.06,0.0,24,16944,卖盘
1098,14:32:22,7.08,0.02,18,12744,买盘
1099,14:32:25,7.06,-0.02,10,7064,卖盘
1100,14:32:46,7.08,0.02,82,58056,买盘
1101,14:32:52,7.08,0.0,2,1416,卖盘
1102,14:32:58,7.08,0.0,1,708,卖盘
1103,14:33:07,7.09,0.01,20,14180,买盘
1104,14:33:10,7.08,-0.01,15,10620,卖盘
1105,14:33:16,7.09,0.01,5,3545,买盘
1106,14:33:25,7.07,-0.02,2,1414,卖盘
1107,14:33:28,7.07,0.0,1,707,卖盘
1108,14:33:48,7.07,0.0,1,707,卖盘
1109,14:33:55,7.07,0.0,4,2828,卖盘
1110,14:33:58,7.07,0.0,1,707,卖盘
1111,14:34:01,7.08,0.01,40,28320,买盘
1112,14:34:07,7.07,-0.01,15,10605,卖盘
1113,14:34:10,7.07,0.0,16,11312,卖盘
1114,14:34:19,7.07,0.0,16,11312,买盘
1115,14:34:28,7.07,0.0,34,24038,卖盘
1116,14:34:31,7.07,0.0,7,4949,买盘
1117,14:34:34,7.07,0.0,50,35350,买盘
1118,14:35:01,7.06,-0.01,87,61427,卖盘
1119,14:35:12,7.07,0.01,3,2121,买盘
1120,14:35:24,7.07,0.0,1,707,卖盘
1121,14:35:28,7.07,0.0,2,1414,卖盘
1122,14:35:30,7.07,0.0,1,707,卖盘
1123,14:35:34,7.07,0.0,5,3535,卖盘
1124,14:35:52,7.07,0.0,2,1414,卖盘
1125,14:35:57,7.07,0.0,2,1414,卖盘
1126,14:36:00,7.07,0.0,1,707,卖盘
1127,14:36:04,7.08,0.01,100,70800,买盘
1128,14:36:16,7.07,-0.01,7,4949,卖盘
1129,14:36:19,7.08,0.01,1,708,买盘
1130,14:36:24,7.08,0.0,34,24072,买盘
1131,14:36:28,7.08,0.0,2,1416,卖盘
1132,14:36:34,7.08,0.0,1,708,卖盘
1133,14:36:46,7.09,0.01,100,70900,买盘
1134,14:36:55,7.09,0.0,33,23397,买盘
1135,14:36:58,7.08,-0.01,1,708,卖盘
1136,14:37:10,7.09,0.01,2,1418,买盘
1137,14:37:25,7.08,-0.01,10,7085,卖盘
1138,14:37:28,7.08,0.0,107,75756,卖盘
1139,14:37:34,7.08,0.0,6,4248,买盘
1140,14:37:39,7.09,0.01,112,79354,买盘
1141,14:37:49,7.08,-0.01,2,1416,卖盘
1142,14:37:52,7.08,0.0,1,708,卖盘
1143,14:37:54,7.08,0.0,1,708,卖盘
1144,14:38:12,7.09,0.01,20,14180,买盘
1145,14:38:16,7.08,-0.01,25,17700,卖盘
1146,14:38:43,7.08,0.0,16,11318,买盘
1147,14:38:54,7.07,-0.01,1,707,卖盘
1148,14:39:10,7.08,0.01,39,27583,买盘
1149,14:39:16,7.07,-0.01,5,3535,卖盘
1150,14:39:39,7.08,0.01,3,2124,买盘
1151,14:39:46,7.07,-0.01,4,2828,卖盘
1152,14:39:52,7.07,0.0,1,707,卖盘
1153,14:40:03,7.07,0.0,20,14140,卖盘
1154,14:40:06,7.07,0.0,1,707,卖盘
1155,14:40:10,7.07,0.0,20,14140,卖盘
1156,14:40:40,7.08,0.01,6,4248,买盘
1157,14:41:10,7.07,-0.01,81,57267,卖盘
1158,14:41:37,7.07,0.0,2,1414,卖盘
1159,14:41:39,7.07,0.0,1,707,卖盘
1160,14:41:55,7.07,0.0,2,1414,卖盘
1161,14:42:04,7.07,0.0,113,79891,卖盘
1162,14:42:10,7.07,0.0,9,6363,卖盘
1163,14:42:19,7.07,0.0,50,35350,卖盘
1164,14:42:28,7.07,0.0,10,7070,卖盘
1165,14:43:07,7.07,0.0,20,14140,卖盘
1166,14:43:12,7.07,0.0,1,707,卖盘
1167,14:43:55,7.07,0.0,1,707,卖盘
1168,14:44:01,7.07,0.0,5,3535,卖盘
1169,14:44:04,7.07,0.0,39,27573,卖盘
1170,14:44:16,7.08,0.01,87,61596,买盘
1171,14:44:30,7.07,-0.01,100,70700,卖盘
1172,14:44:36,7.08,0.01,2,1416,买盘
1173,14:44:43,7.07,-0.01,19,13443,卖盘
1174,14:44:46,7.07,0.0,1,707,卖盘
1175,14:44:49,7.08,0.01,23,16282,买盘
1176,14:44:52,7.08,0.0,30,21240,买盘
1177,14:44:58,7.07,-0.01,1,707,卖盘
1178,14:45:10,7.07,0.0,29,20503,卖盘
1179,14:45:34,7.08,0.01,15,10620,买盘
1180,14:45:37,7.08,0.0,18,12744,卖盘
1181,14:45:40,7.09,0.01,15,10625,买盘
1182,14:46:01,7.08,-0.01,18,12746,卖盘
1183,14:46:16,7.09,0.01,12,8498,买盘
1184,14:46:25,7.08,-0.01,19,13452,卖盘
1185,14:46:34,7.08,0.0,6,4248,买盘
1186,14:46:40,7.08,0.0,30,21240,买盘
1187,14:47:01,7.08,0.0,5,3540,卖盘
1188,14:47:04,7.09,0.01,2,1418,买盘
1189,14:47:10,7.08,-0.01,12,8496,卖盘
1190,14:47:21,7.09,0.01,2,1418,买盘
1191,14:47:25,7.08,-0.01,1,708,卖盘
1192,14:47:28,7.07,-0.01,190,134367,卖盘
1193,14:47:40,7.07,0.0,63,44541,买盘
1194,14:47:45,7.09,0.02,136,96748,买盘
1195,14:47:58,7.09,0.0,5,3545,卖盘
1196,14:48:04,7.1,0.01,2,1420,买盘
1197,14:48:06,7.11,0.01,22,15630,买盘
1198,14:48:15,7.12,0.01,2,1424,买盘
1199,14:48:19,7.12,0.0,15,10680,买盘
1200,14:48:25,7.1,-0.02,1,710,卖盘
1201,14:48:31,7.11,0.01,21,14931,买盘
1202,14:48:34,7.11,0.0,2,1422,买盘
1203,14:48:46,7.11,0.0,6,4266,买盘
1204,14:48:49,7.1,-0.01,29,20590,卖盘
1205,14:48:52,7.1,0.0,1,710,买盘
1206,14:49:01,7.1,0.0,2,1420,卖盘
1207,14:49:04,7.11,0.01,138,98118,买盘
1208,14:49:10,7.11,0.0,72,51263,中性盘
1209,14:49:13,7.11,0.0,2,1422,买盘
1210,14:49:25,7.11,0.0,22,15642,买盘
1211,14:49:36,7.11,0.0,3,2133,买盘
1212,14:49:40,7.11,0.0,23,16353,买盘
1213,14:49:52,7.11,0.0,2,1422,买盘
1214,14:50:04,7.11,0.0,2,1422,买盘
1215,14:50:07,7.1,-0.01,80,56800,卖盘
1216,14:50:16,7.1,0.0,88,62480,买盘
1217,14:50:22,7.09,-0.01,46,32614,卖盘
1218,14:50:40,7.1,0.01,15,10650,买盘
1219,14:50:43,7.09,-0.01,8,5672,卖盘
1220,14:50:45,7.1,0.01,61,43310,买盘
1221,14:50:49,7.1,0.0,2,1420,买盘
1222,14:50:55,7.1,0.0,10,7100,买盘
1223,14:51:01,7.09,-0.01,153,108477,卖盘
1224,14:51:04,7.09,0.0,2,1418,买盘
1225,14:51:16,7.09,0.0,30,21270,买盘
1226,14:51:19,7.09,0.0,102,72310,买盘
1227,14:51:22,7.07,-0.02,5,3535,卖盘
1228,14:51:28,7.07,0.0,2,1414,卖盘
1229,14:51:34,7.07,0.0,6,4244,卖盘
1230,14:51:49,7.07,0.0,5,3537,卖盘
1231,14:51:55,7.09,0.02,40,28360,买盘
1232,14:52:01,7.07,-0.02,110,77978,卖盘
1233,14:52:10,7.07,0.0,1,707,卖盘
1234,14:52:28,7.09,0.02,44,31196,买盘
1235,14:52:46,7.1,0.01,2,1420,买盘
1236,14:52:52,7.1,0.0,75,53250,买盘
1237,14:52:58,7.1,0.0,2,1420,买盘
1238,14:53:01,7.1,0.0,1,710,买盘
1239,14:53:12,7.1,0.0,3,2130,买盘
1240,14:53:19,7.11,0.01,6,4261,买盘
1241,14:53:25,7.11,0.0,2,1422,买盘
1242,14:53:31,7.09,-0.02,5,3549,卖盘
1243,14:53:40,7.09,0.0,7,4965,卖盘
1244,14:53:52,7.09,0.0,103,73027,卖盘
1245,14:53:58,7.09,0.0,1,709,买盘
1246,14:54:00,7.08,-0.01,5,3541,卖盘
1247,14:54:13,7.1,0.02,111,78810,买盘
1248,14:54:16,7.1,0.0,48,34080,卖盘
1249,14:54:22,7.1,0.0,2,1420,卖盘
1250,14:54:25,7.1,0.0,135,95850,卖盘
1251,14:54:31,7.09,-0.01,3,2127,卖盘
1252,14:54:40,7.09,0.0,28,19857,卖盘
1253,14:54:43,7.09,0.0,1,709,买盘
1254,14:54:46,7.09,0.0,19,13471,买盘
1255,14:54:52,7.1,0.01,20,14195,买盘
1256,14:54:55,7.09,-0.01,16,11344,卖盘
1257,14:54:58,7.09,0.0,7,4963,卖盘
1258,14:55:01,7.1,0.01,15,10650,买盘
1259,14:55:10,7.09,-0.01,30,21270,卖盘
1260,14:55:13,7.1,0.01,1,710,买盘
1261,14:55:16,7.09,-0.01,16,11344,卖盘
1262,14:55:22,7.1,0.01,2,1420,买盘
1263,14:55:31,7.09,-0.01,15,10635,卖盘
1264,14:55:34,7.1,0.01,2,1420,买盘
1265,14:55:40,7.1,0.0,10,7100,买盘
1266,14:55:43,7.1,0.0,37,26270,买盘
1267,14:55:49,7.1,0.0,2,1420,买盘
1268,14:56:05,7.1,0.0,62,44020,买盘
1269,14:56:07,7.1,0.0,63,44730,买盘
1270,14:56:16,7.09,-0.01,4,2839,卖盘
1271,14:56:25,7.1,0.01,10,7100,买盘
1272,14:56:28,7.1,0.0,24,17038,买盘
1273,14:56:34,7.09,-0.01,30,21272,卖盘
1274,14:56:49,7.1,0.01,11,7810,买盘
1275,14:56:52,7.1,0.0,6,4260,卖盘
1276,14:57:04,7.09,-0.01,100,70921,卖盘
1277,15:00:04,7.07,-0.02,1991,1407538,卖盘
