,time,price,change,volume,amount,type
0,09:25:04,3.49,0.0,354,123546,买盘
1,09:30:04,3.48,-0.01,54,18797,卖盘
2,09:30:06,3.48,0.0,1,348,买盘
3,09:30:12,3.48,0.0,2,696,买盘
4,09:30:24,3.47,-0.01,10,3470,卖盘
5,09:30:30,3.47,0.0,3,1041,卖盘
6,09:30:33,3.47,0.0,14,4871,卖盘
7,09:30:36,3.47,0.0,26,9028,卖盘
8,09:30:39,3.47,0.0,227,78784,卖盘
9,09:30:48,3.47,0.0,161,55867,卖盘
10,09:30:57,3.47,0.0,135,46845,卖盘
11,09:31:03,3.47,0.0,55,19085,买盘
12,09:31:06,3.46,-0.01,45,15591,卖盘
13,09:31:10,3.47,0.01,76,26372,买盘
14,09:31:12,3.47,0.0,13,4511,买盘
15,09:31:30,3.47,0.0,40,13880,卖盘
16,09:31:45,3.47,0.0,105,36435,卖盘
17,09:31:51,3.48,0.01,1,348,买盘
18,09:31:58,3.47,-0.01,60,20820,卖盘
19,09:32:15,3.48,0.01,30,10440,买盘
20,09:32:24,3.47,-0.01,10,3470,卖盘
21,09:32:34,3.48,0.01,14,4868,买盘
22,09:32:39,3.47,-0.01,10,3470,卖盘
23,09:32:57,3.47,0.0,100,34700,卖盘
24,09:33:00,3.47,0.0,279,96813,卖盘
25,09:33:09,3.46,-0.01,38,13148,卖盘
26,09:33:16,3.46,0.0,8,2768,卖盘
27,09:33:19,3.46,0.0,30,10380,卖盘
28,09:33:21,3.46,0.0,283,97918,卖盘
29,09:33:30,3.46,0.0,42,14532,卖盘
30,09:33:33,3.46,0.0,4,1384,卖盘
31,09:33:37,3.46,0.0,121,41866,卖盘
32,09:33:39,3.47,0.01,1,347,买盘
33,09:33:42,3.47,0.0,50,17350,买盘
34,09:33:48,3.47,0.0,143,49621,买盘
35,09:33:52,3.47,0.0,11,3817,买盘
36,09:33:54,3.47,0.0,250,86577,买盘
37,09:33:57,3.47,0.0,39,13533,买盘
38,09:34:00,3.47,0.0,804,278296,买盘
39,09:34:09,3.47,0.0,60,20820,买盘
40,09:34:12,3.46,-0.01,205,70935,卖盘
41,09:34:18,3.46,0.0,159,55014,卖盘
42,09:34:21,3.47,0.01,256,88832,买盘
43,09:34:27,3.47,0.0,12,4164,卖盘
44,09:34:33,3.47,0.0,15,5205,卖盘
45,09:34:39,3.47,0.0,50,17350,卖盘
46,09:34:43,3.47,0.0,30,10410,卖盘
47,09:35:06,3.47,0.0,71,24637,卖盘
48,09:35:09,3.47,0.0,3,1041,卖盘
49,09:35:15,3.47,0.0,50,17350,卖盘
50,09:35:18,3.47,0.0,66,22906,卖盘
51,09:35:21,3.47,0.0,14,4858,卖盘
52,09:35:24,3.47,0.0,2,694,卖盘
53,09:35:27,3.47,0.0,25,8675,卖盘
54,09:35:30,3.48,0.01,78,27076,买盘
55,09:35:33,3.47,-0.01,36,12492,卖盘
56,09:35:37,3.46,-0.01,107,37022,卖盘
57,09:35:39,3.46,0.0,224,77504,卖盘
58,09:35:42,3.46,0.0,50,17300,卖盘
59,09:35:45,3.46,0.0,754,260898,卖盘
60,09:35:48,3.46,0.0,52,17992,卖盘
61,09:35:51,3.45,-0.01,1131,390195,卖盘
62,09:35:55,3.45,0.0,54,18630,卖盘
63,09:35:57,3.45,0.0,42,14503,卖盘
64,09:36:01,3.45,0.0,9,3105,卖盘
65,09:36:03,3.45,0.0,73,25185,卖盘
66,09:36:06,3.45,0.0,20,6900,卖盘
67,09:36:10,3.45,0.0,20,6900,卖盘
68,09:36:15,3.45,0.0,16,5520,卖盘
69,09:36:21,3.45,0.0,7,2415,卖盘
70,09:36:24,3.45,0.0,130,44850,卖盘
71,09:36:27,3.45,0.0,100,34500,卖盘
72,09:36:30,3.45,0.0,231,79695,卖盘
73,09:36:37,3.45,0.0,17,5865,卖盘
74,09:36:39,3.45,0.0,13,4485,买盘
75,09:36:42,3.45,0.0,5,1725,卖盘
76,09:36:45,3.45,0.0,15,5175,买盘
77,09:36:51,3.45,0.0,80,27600,买盘
78,09:37:03,3.45,0.0,12,4140,买盘
79,09:37:06,3.45,0.0,29,9983,买盘
80,09:37:09,3.45,0.0,222,76590,买盘
81,09:37:15,3.45,0.0,60,20700,买盘
82,09:37:18,3.44,-0.01,72,24800,卖盘
83,09:37:21,3.45,0.01,13,4485,买盘
84,09:37:24,3.46,0.01,94,32455,买盘
85,09:37:34,3.45,-0.01,70,24150,卖盘
86,09:37:39,3.46,0.01,13,4498,买盘
87,09:37:42,3.46,0.0,3,1038,买盘
88,09:37:48,3.46,0.0,5,1730,买盘
89,09:38:06,3.45,-0.01,257,88665,卖盘
90,09:38:09,3.46,0.01,2,692,买盘
91,09:38:12,3.45,-0.01,10,3450,卖盘
92,09:38:16,3.45,0.0,25,8625,卖盘
93,09:38:22,3.45,0.0,5,1725,卖盘
94,09:38:24,3.45,0.0,10,3450,卖盘
95,09:38:27,3.46,0.01,35,12110,买盘
96,09:38:40,3.46,0.0,1,346,买盘
97,09:38:48,3.46,0.0,226,77980,买盘
98,09:39:03,3.45,-0.01,150,51750,卖盘
99,09:39:10,3.45,0.0,100,34500,卖盘
100,09:39:12,3.45,0.0,31,10695,卖盘
101,09:39:15,3.45,0.0,67,23115,卖盘
102,09:39:18,3.45,0.0,70,24150,买盘
103,09:39:25,3.45,0.0,50,17250,买盘
104,09:39:27,3.45,0.0,100,34500,买盘
105,09:39:31,3.45,0.0,1,345,买盘
106,09:39:34,3.45,0.0,30,10350,买盘
107,09:39:36,3.45,0.0,93,32085,买盘
108,09:39:39,3.45,0.0,14,4830,买盘
109,09:39:48,3.46,0.01,3,1038,买盘
110,09:40:04,3.45,-0.01,5,1725,卖盘
111,09:40:06,3.45,0.0,6,2070,卖盘
112,09:40:09,3.45,0.0,30,10350,卖盘
113,09:40:22,3.45,0.0,67,23115,卖盘
114,09:40:24,3.45,0.0,46,15870,买盘
115,09:40:33,3.45,0.0,12,4139,买盘
116,09:40:36,3.45,0.0,53,18246,买盘
117,09:40:39,3.45,0.0,1,345,买盘
118,09:40:51,3.45,0.0,1,345,买盘
119,09:40:54,3.45,0.0,6,2070,买盘
120,09:41:04,3.45,0.0,42,14450,买盘
121,09:41:06,3.45,0.0,40,13800,买盘
122,09:41:12,3.44,-0.01,129,44376,卖盘
123,09:41:16,3.45,0.01,1,345,买盘
124,09:41:19,3.45,0.0,20,6900,买盘
125,09:41:21,3.45,0.0,10,3450,买盘
126,09:41:27,3.44,-0.01,100,34400,卖盘
127,09:41:39,3.44,0.0,65,22360,卖盘
128,09:41:51,3.45,0.01,100,34440,买盘
129,09:41:54,3.45,0.0,47,16215,买盘
130,09:41:57,3.45,0.0,90,30988,买盘
131,09:42:00,3.44,-0.01,129,44405,卖盘
132,09:42:03,3.45,0.01,59,20325,买盘
133,09:42:07,3.45,0.0,106,36570,买盘
134,09:42:09,3.45,0.0,7,2415,买盘
135,09:42:12,3.45,0.0,36,12420,买盘
136,09:42:15,3.45,0.0,51,17595,买盘
137,09:42:18,3.45,0.0,53,18285,买盘
138,09:42:21,3.45,0.0,21,7245,买盘
139,09:42:24,3.45,0.0,14,4830,买盘
140,09:42:30,3.45,0.0,137,47265,买盘
141,09:42:36,3.45,0.0,61,21045,买盘
142,09:42:45,3.45,0.0,115,39675,买盘
143,09:42:48,3.45,0.0,44,15180,买盘
144,09:42:51,3.45,0.0,8,2760,买盘
145,09:42:54,3.45,0.0,32,11040,买盘
146,09:42:57,3.45,0.0,10,3450,买盘
147,09:43:01,3.45,0.0,50,17250,买盘
148,09:43:04,3.45,0.0,4,1380,买盘
149,09:43:06,3.45,0.0,5,1725,买盘
150,09:43:09,3.45,0.0,82,28290,买盘
151,09:43:12,3.45,0.0,110,37950,买盘
152,09:43:15,3.45,0.0,67,23115,买盘
153,09:43:18,3.45,0.0,71,24495,买盘
154,09:43:21,3.45,0.0,385,132825,买盘
155,09:43:24,3.45,0.0,10,3450,卖盘
156,09:43:28,3.46,0.01,26,8996,买盘
157,09:43:30,3.46,0.0,30,10380,买盘
158,09:43:33,3.45,-0.01,30,10350,卖盘
159,09:43:45,3.45,0.0,27,9315,卖盘
160,09:43:51,3.45,0.0,35,12075,卖盘
161,09:44:16,3.46,0.01,6,2076,买盘
162,09:44:18,3.45,-0.01,99,34155,卖盘
163,09:44:33,3.46,0.01,2,692,买盘
164,09:44:36,3.46,0.0,20,6920,买盘
165,09:44:46,3.45,-0.01,500,172500,卖盘
166,09:44:54,3.45,0.0,10,3450,卖盘
167,09:45:03,3.46,0.01,6,2076,买盘
168,09:45:10,3.45,-0.01,3,1035,卖盘
169,09:45:12,3.45,0.0,19,6555,卖盘
170,09:45:16,3.45,0.0,10,3450,卖盘
171,09:45:24,3.46,0.01,20,6920,买盘
172,09:45:27,3.46,0.0,10,3460,买盘
173,09:45:31,3.45,-0.01,13,4485,卖盘
174,09:45:33,3.46,0.01,5,1730,买盘
175,09:45:37,3.46,0.0,1,346,买盘
176,09:45:58,3.46,0.0,10,3460,买盘
177,09:46:04,3.45,-0.01,560,193200,卖盘
178,09:46:24,3.45,0.0,33,11385,卖盘
179,09:46:33,3.45,0.0,20,6900,卖盘
180,09:46:39,3.45,0.0,171,59002,卖盘
181,09:46:48,3.45,0.0,23,7935,卖盘
182,09:46:51,3.46,0.01,4,1384,买盘
183,09:47:09,3.45,-0.01,215,74175,卖盘
184,09:47:18,3.45,0.0,50,17250,卖盘
185,09:47:33,3.46,0.01,2,692,买盘
186,09:47:42,3.45,-0.01,23,7935,卖盘
187,09:47:57,3.46,0.01,21,7266,买盘
188,09:48:19,3.45,-0.01,1,345,卖盘
189,09:48:30,3.46,0.01,130,44870,买盘
190,09:48:40,3.46,0.0,110,38060,买盘
191,09:48:43,3.46,0.0,37,12802,买盘
192,09:48:51,3.46,0.0,111,38403,买盘
193,09:48:54,3.46,0.0,13,4498,买盘
194,09:48:57,3.46,0.0,23,7958,买盘
195,09:49:00,3.46,0.0,1,346,买盘
196,09:49:06,3.45,-0.01,36,12430,卖盘
197,09:49:21,3.46,0.01,17,5882,买盘
198,09:49:48,3.46,0.0,3,1038,买盘
199,09:49:51,3.46,0.0,24,8304,买盘
200,09:49:54,3.46,0.0,49,16954,买盘
201,09:50:03,3.46,0.0,30,10380,买盘
202,09:50:09,3.46,0.0,213,73608,买盘
203,09:50:12,3.46,0.0,282,97546,买盘
204,09:50:21,3.46,0.0,167,57782,买盘
205,09:50:24,3.46,0.0,330,114180,买盘
206,09:50:27,3.46,0.0,28,9688,买盘
207,09:50:31,3.46,0.0,101,34946,买盘
208,09:50:33,3.46,0.0,46,15879,买盘
209,09:50:36,3.46,0.0,51,17646,买盘
210,09:50:39,3.46,0.0,432,149472,买盘
211,09:50:42,3.47,0.01,1869,648543,买盘
212,09:50:45,3.47,0.0,71,24637,买盘
213,09:50:48,3.47,0.0,20,6940,买盘
214,09:50:52,3.46,-0.01,4,1384,卖盘
215,09:50:57,3.47,0.01,100,34700,买盘
216,09:51:00,3.47,0.0,3,1041,买盘
217,09:51:12,3.47,0.0,70,24290,买盘
218,09:51:19,3.47,0.0,28,9710,买盘
219,09:51:21,3.47,0.0,401,138747,买盘
220,09:51:27,3.47,0.0,20,6940,买盘
221,09:51:33,3.47,0.0,50,17350,买盘
222,09:51:42,3.47,0.0,320,111040,买盘
223,09:51:45,3.47,0.0,154,53438,买盘
224,09:52:09,3.47,0.0,60,20820,买盘
225,09:52:12,3.47,0.0,10,3470,买盘
226,09:52:16,3.47,0.0,23,7981,买盘
227,09:52:52,3.46,-0.01,14,4854,卖盘
228,09:53:04,3.46,0.0,100,34600,卖盘
229,09:53:12,3.47,0.01,1,347,买盘
230,09:53:15,3.47,0.0,200,69400,买盘
231,09:53:33,3.47,0.0,2,694,买盘
232,09:53:40,3.47,0.0,31,10757,买盘
233,09:53:57,3.46,-0.01,1,346,卖盘
234,09:54:06,3.47,0.01,19,6593,买盘
235,09:54:12,3.46,-0.01,175,60550,卖盘
236,09:54:15,3.46,0.0,17,5882,卖盘
237,09:54:21,3.47,0.01,150,52050,买盘
238,09:54:24,3.47,0.0,10,3470,买盘
239,09:54:30,3.47,0.0,1,347,买盘
240,09:54:33,3.46,-0.01,130,44980,卖盘
241,09:55:09,3.47,0.01,18,6246,买盘
242,09:55:12,3.46,-0.01,64,22144,卖盘
243,09:55:21,3.46,0.0,10,3460,卖盘
244,09:55:31,3.47,0.01,50,17350,买盘
245,09:55:33,3.47,0.0,21,7287,买盘
246,09:55:36,3.47,0.0,44,15268,买盘
247,09:55:42,3.47,0.0,22,7634,买盘
248,09:55:54,3.47,0.0,8,2776,买盘
249,09:55:57,3.47,0.0,173,60031,买盘
250,09:56:04,3.47,0.0,7,2429,买盘
251,09:56:12,3.47,0.0,1,347,买盘
252,09:56:18,3.46,-0.01,4,1384,卖盘
253,09:56:36,3.47,0.01,3,1041,买盘
254,09:56:40,3.46,-0.01,3,1038,卖盘
255,09:56:46,3.46,0.0,59,20414,卖盘
256,09:56:51,3.47,0.01,728,252616,买盘
257,09:56:54,3.47,0.0,102,35394,卖盘
258,09:57:39,3.47,0.0,8,2776,卖盘
259,09:57:54,3.47,0.0,163,56561,卖盘
260,09:58:37,3.48,0.01,8,2784,买盘
261,09:58:45,3.47,-0.01,10,3470,卖盘
262,09:59:09,3.48,0.01,21,7308,买盘
263,09:59:21,3.47,-0.01,39,13539,卖盘
264,09:59:39,3.48,0.01,300,104400,买盘
265,09:59:57,3.48,0.0,60,20880,买盘
266,10:00:06,3.48,0.0,5,1740,买盘
267,10:00:09,3.48,0.0,356,123888,买盘
268,10:00:12,3.48,0.0,29,10092,买盘
269,10:00:15,3.48,0.0,12,4176,买盘
270,10:00:18,3.48,0.0,66,22968,买盘
271,10:00:21,3.48,0.0,3,1044,买盘
272,10:00:24,3.48,0.0,2,696,买盘
273,10:00:30,3.48,0.0,18,6264,卖盘
274,10:00:51,3.48,0.0,13,4524,买盘
275,10:01:09,3.48,0.0,57,19836,买盘
276,10:01:21,3.48,0.0,68,23664,买盘
277,10:01:24,3.48,0.0,77,26796,买盘
278,10:01:39,3.48,0.0,23,8004,买盘
279,10:01:42,3.48,0.0,108,37584,买盘
280,10:01:45,3.48,0.0,106,36888,买盘
281,10:01:49,3.48,0.0,6,2088,买盘
282,10:01:52,3.48,0.0,23,8004,买盘
283,10:01:55,3.48,0.0,6,2088,买盘
284,10:01:58,3.48,0.0,13,4524,买盘
285,10:02:01,3.48,0.0,7,2436,买盘
286,10:02:04,3.48,0.0,118,41064,买盘
287,10:02:06,3.48,0.0,21,7308,买盘
288,10:02:18,3.48,0.0,20,6977,卖盘
289,10:02:24,3.48,0.0,32,11136,卖盘
290,10:03:09,3.48,0.0,20,6960,卖盘
291,10:03:30,3.48,0.0,10,3480,卖盘
292,10:03:42,3.49,0.01,1,349,买盘
293,10:03:51,3.49,0.0,15,5235,买盘
294,10:04:15,3.48,-0.01,1,348,卖盘
295,10:04:40,3.49,0.01,15,5235,买盘
296,10:04:48,3.49,0.0,43,15007,买盘
297,10:05:04,3.49,0.0,16,5584,买盘
298,10:05:15,3.48,-0.01,50,17400,卖盘
299,10:05:33,3.48,0.0,323,112404,卖盘
300,10:05:39,3.48,0.0,58,20184,卖盘
301,10:05:45,3.48,0.0,57,19836,卖盘
302,10:05:54,3.48,0.0,37,12876,卖盘
303,10:06:21,3.49,0.01,15,5235,买盘
304,10:06:27,3.48,-0.01,122,42456,卖盘
305,10:06:57,3.47,-0.01,98,34006,卖盘
306,10:07:18,3.48,0.01,5,1740,买盘
307,10:07:33,3.47,-0.01,40,13880,卖盘
308,10:07:36,3.47,0.0,174,60382,卖盘
309,10:07:46,3.48,0.01,11,3828,买盘
310,10:08:01,3.48,0.0,1,348,买盘
311,10:08:27,3.48,0.0,24,8330,买盘
312,10:08:39,3.47,-0.01,61,21167,卖盘
313,10:08:58,3.48,0.01,6,2088,买盘
314,10:09:10,3.47,-0.01,8,2776,卖盘
315,10:09:24,3.47,0.0,71,24637,卖盘
316,10:10:00,3.47,0.0,16,5552,卖盘
317,10:10:27,3.47,0.0,443,153721,卖盘
318,10:10:45,3.47,0.0,71,24637,卖盘
319,10:11:00,3.47,0.0,5,1735,买盘
320,10:11:12,3.46,-0.01,10,3460,卖盘
321,10:11:21,3.47,0.01,2,694,买盘
322,10:11:42,3.47,0.0,50,17350,买盘
323,10:11:46,3.47,0.0,103,35741,买盘
324,10:11:48,3.47,0.0,21,7287,买盘
325,10:11:52,3.47,0.0,3,1041,卖盘
326,10:11:55,3.46,-0.01,13,4504,卖盘
327,10:11:57,3.47,0.01,8,2776,买盘
328,10:12:01,3.46,-0.01,40,13857,卖盘
329,10:12:07,3.47,0.01,1,347,买盘
330,10:12:12,3.47,0.0,5,1735,卖盘
331,10:12:42,3.47,0.0,3,1041,买盘
332,10:12:45,3.47,0.0,7,2429,买盘
333,10:13:27,3.47,0.0,13,4511,买盘
334,10:13:30,3.47,0.0,78,27066,买盘
335,10:13:33,3.47,0.0,8,2776,买盘
336,10:13:43,3.48,0.01,8,2784,买盘
337,10:13:54,3.48,0.0,20,6960,买盘
338,10:14:07,3.47,-0.01,16,5552,卖盘
339,10:14:09,3.47,0.0,20,6940,卖盘
340,10:14:24,3.47,0.0,7,2429,卖盘
341,10:14:43,3.47,0.0,37,12839,卖盘
342,10:14:49,3.47,0.0,100,34700,卖盘
343,10:15:03,3.47,0.0,27,9369,卖盘
344,10:15:21,3.46,-0.01,10,3460,卖盘
345,10:16:06,3.46,0.0,30,10380,卖盘
346,10:16:27,3.46,0.0,3,1038,卖盘
347,10:17:00,3.46,0.0,76,26296,卖盘
348,10:17:27,3.46,0.0,30,10380,卖盘
349,10:17:39,3.46,0.0,160,55360,卖盘
350,10:17:48,3.47,0.01,4,1388,买盘
351,10:18:36,3.47,0.0,1,347,买盘
352,10:18:51,3.47,0.0,5,1735,买盘
353,10:18:57,3.47,0.0,2,694,买盘
354,10:19:36,3.47,0.0,31,10731,买盘
355,10:19:52,3.46,-0.01,7,2422,卖盘
356,10:19:55,3.46,0.0,5,1730,卖盘
357,10:20:12,3.46,0.0,4,1384,卖盘
358,10:20:46,3.46,0.0,4,1384,卖盘
359,10:20:51,3.46,0.0,88,30448,卖盘
360,10:21:01,3.46,0.0,28,9688,卖盘
361,10:21:16,3.46,0.0,10,3460,卖盘
362,10:21:34,3.46,0.0,8,2768,卖盘
363,10:21:46,3.46,0.0,1000,346000,卖盘
364,10:21:48,3.46,0.0,145,50170,卖盘
365,10:21:51,3.46,0.0,3,1038,卖盘
366,10:21:57,3.46,0.0,800,276800,卖盘
367,10:22:00,3.46,0.0,3,1038,卖盘
368,10:22:04,3.46,0.0,3,1038,卖盘
369,10:22:06,3.46,0.0,12,4152,买盘
370,10:22:24,3.46,0.0,3,1038,买盘
371,10:22:49,3.45,-0.01,104,35880,卖盘
372,10:22:51,3.45,0.0,117,40382,卖盘
373,10:22:54,3.45,0.0,13,4485,卖盘
374,10:23:06,3.46,0.01,1,346,买盘
375,10:23:18,3.45,-0.01,600,207000,卖盘
376,10:23:30,3.46,0.01,116,40136,买盘
377,10:23:42,3.46,0.0,596,206216,买盘
378,10:23:45,3.46,0.0,4,1384,卖盘
379,10:23:48,3.46,0.0,17,5882,卖盘
380,10:23:54,3.46,0.0,8,2768,卖盘
381,10:24:30,3.47,0.01,22,7632,买盘
382,10:24:48,3.47,0.0,1,347,买盘
383,10:24:52,3.46,-0.01,327,113142,卖盘
384,10:25:12,3.47,0.01,32,11094,买盘
385,10:25:31,3.47,0.0,22,7634,买盘
386,10:25:51,3.47,0.0,1,347,买盘
387,10:25:55,3.47,0.0,39,13526,买盘
388,10:26:06,3.47,0.0,130,45110,买盘
389,10:26:18,3.47,0.0,13,4511,买盘
390,10:26:24,3.47,0.0,1,347,买盘
391,10:26:27,3.46,-0.01,10,3460,卖盘
392,10:27:00,3.46,0.0,60,20760,卖盘
393,10:27:09,3.47,0.01,50,17350,买盘
394,10:27:30,3.47,0.0,30,10410,买盘
395,10:28:18,3.47,0.0,10,3470,买盘
396,10:28:39,3.46,-0.01,12,4152,卖盘
397,10:30:30,3.46,0.0,22,7612,卖盘
398,10:30:42,3.46,0.0,119,41174,卖盘
399,10:30:45,3.46,0.0,8,2768,卖盘
400,10:31:06,3.46,0.0,4,1384,卖盘
401,10:31:18,3.46,0.0,125,43250,卖盘
402,10:31:37,3.46,0.0,31,10726,卖盘
403,10:31:48,3.46,0.0,31,10726,卖盘
404,10:31:54,3.46,0.0,28,9688,卖盘
405,10:32:09,3.46,0.0,3,1038,卖盘
406,10:32:12,3.47,0.01,1,347,买盘
407,10:32:24,3.46,-0.01,50,17300,卖盘
408,10:32:27,3.47,0.01,30,10410,买盘
409,10:32:39,3.46,-0.01,15,5190,卖盘
410,10:32:51,3.47,0.01,5,1735,买盘
411,10:32:57,3.46,-0.01,198,68508,卖盘
412,10:33:04,3.46,0.0,60,20760,卖盘
413,10:33:06,3.46,0.0,17,5882,卖盘
414,10:33:13,3.46,0.0,9,3114,卖盘
415,10:33:18,3.46,0.0,13,4498,买盘
416,10:33:22,3.45,-0.01,10,3459,卖盘
417,10:34:00,3.46,0.01,13,4498,买盘
418,10:34:09,3.45,-0.01,2,690,卖盘
419,10:34:24,3.45,0.0,21,7245,卖盘
420,10:34:39,3.45,0.0,10,3450,卖盘
421,10:34:51,3.45,0.0,11,3796,卖盘
422,10:35:00,3.46,0.01,1,346,买盘
423,10:35:33,3.45,-0.01,1968,678972,卖盘
424,10:35:42,3.46,0.01,7,2422,买盘
425,10:35:45,3.46,0.0,39,13494,买盘
426,10:35:55,3.46,0.0,43,14878,买盘
427,10:36:48,3.45,-0.01,134,46230,卖盘
428,10:37:06,3.45,0.0,1,345,卖盘
429,10:37:18,3.45,0.0,99,34155,卖盘
430,10:37:30,3.45,0.0,100,34500,卖盘
431,10:37:33,3.45,0.0,80,27600,卖盘
432,10:37:36,3.45,0.0,541,186645,卖盘
433,10:37:39,3.45,0.0,5,1725,买盘
434,10:37:45,3.45,0.0,52,17940,买盘
435,10:38:00,3.44,-0.01,31,10664,卖盘
436,10:38:04,3.45,0.01,42,14490,买盘
437,10:38:10,3.45,0.0,23,7935,买盘
438,10:38:12,3.44,-0.01,137,47245,卖盘
439,10:38:16,3.45,0.01,26,8970,买盘
440,10:38:18,3.45,0.0,2,690,买盘
441,10:38:21,3.45,0.0,100,34500,买盘
442,10:38:24,3.45,0.0,33,11385,买盘
443,10:38:27,3.45,0.0,85,29325,买盘
444,10:38:30,3.45,0.0,8,2760,买盘
445,10:38:33,3.45,0.0,174,60030,买盘
446,10:38:39,3.46,0.01,15,5190,买盘
447,10:38:42,3.45,-0.01,1,345,卖盘
448,10:38:57,3.46,0.01,16,5536,买盘
449,10:39:04,3.46,0.0,18,6228,买盘
450,10:39:09,3.45,-0.01,13,4485,卖盘
451,10:39:22,3.45,0.0,16,5520,卖盘
452,10:39:28,3.46,0.01,5,1730,买盘
453,10:39:39,3.46,0.0,1,346,买盘
454,10:39:45,3.46,0.0,9,3114,买盘
455,10:39:54,3.45,-0.01,2,690,卖盘
456,10:40:33,3.46,0.01,20,6920,买盘
457,10:41:06,3.46,0.0,21,7266,买盘
458,10:41:21,3.45,-0.01,25,8625,卖盘
459,10:42:06,3.45,0.0,120,41400,卖盘
460,10:42:15,3.45,0.0,10,3450,卖盘
461,10:42:21,3.45,0.0,10,3450,卖盘
462,10:42:48,3.45,0.0,100,34500,卖盘
463,10:42:54,3.45,0.0,112,38640,卖盘
464,10:43:33,3.46,0.01,10,3460,买盘
465,10:43:36,3.45,-0.01,50,17250,卖盘
466,10:43:42,3.45,0.0,100,34500,卖盘
467,10:43:45,3.45,0.0,3,1035,卖盘
468,10:44:27,3.45,0.0,240,82800,卖盘
469,10:44:33,3.45,0.0,100,34500,卖盘
470,10:44:36,3.46,0.01,3,1038,买盘
471,10:44:42,3.45,-0.01,2,690,卖盘
472,10:44:46,3.46,0.01,13,4498,买盘
473,10:44:49,3.46,0.0,12,4152,买盘
474,10:44:58,3.45,-0.01,211,72795,卖盘
475,10:45:00,3.45,0.0,18,6210,买盘
476,10:45:04,3.46,0.01,13,4498,买盘
477,10:45:18,3.45,-0.01,16,5520,卖盘
478,10:45:51,3.45,0.0,30,10350,卖盘
479,10:46:30,3.45,0.0,5,1725,卖盘
480,10:46:33,3.45,0.0,65,22425,卖盘
481,10:46:42,3.46,0.01,100,34600,买盘
482,10:46:45,3.45,-0.01,109,37605,卖盘
483,10:47:06,3.44,-0.01,1022,351568,卖盘
484,10:47:09,3.45,0.01,6,2070,买盘
485,10:47:18,3.44,-0.01,98,33800,卖盘
486,10:47:27,3.44,0.0,22,7568,卖盘
487,10:47:39,3.45,0.01,38,13110,买盘
488,10:47:48,3.45,0.0,24,8280,卖盘
489,10:47:51,3.45,0.0,6,2070,买盘
490,10:48:00,3.45,0.0,3,1035,卖盘
491,10:48:06,3.45,0.0,2,690,卖盘
492,10:48:09,3.45,0.0,1,345,买盘
493,10:49:06,3.46,0.01,1,346,买盘
494,10:49:21,3.46,0.0,124,42904,买盘
495,10:49:27,3.46,0.0,5,1730,买盘
496,10:49:34,3.46,0.0,26,8996,买盘
497,10:49:48,3.45,-0.01,3,1035,卖盘
498,10:50:24,3.46,0.01,50,17300,买盘
499,10:50:51,3.46,0.0,2,692,买盘
500,10:51:21,3.45,-0.01,3,1035,卖盘
501,10:51:39,3.45,0.0,24,8280,卖盘
502,10:51:57,3.45,0.0,100,34500,卖盘
503,10:52:42,3.46,0.01,5,1730,买盘
504,10:52:45,3.46,0.0,2,692,买盘
505,10:53:03,3.45,-0.01,1038,358110,卖盘
506,10:53:42,3.46,0.01,10,3460,买盘
507,10:53:45,3.45,-0.01,1,345,卖盘
508,10:54:16,3.46,0.01,15,5190,买盘
509,10:55:18,3.46,0.0,100,34600,买盘
510,10:55:27,3.45,-0.01,1257,433665,卖盘
511,10:56:09,3.45,0.0,9,3105,买盘
512,10:56:34,3.45,0.0,5,1725,买盘
513,10:57:09,3.44,-0.01,100,34400,卖盘
514,10:57:21,3.45,0.01,6,2070,买盘
515,10:57:24,3.45,0.0,60,20700,买盘
516,10:57:30,3.45,0.0,35,12075,买盘
517,10:57:36,3.45,0.0,1,345,买盘
518,10:57:45,3.45,0.0,65,22425,买盘
519,10:58:21,3.45,0.0,67,23115,买盘
520,10:58:24,3.45,0.0,66,22770,买盘
521,10:58:30,3.45,0.0,60,20700,卖盘
522,10:59:21,3.46,0.01,2,692,买盘
523,11:00:24,3.45,-0.01,2,690,卖盘
524,11:00:42,3.45,0.0,10,3450,卖盘
525,11:00:51,3.45,0.0,16,5520,卖盘
526,11:00:54,3.45,0.0,12,4140,卖盘
527,11:01:24,3.46,0.01,14,4840,买盘
528,11:01:57,3.45,-0.01,23,7935,卖盘
529,11:02:24,3.45,0.0,23,7935,卖盘
530,11:02:33,3.45,0.0,6,2070,卖盘
531,11:02:36,3.46,0.01,1,346,买盘
532,11:02:45,3.45,-0.01,13,4485,卖盘
533,11:02:54,3.45,0.0,36,12420,卖盘
534,11:03:30,3.45,0.0,30,10350,卖盘
535,11:03:42,3.45,0.0,10,3450,卖盘
536,11:03:51,3.45,0.0,5,1725,卖盘
537,11:04:03,3.45,0.0,18,6210,卖盘
538,11:04:49,3.45,0.0,73,25185,卖盘
539,11:05:09,3.46,0.01,3,1038,买盘
540,11:06:03,3.45,-0.01,5,1725,卖盘
541,11:06:34,3.45,0.0,82,28290,卖盘
542,11:06:42,3.46,0.01,100,34600,买盘
543,11:06:51,3.45,-0.01,60,20700,卖盘
544,11:07:00,3.45,0.0,40,13800,卖盘
545,11:07:12,3.45,0.0,30,10350,卖盘
546,11:07:18,3.44,-0.01,600,206436,卖盘
547,11:07:27,3.45,0.01,10,3450,卖盘
548,11:07:30,3.45,0.0,8,2760,买盘
549,11:07:36,3.45,0.0,10,3450,买盘
550,11:07:51,3.44,-0.01,100,34400,卖盘
551,11:08:01,3.45,0.01,14,4830,买盘
552,11:08:12,3.44,-0.01,100,34401,卖盘
553,11:08:30,3.45,0.01,7,2415,卖盘
554,11:08:33,3.45,0.0,11,3795,买盘
555,11:09:21,3.45,0.0,200,69000,买盘
556,11:09:24,3.45,0.0,48,16560,买盘
557,11:09:27,3.45,0.0,1,345,买盘
558,11:09:48,3.44,-0.01,20,6880,卖盘
559,11:09:54,3.44,0.0,433,148952,卖盘
560,11:10:00,3.45,0.01,6,2070,买盘
561,11:10:36,3.45,0.0,20,6900,买盘
562,11:10:49,3.45,0.0,5,1725,买盘
563,11:11:15,3.45,0.0,199,68655,买盘
564,11:11:21,3.45,0.0,1,345,卖盘
565,11:11:51,3.44,-0.01,13,4472,卖盘
566,11:12:48,3.44,0.0,200,68800,卖盘
567,11:13:54,3.44,0.0,158,54352,卖盘
568,11:14:09,3.44,0.0,11,3784,卖盘
569,11:14:21,3.45,0.01,10,3450,买盘
570,11:14:24,3.44,-0.01,493,169592,卖盘
571,11:14:30,3.45,0.01,121,41745,买盘
572,11:14:33,3.45,0.0,79,27255,卖盘
573,11:14:45,3.45,0.0,32,11040,卖盘
574,11:14:52,3.45,0.0,575,198375,卖盘
575,11:14:54,3.45,0.0,5,1725,卖盘
576,11:15:04,3.45,0.0,28,9660,卖盘
577,11:15:12,3.45,0.0,224,77280,卖盘
578,11:15:37,3.44,-0.01,2,688,卖盘
579,11:15:54,3.45,0.01,4,1380,买盘
580,11:16:33,3.44,-0.01,400,137600,卖盘
581,11:16:45,3.45,0.01,232,80040,买盘
582,11:16:51,3.45,0.0,10,3450,卖盘
583,11:17:01,3.45,0.0,42,14490,卖盘
584,11:17:09,3.44,-0.01,30,10320,卖盘
585,11:17:24,3.44,0.0,1067,367048,卖盘
586,11:17:27,3.44,0.0,22,7568,卖盘
587,11:17:46,3.44,0.0,394,135536,卖盘
588,11:17:52,3.44,0.0,50,17200,卖盘
589,11:18:00,3.44,0.0,10,3440,卖盘
590,11:18:03,3.45,0.01,8,2760,买盘
591,11:18:42,3.45,0.0,2,690,买盘
592,11:18:57,3.45,0.0,30,10350,买盘
593,11:19:00,3.44,-0.01,30,10320,卖盘
594,11:19:12,3.44,0.0,100,34400,卖盘
595,11:19:16,3.44,0.0,9,3096,卖盘
596,11:19:18,3.45,0.01,2,690,买盘
597,11:19:24,3.44,-0.01,35,12040,卖盘
598,11:19:27,3.44,0.0,179,61576,卖盘
599,11:19:33,3.44,0.0,100,34400,卖盘
600,11:19:43,3.44,0.0,14,4816,卖盘
601,11:19:45,3.44,0.0,14,4816,卖盘
602,11:19:48,3.44,0.0,3,1032,卖盘
603,11:20:12,3.44,0.0,13,4472,卖盘
604,11:20:30,3.44,0.0,10,3440,卖盘
605,11:20:42,3.45,0.01,1,345,买盘
606,11:21:12,3.44,-0.01,8,2752,卖盘
607,11:22:30,3.45,0.01,48,16560,买盘
608,11:22:33,3.45,0.0,1,345,买盘
609,11:22:36,3.44,-0.01,27,9288,卖盘
610,11:22:45,3.44,0.0,5,1720,卖盘
611,11:22:52,3.45,0.01,41,14145,买盘
612,11:23:15,3.44,-0.01,500,172000,卖盘
613,11:23:24,3.44,0.0,20,6880,卖盘
614,11:23:42,3.44,0.0,102,35088,卖盘
615,11:24:12,3.44,0.0,469,161336,卖盘
616,11:24:16,3.44,0.0,58,19952,买盘
617,11:24:25,3.43,-0.01,15,5145,卖盘
618,11:24:27,3.44,0.01,11,3784,买盘
619,11:24:30,3.44,0.0,182,62588,买盘
620,11:24:34,3.43,-0.01,85,29155,卖盘
621,11:24:37,3.43,0.0,917,314531,卖盘
622,11:24:54,3.44,0.01,85,29240,买盘
623,11:24:57,3.44,0.0,1,344,买盘
624,11:25:01,3.43,-0.01,100,34300,卖盘
625,11:25:19,3.44,0.01,1,344,买盘
626,11:26:03,3.44,0.0,227,78088,买盘
627,11:26:06,3.44,0.0,10,3440,买盘
628,11:27:04,3.44,0.0,20,6880,买盘
629,11:27:09,3.43,-0.01,7,2401,卖盘
630,11:27:36,3.44,0.01,5,1720,买盘
631,11:28:06,3.44,0.0,85,29240,买盘
632,11:28:18,3.44,0.0,2,688,卖盘
633,11:28:24,3.44,0.0,18,6192,卖盘
634,11:28:30,3.44,0.0,127,43688,卖盘
635,11:28:40,3.44,0.0,15,5160,买盘
636,11:28:48,3.44,0.0,2,688,买盘
637,11:29:00,3.44,0.0,10,3440,买盘
638,11:29:21,3.44,0.0,48,16512,买盘
639,11:29:42,3.44,0.0,43,14792,卖盘
640,11:30:00,3.44,0.0,1,344,卖盘
641,13:00:04,3.44,0.0,173,59532,卖盘
642,13:00:06,3.45,0.01,5,1725,买盘
643,13:00:30,3.44,-0.01,3,1032,卖盘
644,13:01:00,3.44,0.0,100,34400,卖盘
645,13:03:03,3.45,0.01,11,3794,买盘
646,13:03:18,3.45,0.0,50,17250,买盘
647,13:03:21,3.44,-0.01,50,17200,卖盘
648,13:04:00,3.44,0.0,5,1720,卖盘
649,13:04:21,3.44,0.0,10,3440,卖盘
650,13:04:52,3.44,0.0,5,1720,卖盘
651,13:05:04,3.44,0.0,22,7568,卖盘
652,13:05:09,3.44,0.0,50,17200,卖盘
653,13:05:18,3.44,0.0,43,14792,卖盘
654,13:05:21,3.44,0.0,400,137600,卖盘
655,13:05:30,3.44,0.0,74,25456,卖盘
656,13:05:36,3.44,0.0,7,2408,买盘
657,13:05:48,3.43,-0.01,11,3783,卖盘
658,13:06:09,3.43,0.0,1,343,卖盘
659,13:06:54,3.43,0.0,200,68600,卖盘
660,13:06:57,3.43,0.0,135,46321,卖盘
661,13:07:03,3.44,0.01,13,4472,买盘
662,13:07:06,3.44,0.0,7,2408,买盘
663,13:07:18,3.43,-0.01,10,3430,卖盘
664,13:07:31,3.44,0.01,8,2752,买盘
665,13:08:12,3.43,-0.01,14,4802,卖盘
666,13:08:27,3.43,0.0,100,34300,卖盘
667,13:08:30,3.43,0.0,31,10633,卖盘
668,13:08:39,3.44,0.01,50,17200,买盘
669,13:08:42,3.43,-0.01,10,3430,卖盘
670,13:08:48,3.43,0.0,586,200998,卖盘
671,13:08:57,3.43,0.0,164,56252,卖盘
672,13:09:24,3.43,0.0,311,106673,卖盘
673,13:09:27,3.43,0.0,115,39445,卖盘
674,13:10:04,3.43,0.0,22,7546,卖盘
675,13:10:16,3.43,0.0,101,34644,卖盘
676,13:10:18,3.43,0.0,61,20923,卖盘
677,13:10:21,3.43,0.0,7,2401,买盘
678,13:10:30,3.43,0.0,7,2401,卖盘
679,13:10:33,3.43,0.0,70,24010,卖盘
680,13:10:54,3.43,0.0,55,18865,买盘
681,13:11:01,3.43,0.0,215,73535,买盘
682,13:11:04,3.43,0.0,2,686,买盘
683,13:11:27,3.43,0.0,10,3430,买盘
684,13:11:31,3.43,0.0,3,1029,买盘
685,13:11:33,3.42,-0.01,171,58485,卖盘
686,13:11:39,3.43,0.01,13,4459,买盘
687,13:11:43,3.43,0.0,1,343,买盘
688,13:11:45,3.43,0.0,9,3087,买盘
689,13:11:48,3.42,-0.01,85,29089,卖盘
690,13:11:51,3.43,0.01,10,3430,买盘
691,13:11:54,3.43,0.0,1,343,买盘
692,13:11:57,3.43,0.0,10,3430,买盘
693,13:12:00,3.43,0.0,16,5488,买盘
694,13:12:04,3.43,0.0,5,1715,买盘
695,13:12:09,3.43,0.0,100,34300,买盘
696,13:12:16,3.43,0.0,173,59339,卖盘
697,13:12:27,3.43,0.0,27,9261,卖盘
698,13:12:36,3.43,0.0,15,5145,卖盘
699,13:12:51,3.44,0.01,50,17200,买盘
700,13:13:22,3.44,0.0,154,52976,买盘
701,13:13:31,3.44,0.0,1,344,卖盘
702,13:14:00,3.44,0.0,14,4816,卖盘
703,13:14:12,3.44,0.0,40,13760,卖盘
704,13:14:39,3.44,0.0,33,11352,卖盘
705,13:14:45,3.44,0.0,10,3440,卖盘
706,13:15:48,3.44,0.0,20,6880,卖盘
707,13:15:54,3.44,0.0,50,17200,卖盘
708,13:15:57,3.44,0.0,6,2064,卖盘
709,13:16:42,3.44,0.0,8,2752,卖盘
710,13:17:00,3.44,0.0,409,140696,卖盘
711,13:17:09,3.44,0.0,33,11352,卖盘
712,13:17:16,3.44,0.0,19,6536,卖盘
713,13:17:18,3.44,0.0,244,83936,卖盘
714,13:18:25,3.43,-0.01,50,17150,卖盘
715,13:18:42,3.43,0.0,500,171500,卖盘
716,13:19:06,3.43,0.0,68,23324,卖盘
717,13:19:24,3.43,0.0,38,13052,卖盘
718,13:19:27,3.43,0.0,50,17150,卖盘
719,13:19:54,3.43,0.0,5,1715,卖盘
720,13:20:00,3.43,0.0,191,65513,卖盘
721,13:20:16,3.43,0.0,5,1715,买盘
722,13:20:27,3.42,-0.01,10,3420,卖盘
723,13:20:40,3.42,0.0,30,10260,卖盘
724,13:21:21,3.42,0.0,58,19838,卖盘
725,13:21:24,3.43,0.01,427,146461,买盘
726,13:21:36,3.44,0.01,1,344,买盘
727,13:21:42,3.44,0.0,7,2408,买盘
728,13:21:46,3.44,0.0,6,2064,买盘
729,13:21:48,3.42,-0.02,590,202363,卖盘
730,13:21:51,3.43,0.01,6,2058,买盘
731,13:21:54,3.44,0.01,2,688,买盘
732,13:22:09,3.43,-0.01,68,23324,卖盘
733,13:22:21,3.43,0.0,22,7546,卖盘
734,13:23:03,3.43,0.0,8,2744,卖盘
735,13:23:06,3.43,0.0,15,5145,卖盘
736,13:23:15,3.43,0.0,91,31213,卖盘
737,13:23:18,3.43,0.0,2,686,买盘
738,13:23:27,3.43,0.0,10,3430,买盘
739,13:23:30,3.43,0.0,11,3773,买盘
740,13:23:34,3.43,0.0,10,3430,买盘
741,13:23:36,3.42,-0.01,40,13693,卖盘
742,13:23:39,3.43,0.01,91,31213,买盘
743,13:23:42,3.43,0.0,15,5145,买盘
744,13:23:45,3.43,0.0,11,3773,买盘
745,13:23:48,3.43,0.0,10,3430,买盘
746,13:23:51,3.43,0.0,10,3430,买盘
747,13:23:54,3.43,0.0,9,3087,买盘
748,13:23:57,3.43,0.0,9,3087,买盘
749,13:24:00,3.43,0.0,10,3430,买盘
750,13:24:03,3.43,0.0,8,2744,买盘
751,13:24:06,3.43,0.0,6,2058,买盘
752,13:24:10,3.43,0.0,4,1372,买盘
753,13:24:15,3.43,0.0,2,686,买盘
754,13:24:21,3.43,0.0,2,686,买盘
755,13:24:39,3.43,0.0,105,36015,买盘
756,13:24:45,3.43,0.0,19,6517,买盘
757,13:24:54,3.43,0.0,2,686,买盘
758,13:24:57,3.43,0.0,14,4802,买盘
759,13:25:15,3.42,-0.01,410,140220,卖盘
760,13:25:21,3.43,0.01,21,7203,买盘
761,13:25:39,3.43,0.0,50,17150,买盘
762,13:25:42,3.43,0.0,12,4116,买盘
763,13:26:04,3.43,0.0,10,3430,买盘
764,13:26:24,3.43,0.0,2,686,买盘
765,13:26:42,3.42,-0.01,1704,582768,卖盘
766,13:27:22,3.43,0.01,5,1715,买盘
767,13:27:27,3.43,0.0,21,7203,买盘
768,13:27:30,3.43,0.0,12,4107,买盘
769,13:27:54,3.42,-0.01,280,95790,卖盘
770,13:28:06,3.43,0.01,20,6860,买盘
771,13:28:51,3.43,0.0,22,7546,买盘
772,13:29:06,3.43,0.0,200,68600,买盘
773,13:29:18,3.43,0.0,75,25725,买盘
774,13:29:24,3.43,0.0,5,1715,买盘
775,13:29:33,3.43,0.0,26,8917,买盘
776,13:29:36,3.43,0.0,5,1715,买盘
777,13:30:06,3.43,0.0,14,4802,买盘
778,13:30:21,3.43,0.0,45,15435,卖盘
779,13:31:15,3.44,0.01,36,12354,买盘
780,13:31:36,3.43,-0.01,50,17150,卖盘
781,13:31:54,3.44,0.01,6,2064,买盘
782,13:31:57,3.44,0.0,45,15480,买盘
783,13:32:12,3.44,0.0,76,26144,买盘
784,13:32:27,3.43,-0.01,30,10290,卖盘
785,13:32:31,3.44,0.01,20,6880,买盘
786,13:32:45,3.44,0.0,30,10320,买盘
787,13:32:48,3.43,-0.01,8,2744,卖盘
788,13:32:57,3.44,0.01,15,5152,买盘
789,13:33:25,3.44,0.0,23,7909,买盘
790,13:33:42,3.43,-0.01,10,3430,卖盘
791,13:33:51,3.43,0.0,253,86779,卖盘
792,13:33:54,3.43,0.0,37,12691,买盘
793,13:33:57,3.43,0.0,100,34300,买盘
794,13:34:09,3.42,-0.01,106,36258,卖盘
795,13:34:42,3.43,0.01,6,2058,买盘
796,13:35:04,3.42,-0.01,38,12996,卖盘
797,13:35:06,3.42,0.0,600,205200,卖盘
798,13:35:27,3.43,0.01,4,1372,买盘
799,13:35:31,3.43,0.0,5,1715,买盘
800,13:35:36,3.43,0.0,10,3430,买盘
801,13:35:54,3.43,0.0,4,1372,买盘
802,13:36:00,3.43,0.0,2,686,买盘
803,13:36:03,3.43,0.0,2,686,买盘
804,13:36:27,3.43,0.0,50,17150,买盘
805,13:36:33,3.43,0.0,50,17150,买盘
806,13:36:39,3.43,0.0,30,10290,买盘
807,13:36:48,3.43,0.0,2,686,买盘
808,13:36:57,3.43,0.0,275,94295,买盘
809,13:37:45,3.43,0.0,27,9261,卖盘
810,13:37:55,3.43,0.0,3,1029,卖盘
811,13:38:42,3.43,0.0,6,2058,卖盘
812,13:39:45,3.43,0.0,90,30870,卖盘
813,13:39:48,3.44,0.01,35,12040,买盘
814,13:39:51,3.43,-0.01,16,5488,卖盘
815,13:40:06,3.44,0.01,999,343656,买盘
816,13:40:09,3.44,0.0,3,1032,买盘
817,13:40:15,3.44,0.0,3,1032,买盘
818,13:40:33,3.43,-0.01,15,5149,卖盘
819,13:40:48,3.44,0.01,9,3096,卖盘
820,13:41:06,3.44,0.0,10,3440,买盘
821,13:41:31,3.44,0.0,9,3096,买盘
822,13:41:45,3.44,0.0,127,43688,买盘
823,13:42:04,3.44,0.0,3,1032,卖盘
824,13:42:15,3.44,0.0,5,1720,卖盘
825,13:42:36,3.45,0.01,149,51270,买盘
826,13:43:24,3.45,0.0,22,7590,买盘
827,13:43:54,3.44,-0.01,431,148264,卖盘
828,13:44:13,3.44,0.0,10,3440,卖盘
829,13:44:18,3.44,0.0,90,30960,卖盘
830,13:45:06,3.44,0.0,18,6192,卖盘
831,13:45:19,3.45,0.01,1,345,买盘
832,13:45:49,3.45,0.0,4,1380,买盘
833,13:46:10,3.45,0.0,51,17595,买盘
834,13:46:39,3.45,0.0,30,10350,买盘
835,13:47:42,3.45,0.0,1550,534750,买盘
836,13:47:55,3.45,0.0,20,6900,卖盘
837,13:48:09,3.45,0.0,546,188370,卖盘
838,13:48:33,3.45,0.0,10,3450,买盘
839,13:48:51,3.44,-0.01,1,344,卖盘
840,13:48:54,3.45,0.01,1,345,买盘
841,13:50:00,3.44,-0.01,81,27864,卖盘
842,13:50:15,3.45,0.01,4,1380,买盘
843,13:51:04,3.45,0.0,6,2070,买盘
844,13:51:12,3.44,-0.01,13,4472,卖盘
845,13:51:15,3.44,0.0,57,19608,卖盘
846,13:52:18,3.45,0.01,12,4140,买盘
847,13:52:27,3.45,0.0,22,7590,买盘
848,13:52:36,3.44,-0.01,6,2064,卖盘
849,13:53:51,3.44,0.0,37,12728,卖盘
850,13:53:54,3.44,0.0,70,24080,卖盘
851,13:54:04,3.44,0.0,14,4816,卖盘
852,13:54:42,3.44,0.0,29,9976,卖盘
853,13:56:04,3.44,0.0,6,2064,卖盘
854,13:56:06,3.44,0.0,64,22016,卖盘
855,13:56:15,3.44,0.0,50,17200,卖盘
856,13:58:28,3.44,0.0,70,24080,卖盘
857,13:58:39,3.44,0.0,60,20640,卖盘
858,13:59:09,3.45,0.01,5,1725,买盘
859,13:59:15,3.44,-0.01,150,51600,卖盘
860,13:59:24,3.44,0.0,2,688,卖盘
861,13:59:33,3.44,0.0,57,19608,卖盘
862,14:00:00,3.44,0.0,20,6880,卖盘
863,14:00:18,3.44,0.0,10,3440,卖盘
864,14:00:31,3.44,0.0,224,77056,卖盘
865,14:00:33,3.44,0.0,544,187136,卖盘
866,14:00:51,3.44,0.0,1,344,中性盘
867,14:00:57,3.45,0.01,10,3441,买盘
868,14:01:16,3.44,-0.01,10,3440,卖盘
869,14:01:45,3.44,0.0,5,1720,买盘
870,14:02:00,3.44,0.0,5,1720,买盘
871,14:02:24,3.43,-0.01,1,343,卖盘
872,14:02:39,3.44,0.01,1,344,买盘
873,14:03:00,3.43,-0.01,100,34300,卖盘
874,14:03:15,3.43,0.0,130,44590,卖盘
875,14:03:34,3.43,0.0,14,4802,卖盘
876,14:03:54,3.43,0.0,745,255535,卖盘
877,14:03:57,3.43,0.0,19,6517,卖盘
878,14:04:00,3.43,0.0,314,107702,卖盘
879,14:04:37,3.42,-0.01,1774,606708,卖盘
880,14:04:39,3.42,0.0,98,33516,买盘
881,14:04:42,3.42,0.0,6,2052,买盘
882,14:04:45,3.42,0.0,5,1710,买盘
883,14:04:48,3.42,0.0,5,1710,买盘
884,14:04:51,3.42,0.0,126,43092,买盘
885,14:05:09,3.43,0.01,20,6860,买盘
886,14:05:19,3.43,0.0,1,343,买盘
887,14:05:27,3.42,-0.01,100,34200,卖盘
888,14:05:40,3.42,0.0,20,6840,卖盘
889,14:05:48,3.42,0.0,1,342,卖盘
890,14:05:54,3.43,0.01,5,1715,买盘
891,14:06:15,3.43,0.0,20,6860,买盘
892,14:06:30,3.43,0.0,25,8575,买盘
893,14:06:36,3.43,0.0,47,16121,买盘
894,14:07:04,3.43,0.0,1,343,买盘
895,14:07:06,3.42,-0.01,12,4104,卖盘
896,14:07:10,3.42,0.0,18,6156,卖盘
897,14:07:21,3.43,0.01,1,343,买盘
898,14:07:45,3.42,-0.01,3,1026,卖盘
899,14:08:24,3.43,0.01,57,19551,买盘
900,14:08:30,3.43,0.0,21,7203,买盘
901,14:08:33,3.43,0.0,27,9261,买盘
902,14:08:39,3.42,-0.01,3,1026,卖盘
903,14:08:42,3.43,0.01,31,10633,买盘
904,14:08:45,3.42,-0.01,10,3420,卖盘
905,14:08:48,3.43,0.01,46,15778,买盘
906,14:08:54,3.43,0.0,9,3087,买盘
907,14:09:04,3.43,0.0,1,343,买盘
908,14:09:06,3.43,0.0,6,2058,买盘
909,14:09:30,3.43,0.0,13,4459,买盘
910,14:09:42,3.43,0.0,1,343,买盘
911,14:09:45,3.43,0.0,42,14406,买盘
912,14:09:48,3.43,0.0,24,8232,买盘
913,14:09:51,3.43,0.0,14,4802,买盘
914,14:09:54,3.43,0.0,1,343,买盘
915,14:10:12,3.43,0.0,12,4116,买盘
916,14:10:19,3.43,0.0,6,2058,买盘
917,14:10:36,3.43,0.0,16,5488,买盘
918,14:10:42,3.43,0.0,5,1715,买盘
919,14:10:45,3.43,0.0,4,1372,买盘
920,14:10:48,3.43,0.0,30,10290,买盘
921,14:10:54,3.43,0.0,1,343,买盘
922,14:10:57,3.43,0.0,4,1372,买盘
923,14:11:09,3.43,0.0,1,343,买盘
924,14:11:12,3.43,0.0,401,137543,买盘
925,14:11:24,3.43,0.0,6,2058,卖盘
926,14:11:36,3.43,0.0,1,343,卖盘
927,14:11:54,3.44,0.01,132,45408,买盘
928,14:12:12,3.43,-0.01,10,3430,卖盘
929,14:12:36,3.44,0.01,1046,359824,买盘
930,14:12:57,3.44,0.0,16,5504,卖盘
931,14:13:09,3.45,0.01,35,12075,买盘
932,14:13:15,3.45,0.0,10,3450,买盘
933,14:13:33,3.44,-0.01,50,17200,卖盘
934,14:13:36,3.44,0.0,104,35776,卖盘
935,14:13:39,3.44,0.0,23,7912,卖盘
936,14:14:00,3.45,0.01,24,8280,买盘
937,14:14:06,3.44,-0.01,315,108360,卖盘
938,14:14:19,3.44,0.0,1,344,买盘
939,14:14:24,3.44,0.0,10,3440,买盘
940,14:16:24,3.43,-0.01,9,3087,卖盘
941,14:16:30,3.43,0.0,1,343,卖盘
942,14:16:36,3.44,0.01,1,344,买盘
943,14:16:42,3.43,-0.01,10,3430,卖盘
944,14:16:46,3.43,0.0,5,1715,卖盘
945,14:16:57,3.44,0.01,300,103200,买盘
946,14:17:06,3.43,-0.01,34,11662,卖盘
947,14:17:12,3.43,0.0,1,343,卖盘
948,14:17:18,3.44,0.01,1,344,买盘
949,14:17:33,3.44,0.0,1,344,买盘
950,14:18:09,3.43,-0.01,25,8575,卖盘
951,14:18:24,3.43,0.0,1,343,卖盘
952,14:18:51,3.43,0.0,1,343,卖盘
953,14:19:00,3.44,0.01,7,2408,买盘
954,14:19:03,3.44,0.0,4,1376,买盘
955,14:19:12,3.43,-0.01,42,14406,卖盘
956,14:19:18,3.43,0.0,1,343,卖盘
957,14:19:48,3.43,0.0,1,343,卖盘
958,14:20:15,3.43,0.0,1,343,卖盘
959,14:20:21,3.43,0.0,30,10290,卖盘
960,14:20:27,3.43,0.0,6,2058,卖盘
961,14:20:36,3.43,0.0,127,43561,卖盘
962,14:20:42,3.43,0.0,3,1029,卖盘
963,14:20:51,3.44,0.01,1,344,买盘
964,14:21:15,3.44,0.0,30,10294,买盘
965,14:21:45,3.43,-0.01,35,12005,卖盘
966,14:21:48,3.43,0.0,101,34643,卖盘
967,14:21:57,3.43,0.0,200,68600,卖盘
968,14:22:06,3.44,0.01,13,4472,买盘
969,14:22:10,3.43,-0.01,20,6860,卖盘
970,14:22:22,3.43,0.0,2,687,卖盘
971,14:22:24,3.43,0.0,23,7889,卖盘
972,14:22:34,3.43,0.0,27,9261,卖盘
973,14:22:36,3.43,0.0,22,7546,卖盘
974,14:22:51,3.43,0.0,10,3430,卖盘
975,14:23:04,3.43,0.0,1,343,卖盘
976,14:23:12,3.43,0.0,200,68600,卖盘
977,14:23:15,3.44,0.01,4,1376,买盘
978,14:23:48,3.44,0.0,8,2752,买盘
979,14:25:09,3.44,0.0,400,137600,买盘
980,14:25:24,3.44,0.0,4,1376,买盘
981,14:25:27,3.43,-0.01,10,3430,卖盘
982,14:25:45,3.44,0.01,20,6880,买盘
983,14:25:51,3.44,0.0,400,137600,买盘
984,14:26:16,3.43,-0.01,5,1715,卖盘
985,14:26:19,3.44,0.01,1,344,买盘
986,14:26:21,3.43,-0.01,1,343,卖盘
987,14:26:33,3.43,0.0,25,8575,卖盘
988,14:26:48,3.43,0.0,1,343,卖盘
989,14:26:57,3.43,0.0,5,1715,卖盘
990,14:27:12,3.43,0.0,20,6860,卖盘
991,14:27:15,3.43,0.0,1,343,卖盘
992,14:27:42,3.44,0.01,5,1720,买盘
993,14:27:45,3.43,-0.01,1,343,卖盘
994,14:28:03,3.44,0.01,9,3096,买盘
995,14:28:39,3.43,-0.01,2,686,卖盘
996,14:29:06,3.43,0.0,5,1715,卖盘
997,14:29:09,3.43,0.0,72,24696,卖盘
998,14:29:18,3.44,0.01,1,344,买盘
999,14:29:24,3.44,0.0,30,10320,买盘
1000,14:29:27,3.43,-0.01,14,4802,卖盘
1001,14:29:33,3.44,0.01,1,344,买盘
1002,14:29:39,3.44,0.0,1,344,买盘
1003,14:30:04,3.44,0.0,4,1376,买盘
1004,14:30:15,3.44,0.0,4,1376,买盘
1005,14:30:18,3.44,0.0,1,344,买盘
1006,14:30:24,3.44,0.0,1,344,买盘
1007,14:30:33,3.44,0.0,50,17200,买盘
1008,14:30:48,3.44,0.0,31,10664,买盘
1009,14:30:51,3.44,0.0,7,2408,买盘
1010,14:30:54,3.44,0.0,5,1720,买盘
1011,14:31:27,3.43,-0.01,16,5488,卖盘
1012,14:31:51,3.43,0.0,6,2058,卖盘
1013,14:32:04,3.44,0.01,1,344,买盘
1014,14:32:09,3.44,0.0,5,1720,买盘
1015,14:32:24,3.44,0.0,6,2064,买盘
1016,14:32:36,3.44,0.0,78,26832,买盘
1017,14:33:01,3.44,0.0,1,344,买盘
1018,14:33:07,3.43,-0.01,3,1029,卖盘
1019,14:33:15,3.44,0.01,1,344,买盘
1020,14:33:40,3.43,-0.01,100,34300,卖盘
1021,14:34:10,3.43,0.0,15,5145,卖盘
1022,14:34:19,3.43,0.0,101,34643,卖盘
1023,14:34:36,3.43,0.0,50,17150,卖盘
1024,14:34:39,3.43,0.0,5,1715,卖盘
1025,14:34:48,3.44,0.01,2,688,买盘
1026,14:34:51,3.43,-0.01,2,686,卖盘
1027,14:34:54,3.43,0.0,28,9604,卖盘
1028,14:34:57,3.43,0.0,2,686,卖盘
1029,14:35:09,3.43,0.0,5,1715,卖盘
1030,14:35:19,3.43,0.0,15,5145,卖盘
1031,14:35:49,3.44,0.01,77,26428,买盘
1032,14:35:51,3.44,0.0,1,344,买盘
1033,14:35:57,3.44,0.0,3,1032,买盘
1034,14:36:00,3.43,-0.01,70,24010,卖盘
1035,14:36:12,3.44,0.01,2,688,买盘
1036,14:36:22,3.44,0.0,100,34400,买盘
1037,14:36:30,3.44,0.0,21,7224,买盘
1038,14:36:45,3.43,-0.01,50,17150,卖盘
1039,14:36:58,3.44,0.01,3,1032,买盘
1040,14:37:05,3.43,-0.01,3,1029,卖盘
1041,14:37:12,3.44,0.01,50,17200,买盘
1042,14:37:25,3.44,0.0,58,19952,买盘
1043,14:37:33,3.44,0.0,10,3440,买盘
1044,14:37:48,3.44,0.0,5,1720,买盘
1045,14:38:10,3.44,0.0,23,7912,买盘
1046,14:38:36,3.44,0.0,100,34340,买盘
1047,14:38:48,3.44,0.0,50,17200,买盘
1048,14:38:51,3.44,0.0,122,41968,买盘
1049,14:39:27,3.44,0.0,19,6536,买盘
1050,14:39:33,3.43,-0.01,1,343,卖盘
1051,14:39:58,3.43,0.0,100,34300,卖盘
1052,14:40:05,3.43,0.0,9,3087,卖盘
1053,14:40:19,3.44,0.01,50,17200,买盘
1054,14:40:31,3.44,0.0,4,1376,买盘
1055,14:40:42,3.43,-0.01,9,3087,卖盘
1056,14:40:54,3.43,0.0,12,4116,卖盘
1057,14:40:57,3.44,0.01,29,9976,买盘
1058,14:41:06,3.44,0.0,50,17200,买盘
1059,14:41:15,3.44,0.0,1,344,买盘
1060,14:41:24,3.44,0.0,100,34400,买盘
1061,14:41:30,3.43,-0.01,1,343,卖盘
1062,14:41:45,3.43,0.0,3,1029,卖盘
1063,14:41:57,3.43,0.0,9,3087,卖盘
1064,14:42:03,3.43,0.0,42,14406,卖盘
1065,14:42:12,3.43,0.0,20,6860,卖盘
1066,14:42:24,3.44,0.01,44,15136,买盘
1067,14:42:42,3.44,0.0,5,1720,买盘
1068,14:42:45,3.44,0.0,75,25800,买盘
1069,14:42:49,3.44,0.0,30,10320,买盘
1070,14:42:54,3.44,0.0,1,344,买盘
1071,14:43:10,3.43,-0.01,6,2058,卖盘
1072,14:43:21,3.43,0.0,20,6860,卖盘
1073,14:43:24,3.44,0.01,320,110080,买盘
1074,14:43:40,3.43,-0.01,48,16464,卖盘
1075,14:44:09,3.43,0.0,60,20580,卖盘
1076,14:44:19,3.43,0.0,101,34643,卖盘
1077,14:44:22,3.43,0.0,51,17493,卖盘
1078,14:44:45,3.43,0.0,14,4802,卖盘
1079,14:44:51,3.44,0.01,1,344,买盘
1080,14:44:57,3.44,0.0,18,6192,买盘
1081,14:45:03,3.43,-0.01,6,2058,卖盘
1082,14:45:24,3.44,0.01,105,36120,买盘
1083,14:45:42,3.44,0.0,15,5160,买盘
1084,14:45:48,3.43,-0.01,1,343,卖盘
1085,14:45:51,3.43,0.0,178,61054,卖盘
1086,14:46:04,3.44,0.01,3,1032,买盘
1087,14:46:06,3.43,-0.01,6,2058,卖盘
1088,14:46:28,3.44,0.01,10,3440,买盘
1089,14:46:30,3.43,-0.01,50,17150,卖盘
1090,14:46:39,3.43,0.0,9,3087,卖盘
1091,14:46:54,3.43,0.0,10,3430,卖盘
1092,14:47:00,3.43,0.0,10,3430,卖盘
1093,14:47:06,3.43,0.0,6,2058,卖盘
1094,14:47:15,3.44,0.01,5,1720,买盘
1095,14:47:18,3.43,-0.01,13,4459,卖盘
1096,14:47:24,3.43,0.0,19,6517,卖盘
1097,14:47:54,3.44,0.01,10,3440,买盘
1098,14:48:00,3.43,-0.01,1,343,卖盘
1099,14:48:06,3.43,0.0,6,2058,卖盘
1100,14:48:15,3.43,0.0,12,4116,卖盘
1101,14:48:18,3.44,0.01,1,344,买盘
1102,14:48:36,3.43,-0.01,7,2401,卖盘
1103,14:49:00,3.43,0.0,2,686,卖盘
1104,14:49:07,3.44,0.01,36,12376,买盘
1105,14:49:10,3.43,-0.01,86,29498,卖盘
1106,14:49:34,3.43,0.0,1,343,卖盘
1107,14:49:39,3.43,0.0,19,6517,卖盘
1108,14:49:49,3.43,0.0,928,318304,卖盘
1109,14:49:51,3.43,0.0,230,78890,卖盘
1110,14:49:54,3.43,0.0,133,45619,卖盘
1111,14:50:04,3.43,0.0,5,1715,卖盘
1112,14:50:06,3.44,0.01,3,1032,买盘
1113,14:50:18,3.44,0.0,67,23048,买盘
1114,14:50:21,3.44,0.0,8,2752,买盘
1115,14:50:30,3.43,-0.01,55,18865,卖盘
1116,14:50:33,3.43,0.0,5,1715,卖盘
1117,14:50:42,3.43,0.0,20,6860,卖盘
1118,14:50:45,3.44,0.01,95,32680,买盘
1119,14:50:54,3.43,-0.01,70,24010,卖盘
1120,14:51:00,3.43,0.0,10,3430,卖盘
1121,14:51:04,3.43,0.0,5,1715,卖盘
1122,14:51:12,3.44,0.01,100,34400,买盘
1123,14:51:33,3.43,-0.01,5,1715,卖盘
1124,14:51:36,3.43,0.0,10,3430,卖盘
1125,14:52:00,3.43,0.0,36,12348,卖盘
1126,14:52:03,3.44,0.01,34,11692,买盘
1127,14:52:15,3.43,-0.01,30,10290,卖盘
1128,14:52:27,3.44,0.01,100,34400,买盘
1129,14:52:42,3.43,-0.01,10,3430,卖盘
1130,14:52:48,3.43,0.0,40,13720,卖盘
1131,14:52:54,3.43,0.0,10,3430,卖盘
1132,14:52:57,3.44,0.01,30,10320,买盘
1133,14:53:00,3.43,-0.01,10,3430,卖盘
1134,14:53:21,3.43,0.0,6,2058,卖盘
1135,14:53:33,3.43,0.0,11,3773,卖盘
1136,14:53:39,3.43,0.0,6,2058,卖盘
1137,14:53:54,3.43,0.0,22,7546,卖盘
1138,14:54:09,3.43,0.0,12,4116,卖盘
1139,14:54:16,3.43,0.0,23,7889,卖盘
1140,14:54:21,3.43,0.0,10,3430,卖盘
1141,14:54:24,3.43,0.0,15,5145,卖盘
1142,14:54:30,3.44,0.01,20,6880,买盘
1143,14:54:33,3.43,-0.01,1,343,卖盘
1144,14:54:36,3.44,0.01,9,3096,买盘
1145,14:54:45,3.43,-0.01,13,4459,卖盘
1146,14:54:51,3.43,0.0,2,686,卖盘
1147,14:54:55,3.43,0.0,39,13377,卖盘
1148,14:54:58,3.43,0.0,215,73945,卖盘
1149,14:55:01,3.44,0.01,6,2064,买盘
1150,14:55:04,3.43,-0.01,9,3087,卖盘
1151,14:55:10,3.43,0.0,100,34300,卖盘
1152,14:55:15,3.43,0.0,300,102900,卖盘
1153,14:55:24,3.43,0.0,46,15778,卖盘
1154,14:55:30,3.43,0.0,9,3087,卖盘
1155,14:56:00,3.43,0.0,115,39445,卖盘
1156,14:56:03,3.44,0.01,40,13760,买盘
1157,14:56:06,3.43,-0.01,10,3430,卖盘
1158,14:56:15,3.43,0.0,10,3430,卖盘
1159,14:56:33,3.44,0.01,3,1032,买盘
1160,14:56:42,3.43,-0.01,100,34300,卖盘
1161,14:56:52,3.42,-0.01,2300,787173,卖盘
1162,14:57:01,3.43,0.01,34,11662,卖盘
1163,15:00:04,3.42,-0.01,2573,879966,卖盘
