,time,price,change,volume,amount,type
0,09:25:04,6.43,-0.03,317,203831,卖盘
1,09:30:04,6.41,-0.02,139,89109,卖盘
2,09:30:07,6.42,0.01,464,297362,买盘
3,09:30:10,6.42,0.0,73,46866,买盘
4,09:30:13,6.43,0.01,531,341290,买盘
5,09:30:16,6.43,0.0,25,16075,卖盘
6,09:30:19,6.43,0.0,20,12860,卖盘
7,09:30:25,6.44,0.01,10,6440,卖盘
8,09:30:37,6.45,0.01,47,30315,买盘
9,09:30:55,6.45,0.0,14,9030,卖盘
10,09:30:58,6.46,0.01,20,12920,买盘
11,09:31:01,6.46,0.0,2,1292,买盘
12,09:31:05,6.46,0.0,42,27126,买盘
13,09:31:06,6.48,0.02,71,45990,买盘
14,09:31:13,6.48,0.0,3,1944,卖盘
15,09:31:16,6.48,0.0,116,75168,卖盘
16,09:31:19,6.48,0.0,6,3888,买盘
17,09:31:25,6.48,0.0,7,4536,买盘
18,09:31:28,6.47,-0.01,1,647,卖盘
19,09:31:31,6.47,0.0,5,3235,卖盘
20,09:31:33,6.47,0.0,1,647,买盘
21,09:31:36,6.47,0.0,10,6470,买盘
22,09:31:46,6.47,0.0,8,5176,买盘
23,09:31:52,6.47,0.0,80,51760,买盘
24,09:31:57,6.46,-0.01,15,9690,卖盘
25,09:32:01,6.47,0.01,124,80158,买盘
26,09:32:10,6.47,0.0,10,6470,卖盘
27,09:32:13,6.48,0.01,23,14904,买盘
28,09:32:15,6.48,0.0,311,201507,买盘
29,09:32:19,6.47,-0.01,10,6470,卖盘
30,09:32:22,6.47,0.0,37,23939,卖盘
31,09:32:25,6.48,0.01,117,76205,买盘
32,09:32:31,6.48,0.0,50,32400,卖盘
33,09:32:40,6.49,0.01,5,3245,买盘
34,09:32:43,6.49,0.0,32,20768,买盘
35,09:32:46,6.48,-0.01,10,6480,卖盘
36,09:32:49,6.49,0.01,9,5841,买盘
37,09:32:52,6.49,0.0,150,97350,买盘
38,09:32:55,6.48,-0.01,13,8424,卖盘
39,09:32:58,6.49,0.01,4,2596,买盘
40,09:33:04,6.49,0.0,100,64900,买盘
41,09:33:16,6.49,0.0,25,16225,买盘
42,09:33:25,6.49,0.0,2,1298,买盘
43,09:33:28,6.48,-0.01,47,30456,卖盘
44,09:33:30,6.48,0.0,10,6480,卖盘
45,09:33:34,6.48,0.0,16,10368,卖盘
46,09:33:37,6.48,0.0,22,14256,卖盘
47,09:33:40,6.48,0.0,31,20088,卖盘
48,09:33:43,6.48,0.0,96,62242,卖盘
49,09:33:46,6.48,0.0,30,19440,卖盘
50,09:33:49,6.49,0.01,80,51849,买盘
51,09:33:52,6.48,-0.01,129,83203,卖盘
52,09:33:55,6.48,0.0,10,6480,买盘
53,09:34:01,6.48,0.0,150,97200,买盘
54,09:34:07,6.47,-0.01,207,133929,卖盘
55,09:34:12,6.47,0.0,2,1294,买盘
56,09:34:22,6.46,-0.01,3,1938,卖盘
57,09:34:31,6.47,0.01,30,19410,买盘
58,09:34:34,6.46,-0.01,14,9046,卖盘
59,09:34:37,6.47,0.01,10,6470,买盘
60,09:34:40,6.46,-0.01,20,12920,卖盘
61,09:34:45,6.46,0.0,73,47158,卖盘
62,09:34:52,6.47,0.01,95,61766,买盘
63,09:35:01,6.46,-0.01,57,36859,卖盘
64,09:35:07,6.47,0.01,6,3882,买盘
65,09:35:10,6.46,-0.01,30,19380,卖盘
66,09:35:16,6.47,0.01,5,3235,买盘
67,09:35:19,6.46,-0.01,30,19380,卖盘
68,09:35:22,6.47,0.01,5,3235,买盘
69,09:35:28,6.47,0.0,10,6470,买盘
70,09:35:34,6.47,0.0,136,87992,买盘
71,09:35:43,6.47,0.0,136,87992,买盘
72,09:35:46,6.47,0.0,13,8401,买盘
73,09:35:48,6.47,0.0,12,7764,买盘
74,09:35:52,6.47,0.0,119,76943,买盘
75,09:35:55,6.47,0.0,38,24586,买盘
76,09:35:58,6.47,0.0,11,7117,买盘
77,09:36:01,6.47,0.0,16,10352,买盘
78,09:36:07,6.47,0.0,29,18763,买盘
79,09:36:10,6.46,-0.01,8,5168,卖盘
80,09:36:12,6.47,0.01,233,150751,买盘
81,09:36:16,6.48,0.01,2,1296,买盘
82,09:36:22,6.47,-0.01,8,5176,卖盘
83,09:36:28,6.48,0.01,3,1944,买盘
84,09:36:31,6.48,0.0,24,15552,买盘
85,09:36:33,6.47,-0.01,20,12940,卖盘
86,09:36:37,6.48,0.01,77,49896,买盘
87,09:36:40,6.47,-0.01,105,68035,卖盘
88,09:36:46,6.48,0.01,50,32400,买盘
89,09:36:49,6.47,-0.01,76,49172,卖盘
90,09:36:55,6.48,0.01,97,62856,买盘
91,09:37:04,6.48,0.0,65,41861,买盘
92,09:37:10,6.48,0.0,9,5832,卖盘
93,09:37:16,6.49,0.01,392,254436,买盘
94,09:37:22,6.49,0.0,134,86966,买盘
95,09:37:25,6.49,0.0,274,177826,买盘
96,09:37:28,6.48,-0.01,50,32435,卖盘
97,09:37:37,6.49,0.01,9,5840,卖盘
98,09:37:40,6.5,0.01,130,84400,买盘
99,09:37:43,6.49,-0.01,42,27243,卖盘
100,09:37:49,6.49,0.0,26,16874,买盘
101,09:37:52,6.49,0.0,20,12980,买盘
102,09:37:55,6.49,0.0,73,47377,买盘
103,09:37:58,6.49,0.0,11,7139,买盘
104,09:38:01,6.49,0.0,95,61655,买盘
105,09:38:10,6.48,-0.01,11,7135,卖盘
106,09:38:16,6.49,0.01,15,9735,卖盘
107,09:38:22,6.49,0.0,45,29205,买盘
108,09:38:25,6.49,0.0,13,8437,买盘
109,09:38:28,6.5,0.01,10,6500,买盘
110,09:38:31,6.49,-0.01,22,14278,卖盘
111,09:38:34,6.49,0.0,13,8437,卖盘
112,09:38:40,6.49,0.0,34,22066,卖盘
113,09:38:46,6.49,0.0,100,64900,卖盘
114,09:38:52,6.5,0.01,13,8450,买盘
115,09:38:54,6.49,-0.01,39,25321,卖盘
116,09:38:58,6.5,0.01,32,20779,买盘
117,09:39:04,6.49,-0.01,40,25990,中性盘
118,09:39:06,6.49,0.0,29,18821,买盘
119,09:39:10,6.49,0.0,55,35695,买盘
120,09:39:13,6.48,-0.01,60,38902,卖盘
121,09:39:16,6.49,0.01,115,74635,买盘
122,09:39:19,6.49,0.0,11,7139,买盘
123,09:39:25,6.49,0.0,15,9735,买盘
124,09:39:28,6.49,0.0,69,44781,买盘
125,09:39:31,6.49,0.0,188,122012,买盘
126,09:39:37,6.5,0.01,60,39000,买盘
127,09:39:43,6.5,0.0,65,42250,买盘
128,09:39:45,6.5,0.0,3,1950,买盘
129,09:39:49,6.5,0.0,26,16900,买盘
130,09:39:52,6.5,0.0,27,17533,买盘
131,09:39:55,6.5,0.0,104,67600,买盘
132,09:39:58,6.5,0.0,47,30550,买盘
133,09:40:04,6.5,0.0,106,68900,买盘
134,09:40:06,6.5,0.0,38,24700,买盘
135,09:40:10,6.5,0.0,283,183950,买盘
136,09:40:16,6.5,0.0,25,16250,买盘
137,09:40:19,6.5,0.0,15,9750,买盘
138,09:40:22,6.51,0.01,8,5208,买盘
139,09:40:25,6.5,-0.01,6,3900,卖盘
140,09:40:28,6.51,0.01,8,5208,买盘
141,09:40:31,6.5,-0.01,116,75400,卖盘
142,09:40:34,6.5,0.0,1,650,卖盘
143,09:40:40,6.51,0.01,370,240870,买盘
144,09:40:43,6.51,0.0,4,2604,买盘
145,09:40:46,6.51,0.0,17,11067,买盘
146,09:40:48,6.51,0.0,30,19530,卖盘
147,09:40:58,6.51,0.0,127,82677,卖盘
148,09:41:01,6.51,0.0,10,6510,卖盘
149,09:41:04,6.51,0.0,51,33232,卖盘
150,09:41:06,6.51,0.0,9,5859,卖盘
151,09:41:09,6.51,0.0,50,32550,卖盘
152,09:41:13,6.52,0.01,91,59262,买盘
153,09:41:16,6.51,-0.01,62,40371,卖盘
154,09:41:19,6.52,0.01,3,1956,买盘
155,09:41:22,6.51,-0.01,25,16290,卖盘
156,09:41:25,6.51,0.0,20,13030,卖盘
157,09:41:28,6.51,0.0,20,13020,卖盘
158,09:41:31,6.52,0.01,46,29992,买盘
159,09:41:37,6.51,-0.01,49,31913,卖盘
160,09:41:40,6.52,0.01,145,94425,买盘
161,09:41:46,6.51,-0.01,59,38409,卖盘
162,09:41:49,6.51,0.0,15,9765,卖盘
163,09:41:52,6.52,0.01,33,21501,买盘
164,09:41:55,6.52,0.0,14,9123,买盘
165,09:41:57,6.52,0.0,10,6520,买盘
166,09:42:01,6.51,-0.01,50,32550,卖盘
167,09:42:04,6.52,0.01,35,22805,买盘
168,09:42:13,6.52,0.0,22,14342,买盘
169,09:42:15,6.52,0.0,21,13672,买盘
170,09:42:18,6.51,-0.01,12,7812,卖盘
171,09:42:22,6.52,0.01,20,13040,买盘
172,09:42:25,6.52,0.0,19,12383,买盘
173,09:42:28,6.51,-0.01,153,99603,卖盘
174,09:42:36,6.51,0.0,40,26040,买盘
175,09:42:43,6.51,0.0,189,122859,买盘
176,09:42:46,6.5,-0.01,91,59239,卖盘
177,09:42:49,6.51,0.01,30,19530,买盘
178,09:42:55,6.51,0.0,24,15624,买盘
179,09:43:01,6.5,-0.01,6,3900,卖盘
180,09:43:04,6.51,0.01,60,39060,买盘
181,09:43:13,6.51,0.0,40,25750,买盘
182,09:43:16,6.51,0.0,25,16270,买盘
183,09:43:19,6.5,-0.01,27,17560,卖盘
184,09:43:22,6.5,0.0,8,5202,卖盘
185,09:43:25,6.51,0.01,20,13020,买盘
186,09:43:28,6.5,-0.01,124,80600,卖盘
187,09:43:37,6.5,0.0,34,22100,卖盘
188,09:43:40,6.5,0.0,215,139955,卖盘
189,09:43:46,6.5,0.0,54,35150,卖盘
190,09:43:55,6.5,0.0,229,148859,卖盘
191,09:43:58,6.5,0.0,2,1300,卖盘
192,09:44:01,6.5,0.0,1,650,卖盘
193,09:44:07,6.5,0.0,15,9750,卖盘
194,09:44:19,6.5,0.0,42,27300,卖盘
195,09:44:28,6.5,0.0,30,19500,卖盘
196,09:44:34,6.5,0.0,40,26000,卖盘
197,09:44:36,6.51,0.01,100,65100,买盘
198,09:44:46,6.5,-0.01,5,3250,卖盘
199,09:44:49,6.5,0.0,19,12350,卖盘
200,09:44:54,6.5,0.0,4,2600,卖盘
201,09:45:21,6.51,0.01,110,71600,买盘
202,09:45:28,6.5,-0.01,69,44859,卖盘
203,09:45:37,6.5,0.0,30,19500,卖盘
204,09:45:39,6.51,0.01,77,50127,买盘
205,09:45:43,6.51,0.0,5,3255,买盘
206,09:45:49,6.5,-0.01,10,6500,卖盘
207,09:45:52,6.5,0.0,5,3250,卖盘
208,09:45:55,6.51,0.01,107,69657,买盘
209,09:46:04,6.51,0.0,108,70308,买盘
210,09:46:12,6.51,0.0,167,108717,买盘
211,09:46:16,6.51,0.0,40,26040,卖盘
212,09:46:28,6.51,0.0,202,131502,卖盘
213,09:46:31,6.51,0.0,3,1953,卖盘
214,09:46:34,6.51,0.0,6,3906,买盘
215,09:46:52,6.51,0.0,15,9765,买盘
216,09:46:55,6.51,0.0,5,3255,买盘
217,09:46:58,6.5,-0.01,100,65000,卖盘
218,09:47:07,6.5,0.0,20,13000,卖盘
219,09:47:09,6.5,0.0,156,101555,卖盘
220,09:47:22,6.5,0.0,100,65093,卖盘
221,09:47:25,6.5,0.0,5,3250,卖盘
222,09:47:40,6.51,0.01,30,19530,买盘
223,09:47:43,6.5,-0.01,100,65000,卖盘
224,09:47:48,6.5,0.0,15,9750,卖盘
225,09:47:52,6.5,0.0,107,69557,卖盘
226,09:48:04,6.5,0.0,30,19500,卖盘
227,09:48:13,6.51,0.01,107,69560,买盘
228,09:48:19,6.5,-0.01,74,48100,卖盘
229,09:48:22,6.51,0.01,8,5208,买盘
230,09:48:37,6.5,-0.01,117,76310,卖盘
231,09:48:40,6.5,0.0,31,19890,买盘
232,09:48:43,6.5,0.0,138,89710,卖盘
233,09:48:55,6.5,0.0,60,39000,卖盘
234,09:48:58,6.51,0.01,18,11703,买盘
235,09:49:04,6.5,-0.01,15,9750,卖盘
236,09:49:07,6.51,0.01,50,32550,买盘
237,09:49:10,6.51,0.0,190,123690,买盘
238,09:49:13,6.51,0.0,81,53122,买盘
239,09:49:21,6.5,-0.01,100,65034,卖盘
240,09:49:31,6.52,0.02,12,7824,买盘
241,09:49:37,6.51,-0.01,21,13671,卖盘
242,09:49:58,6.51,0.0,16,10416,卖盘
243,09:50:13,6.51,0.0,10,6510,卖盘
244,09:50:16,6.51,0.0,1,651,卖盘
245,09:50:19,6.51,0.0,32,20832,卖盘
246,09:50:37,6.52,0.01,5,3260,买盘
247,09:50:39,6.51,-0.01,25,16275,卖盘
248,09:50:49,6.51,0.0,10,6510,卖盘
249,09:50:58,6.51,0.0,23,14973,卖盘
250,09:51:07,6.51,0.0,10,6510,卖盘
251,09:51:10,6.51,0.0,5,3255,卖盘
252,09:51:13,6.51,0.0,30,19530,卖盘
253,09:51:19,6.51,0.0,10,6510,卖盘
254,09:51:28,6.51,0.0,20,13020,卖盘
255,09:51:31,6.51,0.0,250,162750,卖盘
256,09:51:37,6.51,0.0,5,3255,卖盘
257,09:51:40,6.51,0.0,10,6510,卖盘
258,09:51:43,6.51,0.0,61,39711,卖盘
259,09:51:46,6.51,0.0,14,9114,卖盘
260,09:52:01,6.51,0.0,20,13010,买盘
261,09:52:07,6.51,0.0,11,7161,买盘
262,09:52:10,6.5,-0.01,250,162500,卖盘
263,09:52:13,6.51,0.01,5,3255,买盘
264,09:52:15,6.5,-0.01,4,2600,卖盘
265,09:52:19,6.5,0.0,17,11050,卖盘
266,09:52:25,6.5,0.0,250,162500,卖盘
267,09:52:31,6.5,0.0,342,222307,卖盘
268,09:52:34,6.5,0.0,5,3250,卖盘
269,09:52:37,6.5,0.0,2,1300,卖盘
270,09:52:40,6.5,0.0,15,9620,卖盘
271,09:52:52,6.5,0.0,2,1300,买盘
272,09:53:04,6.5,0.0,101,65650,买盘
273,09:53:07,6.49,-0.01,32,20768,卖盘
274,09:53:10,6.49,0.0,10,6490,卖盘
275,09:53:19,6.49,0.0,20,12980,卖盘
276,09:53:22,6.49,0.0,80,51920,卖盘
277,09:53:25,6.49,0.0,6,3894,卖盘
278,09:53:31,6.49,0.0,31,20119,卖盘
279,09:53:37,6.49,0.0,87,56464,卖盘
280,09:53:40,6.5,0.01,50,32490,买盘
281,09:53:46,6.5,0.0,3,1950,买盘
282,09:54:04,6.5,0.0,30,19480,买盘
283,09:54:16,6.49,-0.01,35,22715,卖盘
284,09:54:19,6.5,0.01,70,45500,买盘
285,09:54:27,6.5,0.0,70,45500,买盘
286,09:54:31,6.49,-0.01,5,3245,卖盘
287,09:54:34,6.49,0.0,20,12980,卖盘
288,09:54:37,6.5,0.01,29,18850,买盘
289,09:54:40,6.5,0.0,217,141180,买盘
290,09:54:49,6.5,0.0,83,53820,卖盘
291,09:54:52,6.49,-0.01,2,1168,卖盘
292,09:54:55,6.5,0.01,18,11700,买盘
293,09:54:58,6.51,0.01,5,3255,卖盘
294,09:55:04,6.5,-0.01,1,650,卖盘
295,09:55:10,6.5,0.0,23,14950,卖盘
296,09:55:19,6.5,0.0,5,3250,买盘
297,09:55:22,6.49,-0.01,10,6490,卖盘
298,09:55:40,6.49,0.0,6,3894,卖盘
299,09:55:49,6.5,0.01,10,6500,买盘
300,09:55:58,6.49,-0.01,2,1298,卖盘
301,09:56:01,6.49,0.0,100,64900,卖盘
302,09:56:07,6.49,0.0,7,4543,卖盘
303,09:56:15,6.49,0.0,11,7139,卖盘
304,09:56:22,6.49,0.0,15,9735,卖盘
305,09:56:28,6.49,0.0,40,25960,卖盘
306,09:56:52,6.49,0.0,200,129800,卖盘
307,09:56:58,6.5,0.01,100,65000,买盘
308,09:57:00,6.49,-0.01,123,79827,卖盘
309,09:57:13,6.49,0.0,73,47387,卖盘
310,09:57:19,6.49,0.0,310,201190,卖盘
311,09:57:22,6.49,0.0,206,133694,卖盘
312,09:57:25,6.49,0.0,44,28686,卖盘
313,09:57:37,6.49,0.0,10,6490,买盘
314,09:57:40,6.48,-0.01,28,18144,卖盘
315,09:57:43,6.48,0.0,40,25920,卖盘
316,09:57:46,6.48,0.0,50,32400,卖盘
317,09:57:48,6.48,0.0,18,11664,卖盘
318,09:57:58,6.48,0.0,25,16200,卖盘
319,09:58:04,6.48,0.0,89,57755,卖盘
320,09:58:07,6.48,0.0,1,648,卖盘
321,09:58:19,6.48,0.0,16,10368,卖盘
322,09:58:25,6.49,0.01,5,3245,买盘
323,09:58:31,6.48,-0.01,15,9720,卖盘
324,09:58:39,6.49,0.01,3,1947,买盘
325,09:58:49,6.48,-0.01,5,3240,卖盘
326,09:58:58,6.49,0.01,10,6490,买盘
327,09:59:01,6.49,0.0,203,131552,买盘
328,09:59:04,6.48,-0.01,168,108897,卖盘
329,09:59:06,6.49,0.01,5,3245,买盘
330,09:59:15,6.48,-0.01,177,114696,卖盘
331,09:59:49,6.48,0.0,57,36936,卖盘
332,09:59:52,6.48,0.0,50,32400,卖盘
333,09:59:54,6.48,0.0,14,9072,卖盘
334,10:00:13,6.48,0.0,200,129600,卖盘
335,10:00:19,6.49,0.01,14,9086,买盘
336,10:00:21,6.49,0.0,6,3894,买盘
337,10:00:43,6.49,0.0,34,22066,买盘
338,10:00:49,6.49,0.0,30,19470,买盘
339,10:00:55,6.49,0.0,89,57761,买盘
340,10:00:57,6.49,0.0,45,29400,买盘
341,10:01:10,6.49,0.0,58,37642,卖盘
342,10:01:43,6.5,0.01,36,23400,买盘
343,10:01:46,6.49,-0.01,28,18172,卖盘
344,10:01:52,6.49,0.0,8,5192,卖盘
345,10:02:10,6.5,0.01,200,130000,买盘
346,10:02:16,6.5,0.0,1,650,买盘
347,10:02:22,6.5,0.0,16,10400,买盘
348,10:02:34,6.5,0.0,103,66918,买盘
349,10:02:40,6.5,0.0,5,3250,买盘
350,10:02:49,6.49,-0.01,1,649,卖盘
351,10:02:52,6.5,0.01,16,10400,买盘
352,10:03:01,6.5,0.0,92,59800,买盘
353,10:03:04,6.49,-0.01,132,85703,卖盘
354,10:03:10,6.5,0.01,57,37050,买盘
355,10:03:13,6.5,0.0,20,13000,买盘
356,10:03:19,6.49,-0.01,6,3894,卖盘
357,10:03:22,6.49,0.0,50,32450,卖盘
358,10:03:37,6.49,0.0,99,64251,卖盘
359,10:03:46,6.49,0.0,20,12980,卖盘
360,10:03:49,6.49,0.0,22,14278,卖盘
361,10:03:52,6.5,0.01,1,650,买盘
362,10:03:55,6.5,0.0,33,21450,买盘
363,10:04:01,6.5,0.0,1,650,买盘
364,10:04:10,6.5,0.0,9,5850,买盘
365,10:04:22,6.49,-0.01,202,131397,卖盘
366,10:04:28,6.5,0.01,18,11700,中性盘
367,10:04:33,6.5,0.0,8,5200,买盘
368,10:05:13,6.49,-0.01,253,164002,卖盘
369,10:05:19,6.49,0.0,60,38940,买盘
370,10:05:22,6.49,0.0,67,43678,买盘
371,10:05:28,6.49,0.0,3,1947,卖盘
372,10:05:31,6.49,0.0,30,19470,卖盘
373,10:05:34,6.49,0.0,13,8437,卖盘
374,10:05:40,6.49,0.0,6,3894,卖盘
375,10:05:43,6.49,0.0,60,38940,卖盘
376,10:05:48,6.49,0.0,7,4348,卖盘
377,10:06:10,6.48,-0.01,20,12960,卖盘
378,10:06:12,6.49,0.01,47,30503,买盘
379,10:06:16,6.49,0.0,1,649,卖盘
380,10:06:18,6.49,0.0,9,5841,卖盘
381,10:06:22,6.49,0.0,23,14927,卖盘
382,10:06:25,6.48,-0.01,20,12960,卖盘
383,10:06:36,6.48,0.0,10,6480,卖盘
384,10:06:40,6.49,0.01,451,292250,买盘
385,10:06:46,6.48,-0.01,11,7128,卖盘
386,10:06:49,6.48,0.0,2,1296,卖盘
387,10:06:51,6.48,0.0,7,4536,买盘
388,10:07:01,6.48,0.0,8,5184,买盘
389,10:07:07,6.48,0.0,27,17504,卖盘
390,10:07:22,6.48,0.0,48,31104,买盘
391,10:07:25,6.48,0.0,20,12960,卖盘
392,10:07:27,6.48,0.0,23,14904,卖盘
393,10:07:34,6.48,0.0,20,12960,买盘
394,10:07:52,6.48,0.0,59,38232,买盘
395,10:08:07,6.47,-0.01,52,33694,卖盘
396,10:08:22,6.48,0.01,63,40824,买盘
397,10:08:25,6.47,-0.01,20,12940,卖盘
398,10:08:33,6.47,0.0,40,25880,卖盘
399,10:08:37,6.47,0.0,13,8411,卖盘
400,10:08:46,6.47,0.0,4,2588,卖盘
401,10:08:52,6.47,0.0,42,27174,卖盘
402,10:08:58,6.48,0.01,51,33048,买盘
403,10:09:03,6.47,-0.01,5,3235,卖盘
404,10:09:07,6.47,0.0,99,64053,卖盘
405,10:09:10,6.47,0.0,10,6470,卖盘
406,10:09:13,6.47,0.0,2,1294,卖盘
407,10:09:15,6.47,0.0,170,109990,卖盘
408,10:09:18,6.47,0.0,1,647,卖盘
409,10:09:28,6.47,0.0,10,6470,卖盘
410,10:09:33,6.47,0.0,35,22645,卖盘
411,10:09:37,6.47,0.0,10,6470,卖盘
412,10:09:40,6.47,0.0,39,25233,卖盘
413,10:09:46,6.47,0.0,11,7118,卖盘
414,10:09:48,6.47,0.0,154,99638,卖盘
415,10:09:51,6.47,0.0,1,647,卖盘
416,10:09:55,6.47,0.0,90,58230,卖盘
417,10:10:01,6.47,0.0,91,58877,卖盘
418,10:10:06,6.47,0.0,16,10352,卖盘
419,10:10:10,6.47,0.0,30,19410,卖盘
420,10:10:13,6.47,0.0,155,100285,卖盘
421,10:10:19,6.47,0.0,242,156574,卖盘
422,10:10:25,6.46,-0.01,50,32300,卖盘
423,10:10:36,6.46,0.0,67,43282,卖盘
424,10:10:49,6.45,-0.01,130,83880,卖盘
425,10:10:52,6.46,0.01,10,6460,买盘
426,10:10:58,6.45,-0.01,20,12900,卖盘
427,10:11:04,6.45,0.0,20,12900,卖盘
428,10:11:19,6.46,0.01,10,6460,买盘
429,10:11:25,6.45,-0.01,2,1290,卖盘
430,10:11:34,6.45,0.0,38,24510,卖盘
431,10:11:37,6.45,0.0,10,6450,卖盘
432,10:11:40,6.45,0.0,10,6450,卖盘
433,10:11:43,6.45,0.0,1,645,卖盘
434,10:11:46,6.45,0.0,14,9043,卖盘
435,10:11:49,6.45,0.0,5,3225,卖盘
436,10:11:58,6.45,0.0,261,168345,卖盘
437,10:12:04,6.45,0.0,49,31605,买盘
438,10:12:07,6.46,0.01,370,238607,买盘
439,10:12:16,6.45,-0.01,30,19350,买盘
440,10:12:19,6.46,0.01,58,37468,买盘
441,10:12:25,6.46,0.0,5,3230,卖盘
442,10:12:49,6.46,0.0,18,11628,卖盘
443,10:12:52,6.46,0.0,24,15504,卖盘
444,10:13:13,6.46,0.0,3,1938,买盘
445,10:13:19,6.46,0.0,9,5814,买盘
446,10:13:22,6.45,-0.01,17,10965,卖盘
447,10:13:28,6.46,0.01,20,12920,买盘
448,10:13:31,6.46,0.0,5,3230,买盘
449,10:13:34,6.46,0.0,8,5168,买盘
450,10:13:37,6.46,0.0,2,1292,买盘
451,10:13:40,6.46,0.0,47,30339,卖盘
452,10:13:43,6.46,0.0,25,16150,买盘
453,10:13:55,6.46,0.0,102,65892,买盘
454,10:14:01,6.46,0.0,47,30316,买盘
455,10:14:04,6.46,0.0,1,646,买盘
456,10:14:07,6.46,0.0,1,646,买盘
457,10:14:10,6.46,0.0,23,14847,买盘
458,10:14:13,6.45,-0.01,10,6450,卖盘
459,10:14:24,6.46,0.01,3,1938,买盘
460,10:14:28,6.46,0.0,35,22610,买盘
461,10:14:31,6.45,-0.01,119,76755,卖盘
462,10:14:34,6.46,0.01,1,646,买盘
463,10:14:37,6.46,0.0,2,1292,买盘
464,10:14:43,6.45,-0.01,10,6450,卖盘
465,10:14:46,6.46,0.01,3,1938,买盘
466,10:14:49,6.46,0.0,2,1292,买盘
467,10:14:51,6.45,-0.01,90,58135,卖盘
468,10:14:54,6.46,0.01,5,3230,买盘
469,10:14:58,6.47,0.01,10,6470,买盘
470,10:15:01,6.47,0.0,3,1941,买盘
471,10:15:04,6.46,-0.01,106,68476,卖盘
472,10:15:07,6.46,0.0,9,5814,买盘
473,10:15:10,6.46,0.0,122,78812,买盘
474,10:15:13,6.46,0.0,51,32946,买盘
475,10:15:15,6.46,0.0,97,62662,买盘
476,10:15:18,6.46,0.0,55,35530,买盘
477,10:15:22,6.46,0.0,20,12920,买盘
478,10:15:24,6.46,0.0,41,26486,买盘
479,10:15:28,6.46,0.0,22,14212,买盘
480,10:15:37,6.46,0.0,28,18088,买盘
481,10:15:40,6.46,0.0,1,646,买盘
482,10:15:43,6.45,-0.01,4,2580,卖盘
483,10:15:46,6.45,0.0,100,64500,卖盘
484,10:15:48,6.46,0.01,5,3230,买盘
485,10:15:55,6.46,0.0,13,8398,买盘
486,10:15:57,6.46,0.0,20,12920,买盘
487,10:16:00,6.45,-0.01,17,10981,卖盘
488,10:16:04,6.46,0.01,14,9044,买盘
489,10:16:07,6.46,0.0,18,11628,买盘
490,10:16:10,6.46,0.0,20,12911,买盘
491,10:16:13,6.46,0.0,16,10336,买盘
492,10:16:16,6.46,0.0,13,8398,买盘
493,10:16:18,6.46,0.0,17,10982,买盘
494,10:16:22,6.46,0.0,7,4522,买盘
495,10:16:25,6.46,0.0,35,22610,买盘
496,10:16:28,6.46,0.0,7,4522,买盘
497,10:16:31,6.46,0.0,3,1938,买盘
498,10:16:39,6.46,0.0,17,10982,买盘
499,10:16:42,6.45,-0.01,17,10972,卖盘
500,10:16:45,6.46,0.01,6,3876,买盘
501,10:16:49,6.46,0.0,2,1292,买盘
502,10:16:52,6.46,0.0,2,1292,买盘
503,10:16:55,6.46,0.0,2,1292,买盘
504,10:16:58,6.46,0.0,5,3230,买盘
505,10:17:01,6.45,-0.01,5,3225,卖盘
506,10:17:07,6.46,0.01,22,14192,买盘
507,10:17:10,6.45,-0.01,8,5160,卖盘
508,10:17:15,6.46,0.01,160,103360,买盘
509,10:17:22,6.46,0.0,1,646,买盘
510,10:17:40,6.46,0.0,5,3230,买盘
511,10:17:46,6.46,0.0,1,646,买盘
512,10:17:49,6.46,0.0,1,646,买盘
513,10:17:52,6.46,0.0,1,646,买盘
514,10:17:55,6.46,0.0,6,3876,买盘
515,10:18:01,6.46,0.0,41,26456,买盘
516,10:18:07,6.45,-0.01,19,12265,卖盘
517,10:18:16,6.47,0.02,10,6470,买盘
518,10:18:46,6.47,0.0,10,6470,买盘
519,10:19:04,6.46,-0.01,15,9690,卖盘
520,10:19:28,6.46,0.0,60,38760,卖盘
521,10:19:55,6.47,0.01,1,647,买盘
522,10:19:57,6.46,-0.01,10,6460,卖盘
523,10:20:04,6.47,0.01,5,3235,买盘
524,10:20:31,6.46,-0.01,33,21321,卖盘
525,10:20:37,6.47,0.01,30,19410,买盘
526,10:20:46,6.47,0.0,1,647,买盘
527,10:20:52,6.46,-0.01,20,12920,卖盘
528,10:21:04,6.47,0.01,10,6470,买盘
529,10:21:21,6.47,0.0,8,5176,买盘
530,10:21:31,6.47,0.0,6,3882,买盘
531,10:21:48,6.46,-0.01,5,3230,卖盘
532,10:22:10,6.46,0.0,20,12920,卖盘
533,10:22:19,6.46,0.0,286,184756,卖盘
534,10:22:34,6.45,-0.01,30,19350,卖盘
535,10:22:42,6.46,0.01,50,32300,买盘
536,10:22:51,6.46,0.0,50,32300,买盘
537,10:22:55,6.46,0.0,8,5168,买盘
538,10:22:58,6.45,-0.01,20,12900,卖盘
539,10:23:01,6.46,0.01,34,21964,买盘
540,10:23:13,6.46,0.0,19,12274,卖盘
541,10:23:19,6.46,0.0,50,32300,买盘
542,10:23:22,6.46,0.0,4,2584,买盘
543,10:23:28,6.46,0.0,2,1292,买盘
544,10:23:34,6.45,-0.01,8,5160,卖盘
545,10:23:43,6.45,0.0,41,26445,卖盘
546,10:23:46,6.46,0.01,31,20026,买盘
547,10:23:49,6.45,-0.01,30,19350,卖盘
548,10:23:58,6.45,0.0,100,64500,卖盘
549,10:24:04,6.46,0.01,8,5168,买盘
550,10:24:13,6.46,0.0,36,23256,买盘
551,10:24:19,6.46,0.0,28,18088,卖盘
552,10:24:34,6.46,0.0,20,12920,卖盘
553,10:24:40,6.46,0.0,10,6460,卖盘
554,10:24:42,6.46,0.0,6,3876,卖盘
555,10:24:58,6.45,-0.01,3,1935,卖盘
556,10:25:06,6.46,0.01,1,646,买盘
557,10:25:19,6.45,-0.01,1,645,卖盘
558,10:25:22,6.45,0.0,65,41925,卖盘
559,10:25:34,6.45,0.0,1,645,卖盘
560,10:25:45,6.45,0.0,63,40635,卖盘
561,10:25:52,6.45,0.0,40,25800,卖盘
562,10:26:07,6.45,0.0,20,12900,卖盘
563,10:26:21,6.45,0.0,37,23895,卖盘
564,10:26:28,6.45,0.0,20,12900,卖盘
565,10:26:31,6.45,0.0,50,32250,卖盘
566,10:26:34,6.45,0.0,65,41925,卖盘
567,10:26:55,6.45,0.0,22,14190,卖盘
568,10:27:16,6.46,0.01,4,2584,买盘
569,10:27:43,6.46,0.0,20,12920,买盘
570,10:27:46,6.45,-0.01,40,25830,卖盘
571,10:27:49,6.42,-0.03,1394,896540,卖盘
572,10:27:52,6.42,0.0,23,14766,买盘
573,10:27:55,6.42,0.0,19,12198,买盘
574,10:27:58,6.41,-0.01,76,48766,卖盘
575,10:28:00,6.42,0.01,2,1156,中性盘
576,10:28:13,6.43,0.01,5,3215,卖盘
577,10:28:34,6.44,0.01,50,32200,卖盘
578,10:28:42,6.45,0.01,10,6450,买盘
579,10:28:49,6.45,0.0,43,27735,买盘
580,10:28:51,6.44,-0.01,50,32200,卖盘
581,10:28:55,6.45,0.01,1,645,买盘
582,10:28:58,6.45,0.0,9,5805,中性盘
583,10:29:01,6.45,0.0,15,9675,卖盘
584,10:29:07,6.45,0.0,10,6450,卖盘
585,10:29:13,6.46,0.01,1,646,买盘
586,10:29:30,6.46,0.0,50,32300,买盘
587,10:29:40,6.45,-0.01,70,45150,卖盘
588,10:29:46,6.46,0.01,109,70414,买盘
589,10:29:49,6.45,-0.01,7,4515,卖盘
590,10:29:57,6.45,0.0,73,47085,卖盘
591,10:30:01,6.45,0.0,5,3225,买盘
592,10:30:04,6.45,0.0,6,3870,买盘
593,10:30:07,6.45,0.0,2,1290,买盘
594,10:30:10,6.44,-0.01,3,1932,卖盘
595,10:30:12,6.45,0.01,52,33540,买盘
596,10:30:16,6.45,0.0,2,1290,买盘
597,10:30:19,6.45,0.0,6,3870,买盘
598,10:30:22,6.45,0.0,4,2580,买盘
599,10:30:37,6.45,0.0,4,2580,卖盘
600,10:30:43,6.45,0.0,24,15480,买盘
601,10:31:10,6.45,0.0,13,8385,买盘
602,10:31:21,6.45,0.0,1,645,买盘
603,10:31:48,6.45,0.0,20,12900,买盘
604,10:31:54,6.44,-0.01,50,32200,卖盘
605,10:32:07,6.45,0.01,5,3225,买盘
606,10:32:13,6.45,0.0,76,49020,买盘
607,10:32:19,6.45,0.0,4,2580,买盘
608,10:32:25,6.45,0.0,185,119196,买盘
609,10:32:40,6.45,0.0,20,12900,卖盘
610,10:32:55,6.46,0.01,37,23902,买盘
611,10:32:58,6.45,-0.01,20,12913,卖盘
612,10:33:01,6.45,0.0,10,6450,卖盘
613,10:33:19,6.46,0.01,8,5168,买盘
614,10:33:22,6.45,-0.01,10,6450,卖盘
615,10:33:30,6.46,0.01,10,6460,买盘
616,10:33:34,6.46,0.0,11,7106,买盘
617,10:33:46,6.46,0.0,12,7752,买盘
618,10:33:49,6.45,-0.01,29,18705,卖盘
619,10:33:52,6.45,0.0,10,6450,卖盘
620,10:33:55,6.46,0.01,2,1292,买盘
621,10:34:04,6.45,-0.01,111,71595,卖盘
622,10:34:16,6.46,0.01,10,6460,买盘
623,10:34:22,6.45,-0.01,20,12900,卖盘
624,10:34:28,6.46,0.01,5,3230,买盘
625,10:34:34,6.45,-0.01,10,6450,卖盘
626,10:34:58,6.45,0.0,29,18705,卖盘
627,10:35:00,6.45,0.0,15,9675,卖盘
628,10:35:04,6.45,0.0,20,12900,卖盘
629,10:35:07,6.46,0.01,64,41344,买盘
630,10:35:10,6.45,-0.01,100,64500,卖盘
631,10:35:22,6.45,0.0,60,38717,卖盘
632,10:35:28,6.45,0.0,10,6450,卖盘
633,10:35:31,6.45,0.0,20,12900,卖盘
634,10:35:40,6.45,0.0,32,20640,卖盘
635,10:35:49,6.46,0.01,43,27778,买盘
636,10:35:58,6.45,-0.01,48,31089,卖盘
637,10:36:10,6.45,0.0,5,3225,买盘
638,10:36:13,6.45,0.0,62,39990,买盘
639,10:36:16,6.45,0.0,37,23865,买盘
640,10:36:19,6.45,0.0,16,10191,买盘
641,10:36:25,6.45,0.0,20,12900,卖盘
642,10:36:31,6.46,0.01,5,3230,买盘
643,10:36:34,6.45,-0.01,100,64500,卖盘
644,10:36:40,6.45,0.0,30,19350,卖盘
645,10:37:10,6.45,0.0,102,65890,卖盘
646,10:37:12,6.45,0.0,102,65790,卖盘
647,10:37:36,6.45,0.0,12,7740,卖盘
648,10:37:58,6.45,0.0,10,6450,卖盘
649,10:38:04,6.45,0.0,3,2322,卖盘
650,10:38:07,6.45,0.0,30,19350,卖盘
651,10:38:16,6.45,0.0,4,2580,卖盘
652,10:38:19,6.45,0.0,25,16125,卖盘
653,10:38:24,6.45,0.0,30,19350,卖盘
654,10:38:49,6.45,0.0,30,19350,卖盘
655,10:39:19,6.46,0.01,2,1292,买盘
656,10:39:43,6.45,-0.01,10,6450,卖盘
657,10:39:46,6.45,0.0,23,14835,卖盘
658,10:39:49,6.46,0.01,3,1938,买盘
659,10:39:55,6.46,0.0,3,1938,买盘
660,10:40:04,6.46,0.0,90,58140,买盘
661,10:40:07,6.46,0.0,19,12274,买盘
662,10:40:10,6.46,0.0,4,2584,买盘
663,10:40:16,6.46,0.0,15,9690,买盘
664,10:40:22,6.46,0.0,100,64600,买盘
665,10:40:24,6.45,-0.01,135,87075,卖盘
666,10:40:27,6.46,0.01,21,13566,买盘
667,10:40:43,6.46,0.0,33,21318,买盘
668,10:40:46,6.45,-0.01,3,1935,卖盘
669,10:40:51,6.46,0.01,100,64600,买盘
670,10:41:01,6.46,0.0,40,25840,买盘
671,10:41:04,6.46,0.0,30,19380,买盘
672,10:41:07,6.46,0.0,90,58140,买盘
673,10:41:10,6.46,0.0,11,7106,买盘
674,10:41:16,6.47,0.01,33,21351,买盘
675,10:41:37,6.47,0.0,100,64700,买盘
676,10:41:49,6.47,0.0,129,83463,买盘
677,10:41:52,6.47,0.0,16,10352,卖盘
678,10:42:09,6.47,0.0,6,3882,卖盘
679,10:42:13,6.47,0.0,12,7764,卖盘
680,10:42:19,6.48,0.01,53,34344,买盘
681,10:42:22,6.47,-0.01,15,9705,卖盘
682,10:42:28,6.48,0.01,19,12312,买盘
683,10:42:34,6.48,0.0,57,36936,买盘
684,10:42:40,6.48,0.0,11,7127,买盘
685,10:42:55,6.48,0.0,73,47304,买盘
686,10:43:01,6.48,0.0,157,101729,买盘
687,10:43:09,6.48,0.0,4,2592,买盘
688,10:43:13,6.47,-0.01,100,64700,卖盘
689,10:43:19,6.48,0.01,8,5184,买盘
690,10:43:22,6.48,0.0,3,1944,买盘
691,10:43:28,6.48,0.0,10,6480,买盘
692,10:44:07,6.47,-0.01,5,3235,卖盘
693,10:44:13,6.48,0.01,15,9720,买盘
694,10:44:16,6.47,-0.01,10,6470,卖盘
695,10:44:25,6.47,0.0,19,12293,卖盘
696,10:44:58,6.47,0.0,20,12940,卖盘
697,10:45:01,6.48,0.01,294,190642,买盘
698,10:45:46,6.48,0.0,6,3758,卖盘
699,10:46:01,6.48,0.0,33,21384,买盘
700,10:46:22,6.48,0.0,22,14386,买盘
701,10:46:25,6.48,0.0,8,5054,卖盘
702,10:46:33,6.48,0.0,38,24754,买盘
703,10:46:58,6.49,0.01,18,11682,买盘
704,10:47:13,6.48,-0.01,5,3240,卖盘
705,10:47:21,6.48,0.0,122,78926,卖盘
706,10:47:27,6.48,0.0,20,12960,买盘
707,10:47:31,6.48,0.0,10,6480,买盘
708,10:47:42,6.47,-0.01,5,3235,卖盘
709,10:47:52,6.47,0.0,40,25880,卖盘
710,10:48:04,6.47,0.0,18,11646,卖盘
711,10:48:31,6.47,0.0,30,19410,卖盘
712,10:48:40,6.47,0.0,21,13587,卖盘
713,10:49:04,6.46,-0.01,5,3230,卖盘
714,10:49:13,6.46,0.0,6,3876,卖盘
715,10:49:37,6.47,0.01,1,647,买盘
716,10:49:49,6.47,0.0,113,73111,买盘
717,10:50:00,6.48,0.01,41,26568,买盘
718,10:50:04,6.47,-0.01,20,12940,卖盘
719,10:50:24,6.48,0.01,29,18792,买盘
720,10:50:55,6.47,-0.01,54,34938,卖盘
721,10:50:58,6.48,0.01,62,40176,买盘
722,10:51:12,6.47,-0.01,10,6470,卖盘
723,10:51:34,6.47,0.0,102,65994,卖盘
724,10:51:42,6.47,0.0,100,64700,卖盘
725,10:52:01,6.48,0.01,12,7776,买盘
726,10:52:06,6.47,-0.01,25,16175,卖盘
727,10:52:34,6.47,0.0,33,21351,卖盘
728,10:52:36,6.48,0.01,156,101022,买盘
729,10:52:42,6.47,-0.01,10,6470,卖盘
730,10:52:45,6.47,0.0,5,3235,卖盘
731,10:52:58,6.47,0.0,50,32350,卖盘
732,10:53:16,6.47,0.0,9,5823,卖盘
733,10:53:22,6.47,0.0,15,9705,卖盘
734,10:53:28,6.47,0.0,20,12940,卖盘
735,10:53:46,6.46,-0.01,24,15504,卖盘
736,10:53:55,6.46,0.0,1,646,卖盘
737,10:54:19,6.47,0.01,5,3235,买盘
738,10:54:22,6.46,-0.01,13,8398,卖盘
739,10:54:43,6.47,0.01,29,18763,买盘
740,10:55:43,6.47,0.0,5,3235,买盘
741,10:55:46,6.46,-0.01,8,5168,卖盘
742,10:56:28,6.46,0.0,65,41861,卖盘
743,10:56:37,6.46,0.0,50,32300,卖盘
744,10:56:49,6.47,0.01,48,31056,买盘
745,10:56:58,6.47,0.0,2,1294,买盘
746,10:57:04,6.46,-0.01,6,3876,卖盘
747,10:57:07,6.46,0.0,7,4522,卖盘
748,10:57:12,6.46,0.0,25,16150,卖盘
749,10:57:19,6.47,0.01,100,64700,买盘
750,10:57:25,6.47,0.0,99,64053,买盘
751,10:57:30,6.47,0.0,20,12940,买盘
752,10:57:43,6.47,0.0,10,6470,买盘
753,10:57:55,6.47,0.0,16,10352,买盘
754,10:58:16,6.47,0.0,40,25880,买盘
755,10:58:34,6.46,-0.01,50,32300,卖盘
756,10:58:58,6.46,0.0,3,1744,卖盘
757,10:59:04,6.46,0.0,5,3230,卖盘
758,11:00:06,6.46,0.0,23,14858,卖盘
759,11:00:37,6.47,0.01,17,10999,买盘
760,11:00:46,6.46,-0.01,14,9044,卖盘
761,11:00:51,6.46,0.0,7,4524,卖盘
762,11:00:58,6.46,0.0,100,64600,卖盘
763,11:01:22,6.47,0.01,40,25880,买盘
764,11:02:36,6.46,-0.01,148,95608,卖盘
765,11:02:52,6.47,0.01,10,6470,买盘
766,11:03:15,6.46,-0.01,10,6464,卖盘
767,11:03:25,6.47,0.01,6,3882,买盘
768,11:03:28,6.47,0.0,127,82169,买盘
769,11:03:42,6.46,-0.01,82,53295,卖盘
770,11:03:49,6.46,0.0,7,4199,买盘
771,11:04:45,6.46,0.0,30,19380,卖盘
772,11:05:24,6.46,0.0,74,47804,卖盘
773,11:05:27,6.46,0.0,7,4525,卖盘
774,11:06:15,6.46,0.0,18,11628,卖盘
775,11:06:37,6.46,0.0,20,12920,卖盘
776,11:08:13,6.47,0.01,192,124219,买盘
777,11:08:31,6.47,0.0,12,7764,买盘
778,11:08:39,6.47,0.0,20,12940,买盘
779,11:11:04,6.46,-0.01,73,47158,卖盘
780,11:11:40,6.46,0.0,3,1938,卖盘
781,11:12:31,6.47,0.01,26,16822,买盘
782,11:12:34,6.46,-0.01,14,9044,卖盘
783,11:12:46,6.47,0.01,1,647,买盘
784,11:12:52,6.46,-0.01,13,8398,卖盘
785,11:13:34,6.46,0.0,2,1292,卖盘
786,11:13:36,6.47,0.01,10,6470,买盘
787,11:13:46,6.46,-0.01,8,5168,卖盘
788,11:14:09,6.46,0.0,21,13566,卖盘
789,11:14:25,6.46,0.0,13,8398,卖盘
790,11:14:39,6.46,0.0,3,1938,卖盘
791,11:14:42,6.46,0.0,8,5168,卖盘
792,11:14:49,6.46,0.0,44,28424,卖盘
793,11:15:01,6.46,0.0,50,32300,卖盘
794,11:15:04,6.46,0.0,2,1292,卖盘
795,11:15:10,6.46,0.0,64,41344,卖盘
796,11:15:13,6.46,0.0,6,3876,卖盘
797,11:15:22,6.46,0.0,81,52649,卖盘
798,11:16:03,6.45,-0.01,7,4515,卖盘
799,11:16:16,6.45,0.0,10,6450,卖盘
800,11:16:21,6.45,0.0,7,4515,卖盘
801,11:16:36,6.46,0.01,10,6460,买盘
802,11:17:01,6.45,-0.01,20,12900,卖盘
803,11:17:22,6.46,0.01,75,48450,买盘
804,11:17:37,6.46,0.0,10,6460,买盘
805,11:17:43,6.46,0.0,48,31008,买盘
806,11:17:45,6.45,-0.01,60,38700,卖盘
807,11:17:49,6.46,0.01,5,3230,买盘
808,11:17:52,6.46,0.0,10,6460,买盘
809,11:18:09,6.45,-0.01,49,31605,卖盘
810,11:18:22,6.45,0.0,5,3225,卖盘
811,11:18:27,6.45,0.0,44,28380,卖盘
812,11:18:45,6.45,0.0,9,5547,卖盘
813,11:18:52,6.45,0.0,10,6450,买盘
814,11:19:16,6.45,0.0,30,19350,卖盘
815,11:19:25,6.45,0.0,4,2580,卖盘
816,11:19:43,6.45,0.0,10,6450,卖盘
817,11:19:49,6.45,0.0,32,20640,买盘
818,11:19:52,6.45,0.0,9,5805,买盘
819,11:20:04,6.45,0.0,1,645,买盘
820,11:20:06,6.45,0.0,179,115285,买盘
821,11:20:12,6.45,0.0,7,4515,买盘
822,11:20:43,6.45,0.0,7,4515,卖盘
823,11:20:48,6.45,0.0,53,34185,买盘
824,11:21:00,6.45,0.0,22,14190,卖盘
825,11:21:06,6.45,0.0,10,6450,卖盘
826,11:21:46,6.46,0.01,16,10336,买盘
827,11:22:22,6.45,-0.01,5,3225,卖盘
828,11:23:12,6.45,0.0,19,12255,卖盘
829,11:23:16,6.45,0.0,10,6450,卖盘
830,11:23:30,6.45,0.0,10,6450,卖盘
831,11:24:19,6.45,0.0,20,12900,卖盘
832,11:24:49,6.46,0.01,28,18088,买盘
833,11:24:55,6.46,0.0,25,16150,买盘
834,11:24:58,6.46,0.0,101,65246,买盘
835,11:25:01,6.46,0.0,9,5814,买盘
836,11:25:10,6.46,0.0,71,45543,买盘
837,11:25:12,6.47,0.01,93,60171,买盘
838,11:25:28,6.45,-0.02,56,36168,卖盘
839,11:26:16,6.45,0.0,52,33862,卖盘
840,11:26:19,6.45,0.0,4,2258,买盘
841,11:26:58,6.45,0.0,151,97396,买盘
842,11:27:00,6.47,0.02,20,12940,买盘
843,11:27:34,6.47,0.0,58,37526,买盘
844,11:27:43,6.47,0.0,1,647,买盘
845,11:28:52,6.46,-0.01,60,38760,卖盘
846,11:28:58,6.46,0.0,15,9690,买盘
847,11:29:01,6.47,0.01,312,202363,买盘
848,11:29:18,6.47,0.0,35,22645,卖盘
849,11:29:28,6.47,0.0,6,3882,卖盘
850,11:29:37,6.48,0.01,9,5832,买盘
851,11:29:43,6.47,-0.01,70,45290,卖盘
852,11:29:46,6.47,0.0,20,12940,卖盘
853,13:00:07,6.48,0.01,146,94483,买盘
854,13:00:09,6.47,-0.01,52,33137,卖盘
855,13:00:43,6.47,0.0,3,1941,买盘
856,13:00:52,6.47,0.0,37,24457,买盘
857,13:01:00,6.47,0.0,9,5305,卖盘
858,13:01:04,6.47,0.0,4,2588,买盘
859,13:02:31,6.46,-0.01,20,12920,卖盘
860,13:02:43,6.46,0.0,39,25194,卖盘
861,13:02:46,6.46,0.0,127,82042,卖盘
862,13:03:42,6.45,-0.01,1,645,卖盘
863,13:04:01,6.45,0.0,10,6450,卖盘
864,13:04:31,6.46,0.01,6,3876,买盘
865,13:04:43,6.45,-0.01,5,3225,卖盘
866,13:04:52,6.45,0.0,1,645,卖盘
867,13:05:07,6.45,0.0,10,6450,卖盘
868,13:05:16,6.45,0.0,10,6450,卖盘
869,13:05:30,6.45,0.0,110,70950,卖盘
870,13:06:21,6.45,0.0,91,58716,卖盘
871,13:06:27,6.45,0.0,2,1290,卖盘
872,13:06:52,6.45,0.0,10,6450,卖盘
873,13:06:58,6.46,0.01,20,12920,买盘
874,13:07:15,6.45,-0.01,67,43408,卖盘
875,13:07:27,6.45,0.0,1,516,卖盘
876,13:07:36,6.45,0.0,8,5160,卖盘
877,13:07:39,6.45,0.0,88,56631,卖盘
878,13:07:48,6.45,0.0,53,34185,卖盘
879,13:07:57,6.45,0.0,1,645,卖盘
880,13:08:12,6.45,0.0,5,3225,卖盘
881,13:08:24,6.45,0.0,14,9030,卖盘
882,13:08:30,6.45,0.0,5,3225,卖盘
883,13:08:36,6.45,0.0,5,3225,卖盘
884,13:08:39,6.45,0.0,8,5160,卖盘
885,13:09:10,6.46,0.01,10,6460,买盘
886,13:09:39,6.46,0.0,27,17442,买盘
887,13:09:52,6.45,-0.01,24,15480,卖盘
888,13:10:19,6.45,0.0,1,645,卖盘
889,13:10:21,6.45,0.0,91,59082,卖盘
890,13:10:30,6.45,0.0,31,19608,买盘
891,13:10:46,6.45,0.0,4,2580,卖盘
892,13:11:10,6.45,0.0,5,3225,卖盘
893,13:12:16,6.45,0.0,51,33282,卖盘
894,13:13:22,6.45,0.0,23,14835,买盘
895,13:14:07,6.44,-0.01,20,12880,卖盘
896,13:14:10,6.44,0.0,12,7728,卖盘
897,13:14:31,6.45,0.01,2,1290,买盘
898,13:14:52,6.45,0.0,100,64500,买盘
899,13:15:31,6.44,-0.01,16,10304,卖盘
900,13:15:58,6.44,0.0,4,2576,卖盘
901,13:16:00,6.44,0.0,10,6440,卖盘
902,13:16:04,6.45,0.01,10,6450,买盘
903,13:16:25,6.44,-0.01,1,644,卖盘
904,13:16:37,6.45,0.01,33,21285,买盘
905,13:16:46,6.44,-0.01,12,7728,卖盘
906,13:16:52,6.44,0.0,46,29624,卖盘
907,13:16:55,6.44,0.0,126,81144,卖盘
908,13:17:00,6.45,0.01,4,2580,买盘
909,13:17:07,6.44,-0.01,30,19320,卖盘
910,13:17:54,6.45,0.01,21,13535,买盘
911,13:18:43,6.45,0.0,19,12245,买盘
912,13:18:45,6.44,-0.01,9,5796,卖盘
913,13:19:10,6.44,0.0,67,43148,卖盘
914,13:19:22,6.44,0.0,13,8372,卖盘
915,13:19:46,6.44,0.0,58,37352,卖盘
916,13:19:49,6.44,0.0,50,32200,卖盘
917,13:20:10,6.44,0.0,100,64400,卖盘
918,13:20:24,6.44,0.0,40,25773,卖盘
919,13:20:40,6.44,0.0,6,3864,卖盘
920,13:21:13,6.44,0.0,24,15456,卖盘
921,13:21:40,6.44,0.0,30,19320,卖盘
922,13:21:52,6.44,0.0,5,3220,卖盘
923,13:22:07,6.44,0.0,68,43792,卖盘
924,13:22:16,6.44,0.0,7,4508,卖盘
925,13:22:22,6.45,0.01,50,32250,买盘
926,13:22:49,6.45,0.0,306,197037,买盘
927,13:23:10,6.45,0.0,40,25800,卖盘
928,13:23:19,6.45,0.0,25,16125,卖盘
929,13:23:22,6.45,0.0,8,5160,卖盘
930,13:23:24,6.45,0.0,5,3225,卖盘
931,13:23:28,6.45,0.0,26,16770,卖盘
932,13:23:36,6.45,0.0,7,4515,卖盘
933,13:23:45,6.45,0.0,16,10320,卖盘
934,13:23:52,6.45,0.0,99,63984,卖盘
935,13:23:55,6.45,0.0,20,12900,买盘
936,13:24:16,6.44,-0.01,50,32200,卖盘
937,13:24:24,6.44,0.0,50,32200,卖盘
938,13:25:04,6.45,0.01,2,1290,买盘
939,13:25:07,6.45,0.0,6,3870,买盘
940,13:25:09,6.44,-0.01,15,9660,卖盘
941,13:25:12,6.44,0.0,20,12880,卖盘
942,13:25:15,6.44,0.0,207,133308,卖盘
943,13:25:31,6.43,-0.01,21,13503,卖盘
944,13:25:46,6.43,0.0,60,38580,卖盘
945,13:26:04,6.43,0.0,1,643,卖盘
946,13:26:10,6.43,0.0,8,5144,卖盘
947,13:26:16,6.44,0.01,64,41216,买盘
948,13:26:34,6.44,0.0,2,1288,卖盘
949,13:26:52,6.45,0.01,20,12900,买盘
950,13:26:55,6.45,0.0,30,19350,买盘
951,13:27:40,6.44,-0.01,10,6440,卖盘
952,13:28:16,6.45,0.01,100,64500,买盘
953,13:28:19,6.44,-0.01,434,279496,卖盘
954,13:28:43,6.45,0.01,3,1935,买盘
955,13:28:51,6.45,0.0,15,9675,买盘
956,13:28:54,6.45,0.0,20,12900,买盘
957,13:28:58,6.44,-0.01,20,12880,卖盘
958,13:29:01,6.45,0.01,7,4515,买盘
959,13:29:16,6.45,0.0,100,64500,买盘
960,13:29:22,6.45,0.0,1,645,买盘
961,13:29:28,6.45,0.0,14,9030,买盘
962,13:29:37,6.45,0.0,35,22575,买盘
963,13:29:39,6.44,-0.01,10,6440,卖盘
964,13:29:46,6.45,0.01,10,6450,买盘
965,13:29:51,6.45,0.0,5,3225,买盘
966,13:29:55,6.45,0.0,20,12900,买盘
967,13:29:57,6.45,0.0,20,12900,买盘
968,13:30:07,6.44,-0.01,38,24379,卖盘
969,13:30:13,6.45,0.01,14,8901,买盘
970,13:30:25,6.46,0.01,1,646,买盘
971,13:30:34,6.46,0.0,19,12274,买盘
972,13:30:40,6.46,0.0,27,17442,买盘
973,13:31:07,6.45,-0.01,25,16145,卖盘
974,13:31:16,6.46,0.01,20,12920,买盘
975,13:31:36,6.46,0.0,2,1292,买盘
976,13:32:01,6.46,0.0,1,646,买盘
977,13:32:15,6.46,0.0,11,7106,买盘
978,13:32:19,6.46,0.0,22,14193,买盘
979,13:32:34,6.45,-0.01,13,8385,卖盘
980,13:32:48,6.45,0.0,5,3225,卖盘
981,13:33:31,6.45,0.0,10,6450,卖盘
982,13:33:55,6.46,0.01,1,646,买盘
983,13:34:04,6.45,-0.01,10,6450,卖盘
984,13:34:09,6.46,0.01,2,1292,买盘
985,13:34:19,6.45,-0.01,15,9675,卖盘
986,13:34:22,6.46,0.01,2,1292,买盘
987,13:34:31,6.45,-0.01,1,645,卖盘
988,13:34:40,6.46,0.01,1,646,买盘
989,13:34:52,6.45,-0.01,9,5805,卖盘
990,13:35:01,6.45,0.0,5,3225,卖盘
991,13:35:13,6.46,0.01,34,21964,买盘
992,13:35:36,6.46,0.0,1,646,买盘
993,13:35:39,6.46,0.0,20,12920,买盘
994,13:35:43,6.45,-0.01,7,4515,卖盘
995,13:35:49,6.45,0.0,28,18060,卖盘
996,13:35:58,6.45,0.0,3,1935,卖盘
997,13:36:10,6.45,0.0,10,6450,卖盘
998,13:36:16,6.46,0.01,7,4522,买盘
999,13:36:30,6.45,-0.01,10,6450,卖盘
1000,13:36:52,6.46,0.01,2,1292,买盘
1001,13:36:58,6.45,-0.01,16,10326,卖盘
1002,13:37:01,6.45,0.0,120,77400,卖盘
1003,13:37:27,6.45,0.0,20,12900,卖盘
1004,13:37:31,6.45,0.0,10,6450,卖盘
1005,13:37:37,6.45,0.0,30,19350,卖盘
1006,13:37:42,6.45,0.0,4,2580,卖盘
1007,13:37:48,6.45,0.0,24,15480,卖盘
1008,13:37:51,6.46,0.01,21,13546,买盘
1009,13:37:55,6.45,-0.01,44,28380,卖盘
1010,13:38:04,6.45,0.0,30,19350,卖盘
1011,13:38:16,6.46,0.01,111,71606,买盘
1012,13:38:19,6.45,-0.01,10,6450,卖盘
1013,13:38:28,6.46,0.01,1,646,买盘
1014,13:38:40,6.45,-0.01,6,3870,卖盘
1015,13:38:43,6.45,0.0,120,77400,卖盘
1016,13:38:49,6.45,0.0,20,12900,卖盘
1017,13:38:51,6.45,0.0,10,6450,卖盘
1018,13:39:01,6.45,0.0,17,10965,卖盘
1019,13:39:06,6.45,0.0,5,3225,卖盘
1020,13:39:13,6.45,0.0,15,9675,卖盘
1021,13:39:19,6.46,0.01,1,646,买盘
1022,13:39:25,6.45,-0.01,36,23220,卖盘
1023,13:39:36,6.45,0.0,27,17440,卖盘
1024,13:39:43,6.45,0.0,136,87720,卖盘
1025,13:39:49,6.45,0.0,9,5805,卖盘
1026,13:40:01,6.45,0.0,23,14835,卖盘
1027,13:40:04,6.45,0.0,36,23349,卖盘
1028,13:40:13,6.45,0.0,8,5031,买盘
1029,13:40:16,6.44,-0.01,40,25782,卖盘
1030,13:40:34,6.45,0.01,3,1935,卖盘
1031,13:40:46,6.45,0.0,66,42570,买盘
1032,13:40:49,6.45,0.0,2,1290,买盘
1033,13:40:52,6.45,0.0,13,8385,卖盘
1034,13:40:58,6.45,0.0,40,25800,卖盘
1035,13:41:13,6.45,0.0,5,3225,买盘
1036,13:41:16,6.45,0.0,5,3225,卖盘
1037,13:41:25,6.45,0.0,65,41925,买盘
1038,13:41:30,6.45,0.0,25,16125,卖盘
1039,13:41:51,6.46,0.01,1,646,买盘
1040,13:42:07,6.45,-0.01,14,9030,卖盘
1041,13:42:55,6.46,0.01,5,3230,买盘
1042,13:42:58,6.46,0.0,1,646,买盘
1043,13:43:06,6.46,0.0,2,1292,买盘
1044,13:43:10,6.46,0.0,2,1292,买盘
1045,13:43:19,6.46,0.0,1,646,买盘
1046,13:43:45,6.46,0.0,1,646,买盘
1047,13:44:06,6.46,0.0,42,27132,买盘
1048,13:44:10,6.46,0.0,16,10336,买盘
1049,13:44:12,6.46,0.0,50,32300,买盘
1050,13:44:22,6.46,0.0,10,6460,买盘
1051,13:44:25,6.45,-0.01,8,5160,卖盘
1052,13:44:28,6.45,0.0,50,32250,卖盘
1053,13:44:34,6.46,0.01,20,12920,买盘
1054,13:44:36,6.45,-0.01,15,9675,卖盘
1055,13:44:55,6.46,0.01,2,1292,买盘
1056,13:45:06,6.45,-0.01,152,98040,卖盘
1057,13:45:19,6.46,0.01,1,646,买盘
1058,13:45:31,6.46,0.0,239,154394,买盘
1059,13:45:40,6.46,0.0,2,1292,卖盘
1060,13:45:46,6.46,0.0,4,2584,卖盘
1061,13:46:13,6.46,0.0,8,5168,买盘
1062,13:46:25,6.46,0.0,1,646,买盘
1063,13:46:31,6.46,0.0,1,646,买盘
1064,13:46:34,6.46,0.0,8,5168,买盘
1065,13:47:04,6.46,0.0,5,3230,买盘
1066,13:47:13,6.45,-0.01,46,29681,卖盘
1067,13:47:16,6.47,0.02,1,647,买盘
1068,13:48:18,6.46,-0.01,1,646,买盘
1069,13:48:28,6.46,0.0,4,2584,买盘
1070,13:48:43,6.46,0.0,1,646,卖盘
1071,13:49:43,6.47,0.01,2,1294,买盘
1072,13:50:00,6.46,-0.01,2,1292,卖盘
1073,13:50:40,6.46,0.0,15,9690,卖盘
1074,13:50:46,6.46,0.0,114,73644,卖盘
1075,13:50:51,6.46,0.0,1,646,卖盘
1076,13:50:54,6.47,0.01,1,647,买盘
1077,13:50:57,6.47,0.0,34,21839,买盘
1078,13:51:10,6.47,0.0,61,39467,买盘
1079,13:51:16,6.46,-0.01,35,22610,卖盘
1080,13:51:18,6.46,0.0,45,29070,卖盘
1081,13:51:21,6.47,0.01,14,9058,买盘
1082,13:51:25,6.46,-0.01,10,6460,卖盘
1083,13:51:40,6.47,0.01,1,647,买盘
1084,13:51:57,6.46,-0.01,2,1809,卖盘
1085,13:52:07,6.47,0.01,2,1294,买盘
1086,13:52:10,6.46,-0.01,1,646,卖盘
1087,13:52:22,6.47,0.01,2,1294,买盘
1088,13:52:43,6.47,0.0,200,129400,买盘
1089,13:52:49,6.47,0.0,20,12940,买盘
1090,13:52:52,6.47,0.0,30,19410,买盘
1091,13:53:01,6.47,0.0,31,20057,买盘
1092,13:53:06,6.47,0.0,31,20057,买盘
1093,13:53:10,6.47,0.0,17,10999,买盘
1094,13:53:15,6.47,0.0,40,25880,买盘
1095,13:53:22,6.46,-0.01,10,6460,卖盘
1096,13:53:28,6.47,0.01,30,19410,买盘
1097,13:53:40,6.47,0.0,159,102873,买盘
1098,13:53:43,6.46,-0.01,12,7754,卖盘
1099,13:53:52,6.47,0.01,20,12940,买盘
1100,13:53:57,6.47,0.0,70,45290,买盘
1101,13:54:01,6.47,0.0,20,12940,买盘
1102,13:54:07,6.47,0.0,10,6470,买盘
1103,13:54:16,6.47,0.0,15,9705,买盘
1104,13:54:19,6.47,0.0,33,21347,买盘
1105,13:54:22,6.46,-0.01,11,7106,卖盘
1106,13:54:25,6.47,0.01,16,10352,买盘
1107,13:54:49,6.48,0.01,1,648,买盘
1108,13:54:58,6.47,-0.01,5,3235,卖盘
1109,13:55:13,6.47,0.0,157,101579,卖盘
1110,13:55:34,6.48,0.01,1,648,买盘
1111,13:55:37,6.47,-0.01,16,10352,卖盘
1112,13:56:04,6.48,0.01,84,54432,买盘
1113,13:56:12,6.48,0.0,361,233928,买盘
1114,13:56:21,6.48,0.0,33,21384,买盘
1115,13:56:28,6.48,0.0,10,6480,买盘
1116,13:56:30,6.48,0.0,1,648,买盘
1117,13:56:39,6.48,0.0,3,1944,买盘
1118,13:56:46,6.48,0.0,70,45360,买盘
1119,13:56:49,6.48,0.0,15,9720,买盘
1120,13:57:10,6.48,0.0,2,1296,买盘
1121,13:57:19,6.48,0.0,1,648,买盘
1122,13:57:31,6.47,-0.01,5,3235,卖盘
1123,13:57:34,6.48,0.01,20,12960,买盘
1124,13:57:52,6.48,0.0,1,648,买盘
1125,13:58:16,6.48,0.0,25,16200,买盘
1126,13:58:22,6.48,0.0,4,2592,买盘
1127,13:58:31,6.48,0.0,10,6480,买盘
1128,13:58:43,6.47,-0.01,10,6470,卖盘
1129,13:58:54,6.47,0.0,50,32350,卖盘
1130,13:58:57,6.47,0.0,873,564831,卖盘
1131,13:59:01,6.47,0.0,36,23292,买盘
1132,13:59:04,6.47,0.0,1,647,买盘
1133,13:59:25,6.47,0.0,20,12940,买盘
1134,13:59:30,6.47,0.0,100,64700,买盘
1135,13:59:36,6.47,0.0,11,7117,买盘
1136,13:59:46,6.46,-0.01,5,3230,卖盘
1137,13:59:49,6.47,0.01,81,52407,买盘
1138,13:59:55,6.46,-0.01,394,254524,卖盘
1139,14:00:16,6.46,0.0,331,213829,卖盘
1140,14:00:36,6.46,0.0,350,225842,卖盘
1141,14:00:46,6.46,0.0,17,10982,卖盘
1142,14:01:04,6.47,0.01,2,1294,买盘
1143,14:01:10,6.46,-0.01,15,9690,卖盘
1144,14:01:13,6.46,0.0,10,6460,卖盘
1145,14:01:31,6.46,0.0,1,646,卖盘
1146,14:01:40,6.46,0.0,2,1163,卖盘
1147,14:01:46,6.46,0.0,101,65247,卖盘
1148,14:01:58,6.46,0.0,10,6460,卖盘
1149,14:02:01,6.46,0.0,14,9044,卖盘
1150,14:02:13,6.47,0.01,1,647,买盘
1151,14:02:19,6.47,0.0,3,1941,买盘
1152,14:02:25,6.46,-0.01,10,6460,卖盘
1153,14:02:43,6.47,0.01,6,3882,买盘
1154,14:02:49,6.47,0.0,1,647,买盘
1155,14:02:55,6.46,-0.01,10,6460,卖盘
1156,14:03:40,6.47,0.01,7,4529,买盘
1157,14:03:55,6.47,0.0,22,14234,买盘
1158,14:04:10,6.47,0.0,1,647,买盘
1159,14:04:28,6.47,0.0,7,4529,买盘
1160,14:05:10,6.47,0.0,35,22645,买盘
1161,14:05:19,6.47,0.0,2,1294,买盘
1162,14:05:43,6.47,0.0,40,25880,买盘
1163,14:05:52,6.47,0.0,11,7117,买盘
1164,14:06:07,6.46,-0.01,42,27132,卖盘
1165,14:06:13,6.47,0.01,61,39467,买盘
1166,14:06:19,6.47,0.0,30,19410,买盘
1167,14:06:46,6.47,0.0,972,628884,买盘
1168,14:06:55,6.48,0.01,2,1296,买盘
1169,14:07:01,6.47,-0.01,5,3235,卖盘
1170,14:07:06,6.48,0.01,100,64800,买盘
1171,14:07:10,6.48,0.0,36,23328,买盘
1172,14:07:13,6.48,0.0,75,48600,买盘
1173,14:07:16,6.48,0.0,132,85536,买盘
1174,14:07:31,6.48,0.0,69,44712,买盘
1175,14:07:34,6.48,0.0,20,12960,买盘
1176,14:07:40,6.48,0.0,22,14256,买盘
1177,14:07:54,6.48,0.0,2,1296,买盘
1178,14:08:04,6.49,0.01,1728,1121271,买盘
1179,14:08:10,6.48,-0.01,10,6480,买盘
1180,14:08:15,6.49,0.01,45,29205,买盘
1181,14:08:28,6.49,0.0,3,1947,买盘
1182,14:08:36,6.49,0.0,13,8437,卖盘
1183,14:08:39,6.5,0.01,200,130000,买盘
1184,14:08:49,6.5,0.0,29,18850,买盘
1185,14:08:55,6.5,0.0,66,42900,买盘
1186,14:09:01,6.5,0.0,8,5200,买盘
1187,14:09:04,6.5,0.0,15,9750,买盘
1188,14:09:07,6.5,0.0,5,3250,买盘
1189,14:09:10,6.5,0.0,2,1300,买盘
1190,14:09:16,6.5,0.0,140,91000,买盘
1191,14:09:28,6.5,0.0,3,1950,买盘
1192,14:09:31,6.5,0.0,54,35100,买盘
1193,14:09:33,6.5,0.0,7,4550,买盘
1194,14:09:40,6.5,0.0,60,39000,买盘
1195,14:09:49,6.49,-0.01,107,69443,卖盘
1196,14:09:52,6.49,0.0,5,3245,买盘
1197,14:10:01,6.49,0.0,25,16225,买盘
1198,14:10:04,6.49,0.0,10,6490,买盘
1199,14:10:07,6.49,0.0,12,7788,买盘
1200,14:10:10,6.49,0.0,5,3245,买盘
1201,14:10:13,6.49,0.0,3,1947,买盘
1202,14:10:18,6.48,-0.01,43,27864,卖盘
1203,14:10:43,6.49,0.01,13,8437,买盘
1204,14:10:51,6.49,0.0,50,32450,买盘
1205,14:10:58,6.49,0.0,23,14927,买盘
1206,14:11:01,6.49,0.0,19,12331,买盘
1207,14:11:07,6.49,0.0,26,16874,买盘
1208,14:11:10,6.5,0.01,31,20150,买盘
1209,14:11:16,6.5,0.0,8,5200,买盘
1210,14:12:09,6.5,0.0,52,33800,买盘
1211,14:12:16,6.49,-0.01,4,2598,卖盘
1212,14:12:28,6.49,0.0,168,109082,卖盘
1213,14:12:31,6.49,0.0,20,12980,买盘
1214,14:12:43,6.49,0.0,5,3245,买盘
1215,14:12:51,6.49,0.0,51,33099,买盘
1216,14:12:55,6.49,0.0,1,649,买盘
1217,14:12:58,6.49,0.0,138,89562,买盘
1218,14:13:18,6.5,0.01,1,650,买盘
1219,14:13:27,6.49,-0.01,5,3245,卖盘
1220,14:13:31,6.49,0.0,40,25960,卖盘
1221,14:13:43,6.49,0.0,5,3245,卖盘
1222,14:13:45,6.49,0.0,3,1947,卖盘
1223,14:13:48,6.49,0.0,10,6490,卖盘
1224,14:13:55,6.49,0.0,1,649,卖盘
1225,14:14:04,6.49,0.0,6,3894,卖盘
1226,14:14:10,6.49,0.0,88,57112,卖盘
1227,14:14:16,6.5,0.01,1,650,买盘
1228,14:14:19,6.5,0.0,22,14300,买盘
1229,14:14:25,6.49,-0.01,5,3245,卖盘
1230,14:14:27,6.49,0.0,5,3245,卖盘
1231,14:14:31,6.5,0.01,1,650,买盘
1232,14:14:40,6.49,-0.01,100,64900,卖盘
1233,14:14:49,6.49,0.0,107,69443,卖盘
1234,14:15:01,6.49,0.0,3,1947,卖盘
1235,14:15:13,6.49,0.0,5,3245,卖盘
1236,14:15:21,6.49,0.0,5,3245,卖盘
1237,14:15:27,6.49,0.0,11,7139,卖盘
1238,14:15:31,6.49,0.0,90,58410,卖盘
1239,14:15:40,6.5,0.01,11,7140,买盘
1240,14:15:43,6.5,0.0,4,2600,买盘
1241,14:15:52,6.49,-0.01,4,2596,卖盘
1242,14:15:54,6.5,0.01,17,11050,买盘
1243,14:15:57,6.49,-0.01,15,9735,卖盘
1244,14:16:10,6.5,0.01,1,650,买盘
1245,14:16:24,6.49,-0.01,100,65130,卖盘
1246,14:16:28,6.5,0.01,14,9088,买盘
1247,14:16:49,6.49,-0.01,39,25311,卖盘
1248,14:17:06,6.5,0.01,11,7150,买盘
1249,14:17:09,6.5,0.0,3,1950,买盘
1250,14:17:12,6.5,0.0,1,650,买盘
1251,14:17:51,6.5,0.0,1,650,买盘
1252,14:17:54,6.5,0.0,7,4550,买盘
1253,14:18:01,6.5,0.0,10,6500,买盘
1254,14:18:10,6.5,0.0,1,650,买盘
1255,14:18:16,6.49,-0.01,133,86317,卖盘
1256,14:18:25,6.49,0.0,100,64900,卖盘
1257,14:18:34,6.49,0.0,3,1947,卖盘
1258,14:18:37,6.49,0.0,15,9735,卖盘
1259,14:18:49,6.49,0.0,28,18172,卖盘
1260,14:18:52,6.5,0.01,318,206700,买盘
1261,14:18:58,6.5,0.0,80,52000,买盘
1262,14:19:04,6.5,0.0,35,22750,买盘
1263,14:19:06,6.5,0.0,13,8450,买盘
1264,14:19:12,6.5,0.0,10,6500,买盘
1265,14:19:16,6.5,0.0,31,20150,买盘
1266,14:19:22,6.5,0.0,10,6500,买盘
1267,14:19:28,6.49,-0.01,10,6492,卖盘
1268,14:19:31,6.5,0.01,126,81895,买盘
1269,14:19:51,6.49,-0.01,230,149497,卖盘
1270,14:20:10,6.49,0.0,79,51281,卖盘
1271,14:20:13,6.5,0.01,10,6500,买盘
1272,14:20:15,6.5,0.0,1,650,买盘
1273,14:20:31,6.49,-0.01,18,11682,卖盘
1274,14:20:33,6.5,0.01,233,151450,买盘
1275,14:20:36,6.5,0.0,10,6500,中性盘
1276,14:20:46,6.5,0.0,10,6500,卖盘
1277,14:20:49,6.51,0.01,30,19530,买盘
1278,14:20:52,6.5,-0.01,46,29900,卖盘
1279,14:20:55,6.5,0.0,7,4550,卖盘
1280,14:20:57,6.5,0.0,10,6500,买盘
1281,14:21:01,6.5,0.0,6,3900,买盘
1282,14:21:04,6.51,0.01,30,19506,买盘
1283,14:21:19,6.5,-0.01,2,1300,卖盘
1284,14:21:28,6.51,0.01,9,5852,买盘
1285,14:21:37,6.5,-0.01,22,14300,卖盘
1286,14:21:40,6.5,0.0,10,6500,卖盘
1287,14:21:43,6.5,0.0,19,12350,卖盘
1288,14:21:49,6.5,0.0,83,53950,卖盘
1289,14:21:55,6.5,0.0,1,650,买盘
1290,14:22:04,6.5,0.0,5,3250,买盘
1291,14:22:07,6.5,0.0,4,2600,买盘
1292,14:22:10,6.5,0.0,27,17550,买盘
1293,14:22:16,6.5,0.0,1,650,买盘
1294,14:22:28,6.5,0.0,11,7150,买盘
1295,14:22:31,6.49,-0.01,40,25970,卖盘
1296,14:22:40,6.49,0.0,20,12980,卖盘
1297,14:22:46,6.5,0.01,1,650,买盘
1298,14:22:52,6.49,-0.01,10,6490,卖盘
1299,14:22:55,6.5,0.01,30,19500,买盘
1300,14:23:00,6.49,-0.01,20,12980,卖盘
1301,14:23:31,6.49,0.0,6,3894,卖盘
1302,14:23:43,6.49,0.0,50,32450,卖盘
1303,14:24:07,6.5,0.01,1,650,买盘
1304,14:24:10,6.49,-0.01,20,12980,卖盘
1305,14:24:12,6.5,0.01,64,41600,买盘
1306,14:24:19,6.5,0.0,199,129350,买盘
1307,14:24:36,6.49,-0.01,4,2596,卖盘
1308,14:24:49,6.49,0.0,2,1298,卖盘
1309,14:25:16,6.48,-0.01,566,366860,卖盘
1310,14:25:19,6.48,0.0,2,1296,买盘
1311,14:25:21,6.48,0.0,12,7776,买盘
1312,14:25:31,6.48,0.0,2,1296,买盘
1313,14:25:36,6.47,-0.01,57,36879,卖盘
1314,14:25:39,6.48,0.01,20,12960,买盘
1315,14:25:43,6.48,0.0,6,3888,买盘
1316,14:25:52,6.47,-0.01,1,647,卖盘
1317,14:25:55,6.47,0.0,100,64700,卖盘
1318,14:25:57,6.48,0.01,1,648,买盘
1319,14:26:07,6.48,0.0,191,123898,买盘
1320,14:26:10,6.47,-0.01,131,84816,卖盘
1321,14:26:13,6.48,0.01,33,21384,卖盘
1322,14:26:25,6.49,0.01,10,6490,买盘
1323,14:26:54,6.48,-0.01,165,106920,卖盘
1324,14:26:57,6.49,0.01,18,11682,买盘
1325,14:27:10,6.49,0.0,1,649,买盘
1326,14:27:15,6.49,0.0,13,8437,买盘
1327,14:27:37,6.49,0.0,147,95403,买盘
1328,14:27:40,6.49,0.0,1,649,买盘
1329,14:27:43,6.49,0.0,2,1298,买盘
1330,14:27:54,6.49,0.0,4,2596,买盘
1331,14:27:58,6.49,0.0,10,6490,买盘
1332,14:28:07,6.49,0.0,24,15576,买盘
1333,14:28:10,6.49,0.0,5,3245,卖盘
1334,14:28:22,6.49,0.0,14,9097,卖盘
1335,14:28:25,6.5,0.01,1,650,买盘
1336,14:28:31,6.5,0.0,40,26000,买盘
1337,14:28:39,6.5,0.0,1,650,买盘
1338,14:29:04,6.5,0.0,1,650,买盘
1339,14:29:10,6.5,0.0,17,11050,买盘
1340,14:29:13,6.49,-0.01,123,79830,卖盘
1341,14:29:40,6.49,0.0,2,1299,卖盘
1342,14:29:46,6.49,0.0,161,104639,卖盘
1343,14:29:52,6.49,0.0,4,2596,卖盘
1344,14:29:55,6.5,0.01,1,650,买盘
1345,14:30:04,6.49,-0.01,5,3245,卖盘
1346,14:30:15,6.5,0.01,1,650,买盘
1347,14:30:21,6.5,0.0,10,6500,买盘
1348,14:30:37,6.5,0.0,29,18850,买盘
1349,14:30:40,6.5,0.0,1,650,买盘
1350,14:30:49,6.5,0.0,20,13000,买盘
1351,14:30:55,6.5,0.0,1,650,买盘
1352,14:30:58,6.5,0.0,13,8450,买盘
1353,14:31:21,6.5,0.0,67,43503,买盘
1354,14:31:40,6.5,0.0,1,650,买盘
1355,14:31:48,6.5,0.0,1,650,买盘
1356,14:31:55,6.5,0.0,5,3250,买盘
1357,14:32:09,6.49,-0.01,31,20120,卖盘
1358,14:32:18,6.5,0.01,1,650,买盘
1359,14:32:21,6.49,-0.01,123,79827,卖盘
1360,14:32:31,6.5,0.01,9,5850,买盘
1361,14:32:33,6.49,-0.01,16,10387,卖盘
1362,14:32:43,6.49,0.0,20,12980,卖盘
1363,14:32:46,6.49,0.0,5,3245,卖盘
1364,14:32:49,6.49,0.0,89,57761,卖盘
1365,14:32:52,6.49,0.0,15,9735,买盘
1366,14:32:55,6.5,0.01,50,32494,买盘
1367,14:33:07,6.49,-0.01,56,36344,买盘
1368,14:33:12,6.49,0.0,9,5841,买盘
1369,14:33:15,6.49,0.0,84,54516,买盘
1370,14:33:46,6.49,0.0,5,3245,卖盘
1371,14:33:52,6.49,0.0,15,9735,卖盘
1372,14:34:01,6.5,0.01,98,63700,买盘
1373,14:34:13,6.49,-0.01,5,3245,卖盘
1374,14:34:22,6.5,0.01,10,6500,买盘
1375,14:34:25,6.49,-0.01,7,4673,卖盘
1376,14:34:28,6.49,0.0,12,7788,卖盘
1377,14:34:37,6.49,0.0,30,19470,卖盘
1378,14:35:04,6.5,0.01,100,65000,买盘
1379,14:35:10,6.5,0.0,264,171600,买盘
1380,14:35:15,6.5,0.0,21,13648,买盘
1381,14:35:18,6.5,0.0,126,81900,买盘
1382,14:35:28,6.5,0.0,20,13000,买盘
1383,14:35:31,6.5,0.0,100,65000,买盘
1384,14:35:37,6.5,0.0,4,2600,买盘
1385,14:35:40,6.5,0.0,20,13000,买盘
1386,14:35:43,6.5,0.0,20,13000,买盘
1387,14:35:52,6.5,0.0,20,13000,买盘
1388,14:35:55,6.5,0.0,20,13000,买盘
1389,14:36:01,6.5,0.0,54,35099,买盘
1390,14:36:04,6.5,0.0,5,3250,买盘
1391,14:36:07,6.5,0.0,120,78000,买盘
1392,14:36:10,6.5,0.0,8,5200,买盘
1393,14:36:13,6.5,0.0,41,26650,买盘
1394,14:36:16,6.5,0.0,18,11700,买盘
1395,14:36:19,6.5,0.0,30,19500,买盘
1396,14:36:33,6.5,0.0,50,32500,买盘
1397,14:36:42,6.5,0.0,13,8450,买盘
1398,14:36:48,6.49,-0.01,12,7795,卖盘
1399,14:37:01,6.5,0.01,100,65000,买盘
1400,14:37:07,6.5,0.0,9,5850,买盘
1401,14:37:10,6.5,0.0,78,50700,买盘
1402,14:37:13,6.5,0.0,16,10400,买盘
1403,14:37:16,6.49,-0.01,11,7143,卖盘
1404,14:37:18,6.5,0.01,50,32500,买盘
1405,14:37:25,6.5,0.0,7,4550,买盘
1406,14:37:27,6.5,0.0,79,51350,卖盘
1407,14:37:40,6.5,0.0,66,42900,卖盘
1408,14:37:49,6.51,0.01,46,29946,买盘
1409,14:37:58,6.51,0.0,27,17560,买盘
1410,14:38:04,6.51,0.0,11,7161,买盘
1411,14:38:10,6.51,0.0,1,651,买盘
1412,14:38:19,6.51,0.0,23,14973,买盘
1413,14:38:22,6.5,-0.01,15,9750,卖盘
1414,14:38:28,6.51,0.01,1,651,买盘
1415,14:38:31,6.51,0.0,8,5208,买盘
1416,14:38:36,6.51,0.0,3,1953,买盘
1417,14:38:49,6.5,-0.01,14,9110,卖盘
1418,14:38:55,6.5,0.0,21,13663,卖盘
1419,14:39:04,6.5,0.0,21,13650,卖盘
1420,14:39:10,6.51,0.01,4,2601,买盘
1421,14:39:25,6.51,0.0,1,651,买盘
1422,14:39:34,6.51,0.0,24,15616,买盘
1423,14:39:42,6.51,0.0,20,13020,买盘
1424,14:39:52,6.5,-0.01,5,3250,卖盘
1425,14:39:55,6.51,0.01,1,651,买盘
1426,14:40:06,6.5,-0.01,20,13000,卖盘
1427,14:40:09,6.51,0.01,1,651,买盘
1428,14:40:16,6.51,0.0,31,20181,买盘
1429,14:40:25,6.5,-0.01,10,6500,卖盘
1430,14:40:40,6.5,0.0,72,46871,卖盘
1431,14:40:43,6.5,0.0,4,2600,卖盘
1432,14:40:49,6.5,0.0,196,127412,卖盘
1433,14:40:55,6.5,0.0,20,13000,卖盘
1434,14:41:10,6.5,0.0,100,65000,卖盘
1435,14:41:16,6.51,0.01,9,5859,买盘
1436,14:41:19,6.5,-0.01,40,26000,卖盘
1437,14:41:22,6.5,0.0,60,39000,卖盘
1438,14:41:25,6.5,0.0,50,32500,卖盘
1439,14:41:37,6.5,0.0,10,6500,卖盘
1440,14:41:40,6.49,-0.01,500,324561,卖盘
1441,14:41:49,6.5,0.01,3,1950,中性盘
1442,14:41:58,6.5,0.0,86,55900,买盘
1443,14:42:01,6.5,0.0,23,14950,买盘
1444,14:42:18,6.5,0.0,33,21450,买盘
1445,14:42:27,6.5,0.0,8,5200,卖盘
1446,14:42:34,6.5,0.0,24,15600,卖盘
1447,14:42:37,6.51,0.01,92,59892,买盘
1448,14:43:04,6.5,-0.01,50,32500,卖盘
1449,14:43:07,6.51,0.01,20,13020,买盘
1450,14:43:10,6.51,0.0,1,651,买盘
1451,14:43:13,6.5,-0.01,20,13000,卖盘
1452,14:43:16,6.51,0.01,33,21483,买盘
1453,14:43:52,6.5,0.0,1,650,卖盘
1454,14:43:55,6.5,0.0,5,3250,卖盘
1455,14:44:01,6.5,0.0,100,65000,卖盘
1456,14:44:10,6.5,0.0,419,272318,卖盘
1457,14:44:16,6.5,0.0,5,3250,买盘
1458,14:44:28,6.5,0.0,92,59800,买盘
1459,14:44:40,6.49,-0.01,17,11033,卖盘
1460,14:44:43,6.49,0.0,5,3245,卖盘
1461,14:44:46,6.5,0.01,10,6500,买盘
1462,14:44:49,6.49,-0.01,10,6490,卖盘
1463,14:45:01,6.5,0.01,92,59800,买盘
1464,14:45:06,6.49,-0.01,244,158356,卖盘
1465,14:45:10,6.5,0.01,2,1300,买盘
1466,14:45:28,6.5,0.0,101,65640,买盘
1467,14:45:46,6.5,0.0,1,650,买盘
1468,14:45:55,6.5,0.0,50,32500,买盘
1469,14:45:58,6.5,0.0,92,59800,买盘
1470,14:46:01,6.49,-0.01,10,6492,卖盘
1471,14:46:04,6.5,0.01,2,1300,买盘
1472,14:46:16,6.49,-0.01,13,8437,卖盘
1473,14:46:18,6.5,0.01,92,59800,买盘
1474,14:46:27,6.49,-0.01,10,6490,卖盘
1475,14:46:31,6.5,0.01,1,650,买盘
1476,14:46:34,6.5,0.0,51,33149,买盘
1477,14:46:37,6.5,0.0,443,287982,买盘
1478,14:46:40,6.5,0.0,31,20150,卖盘
1479,14:46:43,6.5,0.0,7,4550,卖盘
1480,14:46:48,6.5,0.0,1,273,卖盘
1481,14:46:52,6.5,0.0,100,65000,卖盘
1482,14:46:55,6.51,0.01,2,1302,买盘
1483,14:46:58,6.51,0.0,216,140616,买盘
1484,14:47:10,6.51,0.0,1,651,买盘
1485,14:47:13,6.5,-0.01,37,24050,卖盘
1486,14:47:28,6.51,0.01,3,1953,买盘
1487,14:47:31,6.5,-0.01,176,114400,卖盘
1488,14:47:34,6.5,0.0,10,6844,买盘
1489,14:47:40,6.51,0.01,2,1302,买盘
1490,14:47:43,6.49,-0.02,126,81575,卖盘
1491,14:47:46,6.51,0.02,30,19510,买盘
1492,14:48:01,6.5,-0.01,11,7150,卖盘
1493,14:48:12,6.5,0.0,10,6500,卖盘
1494,14:48:16,6.51,0.01,10,6510,买盘
1495,14:48:28,6.5,-0.01,10,6500,卖盘
1496,14:48:31,6.51,0.01,200,130200,买盘
1497,14:48:37,6.51,0.0,53,34451,买盘
1498,14:48:46,6.51,0.0,17,11067,买盘
1499,14:48:55,6.5,-0.01,200,130000,卖盘
1500,14:48:58,6.51,0.01,17,11067,买盘
1501,14:49:09,6.5,-0.01,40,26030,卖盘
1502,14:49:16,6.5,0.0,5,3250,卖盘
1503,14:49:22,6.5,0.0,50,32500,卖盘
1504,14:49:25,6.5,0.0,2,1300,卖盘
1505,14:49:37,6.5,0.0,147,95692,卖盘
1506,14:49:40,6.51,0.01,112,72912,买盘
1507,14:49:54,6.51,0.0,22,14322,买盘
1508,14:50:04,6.51,0.0,50,32550,买盘
1509,14:50:06,6.51,0.0,92,59880,买盘
1510,14:50:10,6.51,0.0,22,14322,买盘
1511,14:50:13,6.5,-0.01,31,20151,卖盘
1512,14:50:16,6.51,0.01,56,36446,买盘
1513,14:50:25,6.51,0.0,18,11701,买盘
1514,14:50:31,6.51,0.0,133,86583,买盘
1515,14:50:34,6.51,0.0,6,3906,买盘
1516,14:50:40,6.51,0.0,10,6510,买盘
1517,14:50:45,6.51,0.0,2,1302,买盘
1518,14:50:48,6.5,-0.01,1,650,卖盘
1519,14:50:52,6.51,0.01,5,3255,买盘
1520,14:50:55,6.51,0.0,64,41664,买盘
1521,14:51:01,6.5,-0.01,8,5200,卖盘
1522,14:51:19,6.5,0.0,9,5850,卖盘
1523,14:51:22,6.51,0.01,20,13020,买盘
1524,14:51:34,6.51,0.0,5,3255,买盘
1525,14:51:36,6.5,-0.01,65,42250,卖盘
1526,14:51:42,6.51,0.01,45,29295,买盘
1527,14:51:52,6.51,0.0,2,1302,买盘
1528,14:51:55,6.5,-0.01,28,18200,卖盘
1529,14:52:01,6.51,0.01,50,32550,买盘
1530,14:52:04,6.51,0.0,17,11067,买盘
1531,14:52:10,6.51,0.0,1,651,买盘
1532,14:52:13,6.51,0.0,10,6510,买盘
1533,14:52:15,6.51,0.0,166,108066,买盘
1534,14:52:18,6.5,-0.01,2,1300,卖盘
1535,14:52:25,6.51,0.01,48,31248,买盘
1536,14:52:33,6.51,0.0,3,1953,买盘
1537,14:52:37,6.5,-0.01,6,3900,卖盘
1538,14:52:39,6.51,0.01,75,48825,买盘
1539,14:52:43,6.51,0.0,10,6510,买盘
1540,14:52:46,6.5,-0.01,30,19500,卖盘
1541,14:52:55,6.5,0.0,2,1300,卖盘
1542,14:53:00,6.5,0.0,15,9755,卖盘
1543,14:53:04,6.51,0.01,50,32550,买盘
1544,14:53:19,6.5,-0.01,1,650,卖盘
1545,14:53:22,6.51,0.01,25,16275,买盘
1546,14:53:31,6.51,0.0,38,24738,买盘
1547,14:53:34,6.5,-0.01,7,4550,卖盘
1548,14:53:37,6.51,0.01,10,6510,买盘
1549,14:53:48,6.5,-0.01,2,1300,卖盘
1550,14:53:51,6.51,0.01,24,15624,买盘
1551,14:53:54,6.51,0.0,2,1302,买盘
1552,14:53:58,6.5,-0.01,34,22100,卖盘
1553,14:54:06,6.51,0.01,10,6510,买盘
1554,14:54:10,6.5,-0.01,202,131501,卖盘
1555,14:54:13,6.51,0.01,93,60543,买盘
1556,14:54:16,6.5,-0.01,10,6500,卖盘
1557,14:54:22,6.5,0.0,156,101551,卖盘
1558,14:54:25,6.5,0.0,73,47450,卖盘
1559,14:54:28,6.5,0.0,100,65000,卖盘
1560,14:54:31,6.5,0.0,143,93043,卖盘
1561,14:54:37,6.51,0.01,23,14973,买盘
1562,14:54:40,6.51,0.0,5,3255,买盘
1563,14:54:43,6.51,0.0,64,41653,买盘
1564,14:54:46,6.5,-0.01,5,3250,卖盘
1565,14:54:49,6.51,0.01,47,30597,买盘
1566,14:54:51,6.5,-0.01,18,11708,卖盘
1567,14:54:54,6.51,0.01,4,2604,买盘
1568,14:54:57,6.5,-0.01,20,13000,卖盘
1569,14:55:01,6.51,0.01,61,39711,买盘
1570,14:55:04,6.51,0.0,959,624439,买盘
1571,14:55:07,6.51,0.0,60,39060,卖盘
1572,14:55:13,6.51,0.0,200,130200,卖盘
1573,14:55:16,6.51,0.0,9,5859,卖盘
1574,14:55:18,6.51,0.0,7,4557,卖盘
1575,14:55:22,6.51,0.0,35,22785,卖盘
1576,14:55:25,6.51,0.0,10,6510,卖盘
1577,14:55:28,6.51,0.0,5,3255,卖盘
1578,14:55:31,6.51,0.0,20,13020,卖盘
1579,14:55:40,6.51,0.0,55,35805,卖盘
1580,14:55:42,6.51,0.0,15,9765,卖盘
1581,14:55:46,6.52,0.01,4,2608,买盘
1582,14:55:52,6.51,-0.01,20,13020,卖盘
1583,14:55:55,6.52,0.01,131,85311,买盘
1584,14:56:04,6.51,-0.01,52,33884,卖盘
1585,14:56:07,6.51,0.0,46,29946,卖盘
1586,14:56:10,6.51,0.0,39,25389,卖盘
1587,14:56:13,6.52,0.01,15,9775,买盘
1588,14:56:16,6.51,-0.01,6,3906,卖盘
1589,14:56:19,6.52,0.01,93,60636,买盘
1590,14:56:22,6.52,0.0,219,142788,买盘
1591,14:56:24,6.52,0.0,11,7172,买盘
1592,14:56:34,6.51,-0.01,10,6510,卖盘
1593,14:56:37,6.52,0.01,100,65200,买盘
1594,14:56:40,6.52,0.0,52,33904,买盘
1595,14:56:46,6.51,-0.01,51,33251,卖盘
1596,14:56:49,6.52,0.01,99,64548,买盘
1597,14:56:52,6.52,0.0,140,91280,买盘
1598,14:56:55,6.52,0.0,288,187776,买盘
1599,14:56:57,6.52,0.0,20,13040,买盘
1600,14:57:01,6.51,-0.01,76,49521,卖盘
1601,14:57:04,6.52,0.01,579,377638,买盘
1602,15:00:05,6.52,0.0,1627,1060804,卖盘
