,time,price,change,volume,amount,type
0,09:25:04,6.05,-0.02,94,56870,卖盘
1,09:30:05,6.04,-0.01,37,22348,卖盘
2,09:30:07,6.03,-0.01,580,349819,中性盘
3,09:30:10,6.04,0.01,10,6040,买盘
4,09:30:19,6.04,0.0,5,3020,买盘
5,09:30:22,6.01,-0.03,100,60186,卖盘
6,09:30:27,6.02,0.01,198,119510,卖盘
7,09:30:31,6.02,0.0,30,18060,买盘
8,09:30:37,6.02,0.0,8,4816,买盘
9,09:30:40,6.01,-0.01,43,25866,卖盘
10,09:30:42,6.02,0.01,137,82399,买盘
11,09:30:52,6.02,0.0,20,12040,卖盘
12,09:30:55,6.04,0.02,48,28992,买盘
13,09:31:01,6.02,-0.02,114,68640,卖盘
14,09:31:04,6.03,0.01,10,6030,买盘
15,09:31:12,6.03,0.0,113,68139,买盘
16,09:31:19,6.03,0.0,24,14472,买盘
17,09:31:31,6.03,0.0,132,79596,卖盘
18,09:31:34,6.04,0.01,39,23537,买盘
19,09:31:37,6.02,-0.02,55,33129,卖盘
20,09:31:40,6.03,0.01,5,3015,中性盘
21,09:31:43,6.03,0.0,63,37989,买盘
22,09:31:49,6.03,0.0,74,44622,买盘
23,09:31:55,6.03,0.0,209,125873,买盘
24,09:31:57,6.03,0.0,19,11443,买盘
25,09:32:01,6.03,0.0,37,22311,买盘
26,09:32:04,6.02,-0.01,10,6023,卖盘
27,09:32:07,6.02,0.0,56,33712,卖盘
28,09:32:15,6.02,0.0,103,62006,卖盘
29,09:32:19,6.01,-0.01,332,199532,卖盘
30,09:32:22,6.01,0.0,46,27646,买盘
31,09:32:25,6.01,0.0,59,35459,买盘
32,09:32:27,6.02,0.01,74,44511,买盘
33,09:32:31,6.01,-0.01,83,49944,卖盘
34,09:32:34,6.01,0.0,61,36661,卖盘
35,09:32:37,6.02,0.01,25,15050,中性盘
36,09:32:39,6.01,-0.01,232,139535,卖盘
37,09:32:49,6.02,0.01,1,602,买盘
38,09:32:52,6.01,-0.01,188,113015,卖盘
39,09:32:55,6.01,0.0,47,28247,买盘
40,09:32:58,6.01,0.0,141,84741,买盘
41,09:33:01,6.01,0.0,95,57095,买盘
42,09:33:05,6.01,0.0,5,3005,买盘
43,09:33:06,6.01,0.0,50,30040,买盘
44,09:33:10,6.0,-0.01,35,21029,卖盘
45,09:33:13,6.01,0.01,30,18030,买盘
46,09:33:16,6.02,0.01,82,49527,买盘
47,09:33:19,6.01,-0.01,20,12020,卖盘
48,09:33:21,6.01,0.0,79,47479,卖盘
49,09:33:28,6.01,0.0,18,10818,卖盘
50,09:33:37,6.01,0.0,40,24040,卖盘
51,09:33:40,6.02,0.01,1,602,买盘
52,09:33:43,6.02,0.0,100,60200,买盘
53,09:33:48,6.02,0.0,11,6622,买盘
54,09:33:55,6.03,0.01,48,28944,买盘
55,09:34:06,6.02,-0.01,249,149924,卖盘
56,09:34:10,6.03,0.01,3,1809,买盘
57,09:34:13,6.03,0.0,12,7236,买盘
58,09:34:19,6.03,0.0,10,6030,买盘
59,09:34:22,6.03,0.0,2,1206,买盘
60,09:34:28,6.03,0.0,20,12060,买盘
61,09:34:31,6.02,-0.01,20,12040,卖盘
62,09:34:36,6.02,0.0,11,6622,卖盘
63,09:34:40,6.03,0.01,84,50647,买盘
64,09:34:43,6.03,0.0,3,1809,买盘
65,09:34:52,6.03,0.0,13,7839,买盘
66,09:34:55,6.03,0.0,76,45828,买盘
67,09:34:58,6.03,0.0,61,36783,卖盘
68,09:35:04,6.03,0.0,17,10251,买盘
69,09:35:06,6.03,0.0,3,1809,卖盘
70,09:35:16,6.02,-0.01,279,167979,卖盘
71,09:35:18,6.02,0.0,22,13244,买盘
72,09:35:28,6.02,0.0,16,9632,卖盘
73,09:35:33,6.02,0.0,18,10838,卖盘
74,09:35:36,6.03,0.01,30,18090,买盘
75,09:35:43,6.02,-0.01,36,21672,卖盘
76,09:35:46,6.02,0.0,40,24080,卖盘
77,09:35:49,6.02,0.0,10,6020,卖盘
78,09:35:51,6.02,0.0,6,3612,卖盘
79,09:35:55,6.02,0.0,26,15652,卖盘
80,09:35:58,6.02,0.0,5,3010,卖盘
81,09:36:01,6.02,0.0,133,80066,卖盘
82,09:36:04,6.02,0.0,11,6622,买盘
83,09:36:07,6.02,0.0,48,28896,买盘
84,09:36:10,6.03,0.01,49,29501,买盘
85,09:36:16,6.01,-0.02,21,12636,卖盘
86,09:36:19,6.02,0.01,30,18060,买盘
87,09:36:22,6.02,0.0,42,25252,买盘
88,09:36:25,6.01,-0.01,74,44479,卖盘
89,09:36:28,6.01,0.0,90,54090,卖盘
90,09:36:31,6.01,0.0,40,24060,卖盘
91,09:36:33,6.01,0.0,100,60100,卖盘
92,09:36:37,6.02,0.01,198,119026,买盘
93,09:36:40,6.01,-0.01,86,51446,卖盘
94,09:36:49,6.01,0.0,305,183005,买盘
95,09:36:54,6.0,-0.01,445,267000,卖盘
96,09:36:57,5.99,-0.01,35,20965,卖盘
97,09:37:07,5.98,-0.01,182,108836,卖盘
98,09:37:09,5.98,0.0,12,7176,卖盘
99,09:37:13,5.99,0.01,100,59900,买盘
100,09:37:16,5.99,0.0,88,52674,买盘
101,09:37:19,5.98,-0.01,27,16146,卖盘
102,09:37:21,5.98,0.0,5,2990,买盘
103,09:37:27,5.98,0.0,33,19719,买盘
104,09:37:31,5.98,0.0,66,39468,买盘
105,09:37:34,5.96,-0.02,110,65560,卖盘
106,09:37:37,5.97,0.01,90,53760,买盘
107,09:37:39,5.97,0.0,2,1194,买盘
108,09:37:43,5.96,-0.01,3,1788,卖盘
109,09:37:49,5.96,0.0,52,31002,卖盘
110,09:37:55,5.96,0.0,296,176419,卖盘
111,09:37:58,5.96,0.0,2,1192,买盘
112,09:38:00,5.96,0.0,21,12516,买盘
113,09:38:04,5.96,0.0,10,5960,买盘
114,09:38:07,5.96,0.0,178,106088,买盘
115,09:38:10,5.95,-0.01,30,17850,卖盘
116,09:38:13,5.95,0.0,380,226100,卖盘
117,09:38:16,5.95,0.0,215,128111,卖盘
118,09:38:19,5.95,0.0,23,13685,卖盘
119,09:38:22,5.95,0.0,116,69020,卖盘
120,09:38:25,5.95,0.0,21,12495,买盘
121,09:38:27,5.95,0.0,115,68425,买盘
122,09:38:31,5.95,0.0,35,20825,买盘
123,09:38:34,5.94,-0.01,33,19612,卖盘
124,09:38:37,5.94,0.0,7,4158,买盘
125,09:38:43,5.95,0.01,26,15470,买盘
126,09:38:46,5.94,-0.01,87,51913,卖盘
127,09:38:52,5.94,0.0,22,13060,买盘
128,09:38:54,5.94,0.0,56,33264,卖盘
129,09:38:57,5.94,0.0,34,20191,买盘
130,09:39:01,5.95,0.01,50,29750,买盘
131,09:39:04,5.94,-0.01,14,8316,卖盘
132,09:39:07,5.94,0.0,10,5940,卖盘
133,09:39:13,5.94,0.0,66,39207,卖盘
134,09:39:15,5.94,0.0,48,28531,卖盘
135,09:39:19,5.95,0.01,50,29750,卖盘
136,09:39:22,5.95,0.0,40,23800,卖盘
137,09:39:25,5.95,0.0,21,12495,卖盘
138,09:39:27,5.95,0.0,23,13685,卖盘
139,09:39:31,5.95,0.0,4,2380,卖盘
140,09:39:33,5.95,0.0,27,16065,卖盘
141,09:39:37,5.95,0.0,35,20825,卖盘
142,09:39:40,5.94,-0.01,50,29725,卖盘
143,09:39:42,5.95,0.01,22,13085,卖盘
144,09:39:46,5.95,0.0,9,5355,卖盘
145,09:39:51,5.95,0.0,4,2380,卖盘
146,09:39:58,5.95,0.0,13,7737,买盘
147,09:40:04,5.95,0.0,20,11890,买盘
148,09:40:07,5.95,0.0,7,4165,买盘
149,09:40:10,5.95,0.0,117,69615,买盘
150,09:40:13,5.95,0.0,51,30345,买盘
151,09:40:15,5.95,0.0,20,11900,中性盘
152,09:40:21,5.94,-0.01,240,142656,卖盘
153,09:40:28,5.95,0.01,10,5950,中性盘
154,09:40:31,5.96,0.01,2,1192,买盘
155,09:40:34,5.95,-0.01,5,2975,卖盘
156,09:40:43,5.96,0.01,12,7152,买盘
157,09:40:46,5.95,-0.01,36,21426,卖盘
158,09:40:49,5.96,0.01,68,40478,买盘
159,09:40:51,5.96,0.0,3,1788,买盘
160,09:40:58,5.95,-0.01,74,44030,卖盘
161,09:41:01,5.95,0.0,6,3570,买盘
162,09:41:10,5.95,0.0,94,55930,卖盘
163,09:41:12,5.95,0.0,42,24990,买盘
164,09:41:16,5.95,0.0,27,16065,买盘
165,09:41:18,5.95,0.0,8,4760,买盘
166,09:41:22,5.95,0.0,62,36890,买盘
167,09:41:25,5.95,0.0,11,6545,买盘
168,09:41:28,5.95,0.0,1,595,卖盘
169,09:41:33,5.96,0.01,5,2980,买盘
170,09:41:37,5.96,0.0,20,11920,买盘
171,09:41:43,5.94,-0.02,158,94006,卖盘
172,09:41:46,5.96,0.02,80,47624,买盘
173,09:42:10,5.96,0.0,21,12516,买盘
174,09:42:25,5.96,0.0,20,11920,买盘
175,09:42:28,5.96,0.0,4,2384,卖盘
176,09:42:42,5.95,-0.01,72,42841,卖盘
177,09:42:45,5.95,0.0,65,38712,卖盘
178,09:42:48,5.95,0.0,79,47005,卖盘
179,09:43:00,5.97,0.02,4,2388,买盘
180,09:43:16,5.96,-0.01,27,16092,卖盘
181,09:43:19,5.97,0.01,1,597,买盘
182,09:43:22,5.96,-0.01,29,17284,卖盘
183,09:43:40,5.97,0.01,4,2388,买盘
184,09:43:45,5.96,-0.01,4,2384,卖盘
185,09:43:49,5.97,0.01,15,8955,买盘
186,09:44:00,5.97,0.0,10,5970,买盘
187,09:44:13,5.96,-0.01,263,156808,卖盘
188,09:44:16,5.97,0.01,105,62685,买盘
189,09:44:34,5.97,0.0,50,29850,买盘
190,09:44:39,5.97,0.0,42,25074,买盘
191,09:44:42,5.97,0.0,135,80595,卖盘
192,09:44:46,5.97,0.0,56,33432,卖盘
193,09:44:49,5.96,-0.01,24,14306,卖盘
194,09:44:51,5.96,0.0,26,15496,买盘
195,09:44:54,5.97,0.01,12,7158,买盘
196,09:44:58,5.97,0.0,20,11940,买盘
197,09:45:04,5.97,0.0,5,2985,买盘
198,09:45:13,5.97,0.0,8,4776,买盘
199,09:45:15,5.96,-0.01,18,10728,卖盘
200,09:45:24,5.96,0.0,11,6556,卖盘
201,09:45:28,5.96,0.0,68,40528,卖盘
202,09:45:31,5.96,0.0,40,23840,卖盘
203,09:45:34,5.95,-0.01,13,7735,卖盘
204,09:45:37,5.96,0.01,48,28608,买盘
205,09:45:45,5.95,-0.01,29,17274,卖盘
206,09:45:48,5.95,0.0,78,46410,卖盘
207,09:45:58,5.95,0.0,25,14890,卖盘
208,09:46:01,5.95,0.0,26,15470,卖盘
209,09:46:04,5.96,0.01,6,3576,买盘
210,09:46:06,5.95,-0.01,34,20261,卖盘
211,09:46:10,5.95,0.0,50,29750,卖盘
212,09:46:13,5.96,0.01,39,23244,买盘
213,09:46:15,5.95,-0.01,50,29750,卖盘
214,09:46:25,5.95,0.0,14,8330,卖盘
215,09:46:28,5.96,0.01,40,23840,买盘
216,09:46:30,5.95,-0.01,50,29750,卖盘
217,09:46:34,5.98,0.03,176,105091,买盘
218,09:46:37,5.95,-0.03,70,41650,卖盘
219,09:46:49,5.98,0.03,10,5980,买盘
220,09:46:52,5.98,0.0,64,38272,买盘
221,09:46:58,5.98,0.0,5,2990,买盘
222,09:47:10,5.98,0.0,16,9568,买盘
223,09:47:15,5.96,-0.02,33,19683,卖盘
224,09:47:19,5.98,0.02,50,29900,买盘
225,09:47:22,5.98,0.0,5,2990,买盘
226,09:47:27,5.96,-0.02,50,29800,卖盘
227,09:47:37,5.97,0.01,3,1791,买盘
228,09:47:40,5.97,0.0,5,2985,买盘
229,09:47:43,5.97,0.0,12,7164,买盘
230,09:47:55,5.98,0.01,20,11960,买盘
231,09:48:01,5.97,-0.01,58,34626,卖盘
232,09:48:04,5.97,0.0,20,11940,买盘
233,09:48:07,5.97,0.0,22,13134,买盘
234,09:48:13,5.97,0.0,1,597,卖盘
235,09:48:19,5.98,0.01,9,5382,买盘
236,09:48:22,5.97,-0.01,6,3582,卖盘
237,09:48:24,5.98,0.01,6,3584,买盘
238,09:48:34,5.98,0.0,6,3588,买盘
239,09:48:36,5.98,0.0,5,2990,买盘
240,09:48:39,5.98,0.0,1,598,买盘
241,09:48:49,5.98,0.0,35,20930,买盘
242,09:48:52,5.97,-0.01,2,1194,卖盘
243,09:48:55,5.98,0.01,20,11960,买盘
244,09:48:58,5.97,-0.01,73,43581,卖盘
245,09:49:06,5.98,0.01,10,5980,买盘
246,09:49:27,5.97,-0.01,10,5970,卖盘
247,09:49:30,5.98,0.01,5,2990,买盘
248,09:49:51,5.98,0.0,42,25116,买盘
249,09:49:58,5.97,-0.01,10,5970,卖盘
250,09:50:04,5.98,0.01,2,1196,买盘
251,09:50:16,5.97,-0.01,100,59726,卖盘
252,09:50:27,5.98,0.01,10,5980,卖盘
253,09:50:31,5.98,0.0,2,1196,买盘
254,09:50:37,5.97,-0.01,15,8955,卖盘
255,09:50:39,5.97,0.0,40,23880,中性盘
256,09:50:49,5.97,0.0,20,11940,买盘
257,09:50:57,5.96,-0.01,20,11920,卖盘
258,09:51:01,5.97,0.01,27,16093,买盘
259,09:51:04,5.96,-0.01,75,44720,卖盘
260,09:51:09,5.96,0.0,10,5960,卖盘
261,09:51:19,5.96,0.0,32,19072,卖盘
262,09:51:34,5.96,0.0,43,25628,卖盘
263,09:51:37,5.96,0.0,18,10728,卖盘
264,09:51:46,5.96,0.0,10,5960,卖盘
265,09:51:55,5.96,0.0,17,10132,卖盘
266,09:52:04,5.96,0.0,10,5960,卖盘
267,09:52:13,5.96,0.0,80,47680,卖盘
268,09:52:16,5.96,0.0,2,1192,卖盘
269,09:52:22,5.96,0.0,28,16688,卖盘
270,09:52:24,5.96,0.0,1,596,卖盘
271,09:52:27,5.96,0.0,26,15496,卖盘
272,09:52:31,5.96,0.0,30,17880,卖盘
273,09:52:33,5.96,0.0,10,5960,卖盘
274,09:52:37,5.96,0.0,27,16092,卖盘
275,09:52:43,5.96,0.0,58,34568,买盘
276,09:52:48,5.96,0.0,28,16688,卖盘
277,09:52:52,5.96,0.0,32,19072,买盘
278,09:53:00,5.97,0.01,1,597,买盘
279,09:53:07,5.95,-0.02,9,5363,卖盘
280,09:53:16,5.95,0.0,12,7140,卖盘
281,09:53:22,5.95,0.0,24,14280,卖盘
282,09:53:25,5.95,0.0,10,5950,卖盘
283,09:53:28,5.95,0.0,116,69020,卖盘
284,09:53:34,5.95,0.0,10,5950,卖盘
285,09:53:37,5.95,0.0,593,352845,卖盘
286,09:54:00,5.95,0.0,5,2975,买盘
287,09:54:04,5.95,0.0,20,11900,买盘
288,09:54:07,5.94,-0.01,95,56430,卖盘
289,09:54:16,5.94,0.0,391,232254,卖盘
290,09:54:19,5.95,0.01,100,59500,买盘
291,09:54:25,5.94,-0.01,19,11286,卖盘
292,09:54:27,5.94,0.0,10,5940,卖盘
293,09:54:31,5.94,0.0,3,1782,卖盘
294,09:54:34,5.94,0.0,9,5346,卖盘
295,09:54:37,5.94,0.0,20,11880,卖盘
296,09:54:43,5.94,0.0,53,31484,卖盘
297,09:54:49,5.94,0.0,32,19008,买盘
298,09:54:51,5.94,0.0,3,1782,买盘
299,09:55:01,5.94,0.0,10,5940,买盘
300,09:55:04,5.94,0.0,56,33224,买盘
301,09:55:07,5.93,-0.01,25,14825,卖盘
302,09:55:10,5.93,0.0,20,11863,卖盘
303,09:55:22,5.94,0.01,309,183541,买盘
304,09:55:25,5.94,0.0,105,62370,卖盘
305,09:55:34,5.94,0.0,16,9504,卖盘
306,09:55:48,5.94,0.0,10,5940,卖盘
307,09:55:55,5.94,0.0,12,7128,卖盘
308,09:55:58,5.94,0.0,38,22577,卖盘
309,09:56:01,5.94,0.0,5,2970,卖盘
310,09:56:04,5.94,0.0,30,17820,卖盘
311,09:56:09,5.95,0.01,35,20815,买盘
312,09:56:19,5.94,-0.01,1,594,卖盘
313,09:56:21,5.95,0.01,8,4760,买盘
314,09:56:24,5.95,0.0,100,59500,买盘
315,09:56:34,5.95,0.0,50,29750,买盘
316,09:56:37,5.95,0.0,8,4760,买盘
317,09:56:42,5.95,0.0,132,78540,卖盘
318,09:56:57,5.95,0.0,1,595,买盘
319,09:57:04,5.94,-0.01,37,22106,卖盘
320,09:57:15,5.95,0.01,5,2975,买盘
321,09:57:19,5.95,0.0,10,5950,买盘
322,09:57:25,5.94,-0.01,18,10692,卖盘
323,09:57:27,5.94,0.0,5,2970,卖盘
324,09:57:34,5.95,0.01,35,20825,买盘
325,09:57:40,5.95,0.0,30,17850,买盘
326,09:57:43,5.95,0.0,12,7140,买盘
327,09:57:46,5.94,-0.01,20,11880,卖盘
328,09:58:07,5.94,0.0,32,19008,卖盘
329,09:58:15,5.94,0.0,45,26730,卖盘
330,09:58:18,5.94,0.0,10,5940,卖盘
331,09:58:22,5.94,0.0,44,26017,卖盘
332,09:58:37,5.93,-0.01,5,2965,卖盘
333,09:58:49,5.94,0.01,53,31439,买盘
334,09:58:58,5.93,-0.01,3,1779,卖盘
335,09:59:01,5.94,0.01,92,54767,买盘
336,09:59:06,5.93,-0.01,97,57559,卖盘
337,09:59:31,5.94,0.01,7,4158,卖盘
338,09:59:34,5.94,0.0,72,42768,卖盘
339,09:59:42,5.94,0.0,10,5940,买盘
340,09:59:46,5.94,0.0,374,221788,买盘
341,09:59:55,5.93,-0.01,1,593,卖盘
342,10:00:22,5.93,0.0,21,12453,卖盘
343,10:00:24,5.93,0.0,50,29650,卖盘
344,10:00:31,5.94,0.01,160,95040,买盘
345,10:00:34,5.93,-0.01,43,25499,卖盘
346,10:00:39,5.94,0.01,7,4158,买盘
347,10:00:48,5.93,-0.01,23,13639,卖盘
348,10:00:52,5.94,0.01,1,594,买盘
349,10:00:55,5.93,-0.01,137,81122,卖盘
350,10:00:58,5.93,0.0,66,39138,买盘
351,10:01:00,5.93,0.0,2,1186,买盘
352,10:01:04,5.93,0.0,5,2965,买盘
353,10:01:12,5.93,0.0,2,1186,买盘
354,10:01:15,5.93,0.0,25,14825,买盘
355,10:01:19,5.92,-0.01,80,47366,卖盘
356,10:01:22,5.93,0.01,5,2965,买盘
357,10:01:25,5.93,0.0,3,1779,买盘
358,10:01:27,5.93,0.0,5,2965,买盘
359,10:01:31,5.93,0.0,2,1186,买盘
360,10:01:34,5.92,-0.01,90,53448,卖盘
361,10:01:48,5.92,0.0,468,276940,卖盘
362,10:01:52,5.92,0.0,20,11840,买盘
363,10:01:55,5.92,0.0,1,592,买盘
364,10:02:01,5.92,0.0,76,44992,买盘
365,10:02:04,5.92,0.0,10,5920,买盘
366,10:02:06,5.91,-0.01,138,81776,卖盘
367,10:02:13,5.92,0.01,10,5920,中性盘
368,10:02:19,5.91,-0.01,97,57327,卖盘
369,10:02:24,5.93,0.02,30,17777,买盘
370,10:02:37,5.92,-0.01,3,1776,卖盘
371,10:02:46,5.93,0.01,5,2965,买盘
372,10:02:52,5.92,-0.01,31,18352,卖盘
373,10:02:54,5.92,0.0,51,30192,卖盘
374,10:03:01,5.93,0.01,2,1186,买盘
375,10:03:09,5.92,-0.01,20,11840,卖盘
376,10:03:28,5.93,0.01,5,2965,买盘
377,10:03:33,5.92,-0.01,15,8880,卖盘
378,10:03:43,5.92,0.0,42,24864,卖盘
379,10:03:49,5.92,0.0,10,5920,卖盘
380,10:03:52,5.93,0.01,71,42043,买盘
381,10:03:55,5.91,-0.02,723,427276,卖盘
382,10:04:04,5.91,0.0,5,2955,买盘
383,10:04:07,5.91,0.0,41,24231,买盘
384,10:04:10,5.9,-0.01,53,31320,卖盘
385,10:04:12,5.91,0.01,40,23640,买盘
386,10:04:19,5.9,-0.01,170,100300,卖盘
387,10:04:22,5.91,0.01,16,9456,买盘
388,10:04:25,5.91,0.0,33,19503,买盘
389,10:04:28,5.91,0.0,2,1182,买盘
390,10:04:34,5.91,0.0,57,33805,买盘
391,10:04:36,5.91,0.0,83,48935,卖盘
392,10:04:40,5.9,-0.01,82,48431,卖盘
393,10:04:43,5.91,0.01,32,18912,买盘
394,10:04:46,5.91,0.0,45,26595,买盘
395,10:04:54,5.9,-0.01,2,1180,卖盘
396,10:04:58,5.91,0.01,87,51402,买盘
397,10:05:01,5.91,0.0,57,33785,买盘
398,10:05:04,5.91,0.0,51,30141,卖盘
399,10:05:24,5.91,0.0,9,5319,卖盘
400,10:05:31,5.92,0.01,22,13004,买盘
401,10:05:34,5.91,-0.01,44,26006,卖盘
402,10:05:42,5.92,0.01,5,2960,买盘
403,10:05:49,5.91,-0.01,100,59100,卖盘
404,10:05:52,5.91,0.0,25,14775,卖盘
405,10:05:58,5.92,0.01,12,7104,买盘
406,10:06:00,5.92,0.0,3,1776,买盘
407,10:06:04,5.92,0.0,128,75776,买盘
408,10:06:12,5.92,0.0,20,11840,卖盘
409,10:06:34,5.93,0.01,8,4744,买盘
410,10:06:40,5.92,-0.01,23,13616,卖盘
411,10:06:43,5.93,0.01,1,593,买盘
412,10:06:46,5.93,0.0,175,103775,买盘
413,10:06:52,5.93,0.0,10,5930,买盘
414,10:06:58,5.93,0.0,10,5930,买盘
415,10:07:00,5.93,0.0,11,6523,买盘
416,10:07:04,5.93,0.0,4,2372,买盘
417,10:07:19,5.93,0.0,61,36173,卖盘
418,10:07:25,5.94,0.01,100,59400,买盘
419,10:07:27,5.94,0.0,52,30888,买盘
420,10:07:46,5.94,0.0,1,594,买盘
421,10:07:49,5.94,0.0,10,5940,买盘
422,10:07:51,5.93,-0.01,119,70567,卖盘
423,10:07:55,5.93,0.0,2,1186,买盘
424,10:08:01,5.93,0.0,2,1186,买盘
425,10:08:07,5.93,0.0,6,3558,买盘
426,10:08:09,5.93,0.0,23,13639,买盘
427,10:08:16,5.93,0.0,5,2965,买盘
428,10:08:21,5.92,-0.01,1,592,卖盘
429,10:08:24,5.93,0.01,21,12453,买盘
430,10:08:34,5.93,0.0,30,17790,买盘
431,10:08:43,5.92,-0.01,2,1184,卖盘
432,10:08:46,5.93,0.01,2,1186,买盘
433,10:08:58,5.92,-0.01,100,59200,卖盘
434,10:09:00,5.93,0.01,4,2372,买盘
435,10:09:04,5.92,-0.01,1,592,卖盘
436,10:09:06,5.92,0.0,2,1184,卖盘
437,10:09:10,5.92,0.0,27,15984,卖盘
438,10:09:13,5.92,0.0,10,5920,卖盘
439,10:09:16,5.92,0.0,6,3552,卖盘
440,10:09:21,5.92,0.0,76,44992,卖盘
441,10:09:31,5.92,0.0,10,5920,买盘
442,10:09:37,5.91,-0.01,3,1773,卖盘
443,10:09:42,5.92,0.01,48,28416,买盘
444,10:09:45,5.91,-0.01,12,7092,卖盘
445,10:09:51,5.92,0.01,20,11840,买盘
446,10:09:57,5.92,0.0,169,100048,买盘
447,10:10:04,5.92,0.0,2,1184,买盘
448,10:10:07,5.92,0.0,13,7696,卖盘
449,10:10:18,5.92,0.0,10,5920,卖盘
450,10:10:21,5.91,-0.01,33,19525,卖盘
451,10:10:40,5.91,0.0,69,40779,卖盘
452,10:10:43,5.91,0.0,12,7092,卖盘
453,10:10:49,5.91,0.0,17,10047,卖盘
454,10:10:52,5.91,0.0,30,17730,卖盘
455,10:10:58,5.91,0.0,10,5910,卖盘
456,10:11:01,5.91,0.0,35,20803,卖盘
457,10:11:04,5.91,0.0,201,118791,卖盘
458,10:11:07,5.91,0.0,18,10638,卖盘
459,10:11:12,5.91,0.0,135,79785,卖盘
460,10:11:16,5.91,0.0,22,12766,卖盘
461,10:11:25,5.91,0.0,20,11820,买盘
462,10:11:28,5.91,0.0,16,9456,买盘
463,10:11:33,5.91,0.0,10,5910,买盘
464,10:11:36,5.91,0.0,2,1182,买盘
465,10:11:40,5.91,0.0,398,234866,买盘
466,10:11:49,5.91,0.0,105,62055,买盘
467,10:11:52,5.91,0.0,210,124105,买盘
468,10:11:58,5.91,0.0,15,8865,买盘
469,10:12:01,5.91,0.0,97,57563,买盘
470,10:12:07,5.91,0.0,55,32505,卖盘
471,10:12:28,5.91,0.0,60,35470,卖盘
472,10:12:33,5.91,0.0,10,5910,卖盘
473,10:12:36,5.91,0.0,1,591,卖盘
474,10:12:48,5.92,0.01,2,1184,买盘
475,10:12:55,5.92,0.0,2,1184,买盘
476,10:12:58,5.92,0.0,5,2960,买盘
477,10:13:13,5.92,0.0,1,592,买盘
478,10:13:16,5.92,0.0,20,11840,卖盘
479,10:13:25,5.92,0.0,50,29600,卖盘
480,10:13:37,5.93,0.01,3,1779,买盘
481,10:13:40,5.93,0.0,39,23127,买盘
482,10:13:52,5.93,0.0,200,118600,买盘
483,10:13:58,5.93,0.0,13,7709,买盘
484,10:14:01,5.92,-0.01,45,26677,卖盘
485,10:14:10,5.94,0.02,2,1188,买盘
486,10:14:15,5.94,0.0,7,4158,卖盘
487,10:14:19,5.93,-0.01,2,1186,卖盘
488,10:14:22,5.94,0.01,1,594,买盘
489,10:14:28,5.94,0.0,7,4158,卖盘
490,10:14:34,5.94,0.0,52,30888,买盘
491,10:14:40,5.94,0.0,10,5940,买盘
492,10:14:52,5.94,0.0,20,11880,买盘
493,10:15:04,5.94,0.0,14,8316,卖盘
494,10:15:13,5.94,0.0,5,2970,买盘
495,10:15:21,5.93,-0.01,20,11860,卖盘
496,10:15:34,5.94,0.01,8,4752,买盘
497,10:15:43,5.93,-0.01,30,17790,卖盘
498,10:15:54,5.94,0.01,26,15428,买盘
499,10:16:04,5.93,-0.01,8,4744,卖盘
500,10:16:06,5.94,0.01,2,1188,买盘
501,10:16:22,5.94,0.0,11,6534,买盘
502,10:16:42,5.94,0.0,50,29700,买盘
503,10:16:52,5.94,0.0,54,32076,买盘
504,10:16:55,5.94,0.0,1,594,卖盘
505,10:17:04,5.94,0.0,20,11880,卖盘
506,10:17:16,5.95,0.01,20,11900,买盘
507,10:17:27,5.95,0.0,10,5950,买盘
508,10:17:37,5.95,0.0,79,47005,买盘
509,10:18:01,5.96,0.01,3,1788,买盘
510,10:18:06,5.96,0.0,8,4767,买盘
511,10:18:19,5.95,-0.01,40,23800,卖盘
512,10:18:22,5.96,0.01,10,5960,买盘
513,10:18:34,5.96,0.0,8,4768,买盘
514,10:18:43,5.95,-0.01,3,1785,卖盘
515,10:18:45,5.96,0.01,4,2384,买盘
516,10:19:09,5.96,0.0,5,2980,买盘
517,10:19:16,5.96,0.0,10,5960,买盘
518,10:19:22,5.95,-0.01,16,9530,卖盘
519,10:19:28,5.95,0.0,10,5831,卖盘
520,10:19:31,5.96,0.01,5,2980,买盘
521,10:19:40,5.95,-0.01,75,44744,卖盘
522,10:19:49,5.96,0.01,10,5960,买盘
523,10:19:55,5.95,-0.01,10,5950,中性盘
524,10:20:04,5.96,0.01,75,44700,买盘
525,10:20:06,5.95,-0.01,40,23800,卖盘
526,10:20:37,5.94,-0.01,107,63558,卖盘
527,10:20:42,5.94,0.0,50,29700,买盘
528,10:20:49,5.94,0.0,1,594,买盘
529,10:20:52,5.94,0.0,12,7128,买盘
530,10:20:55,5.94,0.0,142,84348,买盘
531,10:21:10,5.94,0.0,15,8910,卖盘
532,10:21:13,5.95,0.01,8,4760,买盘
533,10:21:19,5.95,0.0,10,5950,买盘
534,10:21:22,5.94,-0.01,50,29700,卖盘
535,10:21:25,5.94,0.0,5,2851,卖盘
536,10:21:49,5.95,0.01,2,1190,买盘
537,10:21:57,5.95,0.0,2,1190,买盘
538,10:22:22,5.95,0.0,5,2975,买盘
539,10:22:27,5.95,0.0,22,13090,买盘
540,10:22:34,5.95,0.0,20,11900,卖盘
541,10:22:40,5.95,0.0,2,1190,卖盘
542,10:22:46,5.95,0.0,41,24395,卖盘
543,10:22:49,5.96,0.01,83,49468,买盘
544,10:22:52,5.95,-0.01,37,22015,卖盘
545,10:22:58,5.96,0.01,37,22032,买盘
546,10:23:06,5.96,0.0,44,26105,买盘
547,10:23:46,5.96,0.0,30,17880,卖盘
548,10:24:01,5.96,0.0,47,27893,卖盘
549,10:24:37,5.97,0.01,5,2985,买盘
550,10:24:54,5.96,-0.01,10,5960,卖盘
551,10:25:04,5.97,0.01,30,17890,买盘
552,10:25:13,5.96,-0.01,27,16095,卖盘
553,10:25:15,5.96,0.0,20,11920,卖盘
554,10:25:25,5.97,0.01,2,1194,买盘
555,10:25:39,5.97,0.0,5,2985,买盘
556,10:25:48,5.97,0.0,94,56118,买盘
557,10:25:52,5.97,0.0,14,8358,买盘
558,10:26:01,5.97,0.0,10,5970,买盘
559,10:26:16,5.97,0.0,26,15522,买盘
560,10:26:22,5.97,0.0,50,29850,买盘
561,10:26:34,5.96,-0.01,100,59600,卖盘
562,10:26:52,5.97,0.01,19,11343,买盘
563,10:27:06,5.97,0.0,6,3582,买盘
564,10:27:12,5.97,0.0,30,17910,买盘
565,10:27:22,5.97,0.0,20,11940,买盘
566,10:27:27,5.96,-0.01,10,5960,卖盘
567,10:27:34,5.96,0.0,9,5364,卖盘
568,10:27:37,5.96,0.0,15,8940,卖盘
569,10:27:45,5.96,0.0,30,17880,卖盘
570,10:27:52,5.97,0.01,4,2388,买盘
571,10:27:58,5.97,0.0,26,15512,买盘
572,10:28:10,5.96,-0.01,133,79506,卖盘
573,10:28:13,5.97,0.01,440,262645,买盘
574,10:28:34,5.96,-0.01,8,4768,买盘
575,10:28:45,5.96,0.0,10,5960,买盘
576,10:29:10,5.95,-0.01,12,7140,卖盘
577,10:29:19,5.95,0.0,1,595,卖盘
578,10:29:22,5.96,0.01,10,5960,买盘
579,10:29:31,5.95,-0.01,20,11900,卖盘
580,10:29:46,5.96,0.01,34,20264,买盘
581,10:29:49,5.96,0.0,2,1192,买盘
582,10:30:06,5.96,0.0,36,21435,买盘
583,10:30:39,5.96,0.0,3,1788,买盘
584,10:30:54,5.96,0.0,10,5960,买盘
585,10:31:19,5.95,-0.01,10,5955,卖盘
586,10:31:22,5.96,0.01,5,2980,买盘
587,10:31:28,5.96,0.0,8,4768,买盘
588,10:31:34,5.95,-0.01,17,10115,卖盘
589,10:31:43,5.95,0.0,20,11900,卖盘
590,10:31:55,5.96,0.01,45,26793,买盘
591,10:32:01,5.95,-0.01,3,1785,卖盘
592,10:32:04,5.95,0.0,14,8330,卖盘
593,10:32:12,5.96,0.01,111,66156,买盘
594,10:32:16,5.95,-0.01,64,38080,卖盘
595,10:32:24,5.96,0.01,5,2980,买盘
596,10:32:37,5.96,0.0,1,596,买盘
597,10:32:55,5.96,0.0,1,596,买盘
598,10:33:06,5.95,-0.01,5,2975,卖盘
599,10:33:16,5.96,0.01,3,1788,买盘
600,10:33:28,5.96,0.0,3,1788,买盘
601,10:33:31,5.96,0.0,1,596,买盘
602,10:33:46,5.96,0.0,6,3338,买盘
603,10:33:58,5.96,0.0,4,2622,卖盘
604,10:34:04,5.96,0.0,5,2980,买盘
605,10:34:21,5.96,0.0,35,20860,买盘
606,10:34:25,5.96,0.0,21,12278,卖盘
607,10:34:31,5.96,0.0,5,2980,卖盘
608,10:34:36,5.97,0.01,114,68058,买盘
609,10:35:07,5.97,0.0,3,1791,卖盘
610,10:35:10,5.97,0.0,33,19701,卖盘
611,10:35:22,5.97,0.0,30,17910,买盘
612,10:35:28,5.97,0.0,37,22089,买盘
613,10:35:54,5.97,0.0,11,6567,卖盘
614,10:35:57,5.97,0.0,20,11940,卖盘
615,10:36:31,5.97,0.0,20,11940,卖盘
616,10:36:40,5.97,0.0,10,5970,卖盘
617,10:36:55,5.98,0.01,2,1196,买盘
618,10:36:58,5.98,0.0,60,35880,买盘
619,10:37:04,5.97,-0.01,9,5377,卖盘
620,10:37:13,5.98,0.01,58,34684,买盘
621,10:37:19,5.98,0.0,5,2990,买盘
622,10:37:30,5.98,0.0,3,1794,买盘
623,10:37:40,5.98,0.0,20,11960,买盘
624,10:37:55,5.98,0.0,7,4186,买盘
625,10:38:00,5.98,0.0,20,11960,买盘
626,10:38:04,5.98,0.0,136,81687,买盘
627,10:38:07,5.98,0.0,50,29900,卖盘
628,10:38:16,5.99,0.01,7,4192,买盘
629,10:38:19,5.99,0.0,20,11980,买盘
630,10:38:22,5.99,0.0,3,1797,买盘
631,10:38:24,5.98,-0.01,20,11960,卖盘
632,10:38:30,5.99,0.01,38,22725,买盘
633,10:38:37,5.98,-0.01,20,11960,卖盘
634,10:38:46,5.98,0.0,9,5382,卖盘
635,10:38:52,5.99,0.01,110,65501,买盘
636,10:38:55,5.98,-0.01,3,1794,卖盘
637,10:38:58,5.99,0.01,20,11980,买盘
638,10:39:00,5.98,-0.01,10,5980,卖盘
639,10:39:04,5.98,0.0,5,2990,卖盘
640,10:39:07,5.98,0.0,2,1196,卖盘
641,10:39:19,5.98,0.0,10,5980,买盘
642,10:39:46,5.97,-0.01,22,13134,卖盘
643,10:39:48,5.98,0.01,20,11960,买盘
644,10:40:04,5.98,0.0,12,7176,卖盘
645,10:40:16,5.99,0.01,40,23960,买盘
646,10:40:25,5.98,-0.01,8,4784,卖盘
647,10:40:39,5.98,0.0,60,35880,买盘
648,10:41:01,5.98,0.0,34,20322,买盘
649,10:41:34,5.99,0.01,21,12560,买盘
650,10:41:46,5.98,-0.01,5,2990,买盘
651,10:42:22,5.97,-0.01,3,1791,卖盘
652,10:42:30,5.98,0.01,18,10764,买盘
653,10:42:49,5.98,0.0,1,598,买盘
654,10:43:01,5.97,-0.01,26,15522,卖盘
655,10:43:07,5.98,0.01,81,48438,买盘
656,10:43:43,5.98,0.0,24,14352,卖盘
657,10:43:46,5.98,0.0,16,9568,买盘
658,10:43:55,5.98,0.0,75,44850,买盘
659,10:43:57,5.98,0.0,2,1196,卖盘
660,10:44:31,5.98,0.0,9,5382,卖盘
661,10:44:40,5.99,0.01,30,17970,买盘
662,10:44:48,5.98,-0.01,6,3588,卖盘
663,10:44:54,5.99,0.01,24,14376,买盘
664,10:45:21,5.99,0.0,23,13777,买盘
665,10:45:24,5.99,0.0,5,2995,买盘
666,10:45:33,5.99,0.0,19,11381,买盘
667,10:45:42,5.98,-0.01,32,19136,卖盘
668,10:45:46,5.98,0.0,45,26910,卖盘
669,10:45:52,5.98,0.0,30,17940,卖盘
670,10:46:04,5.99,0.01,166,99674,买盘
671,10:46:09,5.99,0.0,8,4792,卖盘
672,10:46:13,5.99,0.0,23,13777,卖盘
673,10:46:16,5.99,0.0,14,8386,卖盘
674,10:46:31,5.99,0.0,8,4792,卖盘
675,10:46:37,5.99,0.0,11,6589,卖盘
676,10:46:39,5.99,0.0,37,21923,卖盘
677,10:46:49,5.99,0.0,250,149990,买盘
678,10:46:52,5.99,0.0,10,5990,卖盘
679,10:46:58,5.98,-0.01,150,89533,卖盘
680,10:47:24,5.98,0.0,1,837,买盘
681,10:47:40,5.98,0.0,1,598,卖盘
682,10:48:01,5.99,0.01,22,13178,买盘
683,10:48:19,5.99,0.0,48,28752,买盘
684,10:48:22,5.99,0.0,17,10183,卖盘
685,10:48:49,6.0,0.01,5,3000,买盘
686,10:49:13,6.0,0.0,10,6000,买盘
687,10:49:33,6.0,0.0,8,4800,买盘
688,10:49:39,5.99,-0.01,1,599,卖盘
689,10:49:45,6.0,0.01,5,3000,买盘
690,10:49:58,6.0,0.0,8,4800,买盘
691,10:50:00,6.0,0.0,2,1200,买盘
692,10:50:04,6.0,0.0,10,6000,买盘
693,10:50:13,6.0,0.0,20,12000,买盘
694,10:50:48,6.0,0.0,46,27600,买盘
695,10:51:04,6.0,0.0,58,34800,买盘
696,10:51:16,5.99,-0.01,5,2995,卖盘
697,10:52:01,6.0,0.01,7,4200,买盘
698,10:52:13,5.99,-0.01,3,1797,卖盘
699,10:52:33,5.99,0.0,10,5990,卖盘
700,10:52:54,6.0,0.01,3,1800,买盘
701,10:52:58,6.0,0.0,31,18600,买盘
702,10:53:13,6.0,0.0,165,98880,买盘
703,10:53:39,6.01,0.01,23,13823,买盘
704,10:53:58,6.01,0.0,10,6010,买盘
705,10:54:22,6.0,-0.01,10,6000,卖盘
706,10:54:27,6.01,0.01,3,1803,买盘
707,10:54:39,6.01,0.0,20,12020,买盘
708,10:54:55,6.03,0.02,390,234553,买盘
709,10:55:22,6.03,0.0,75,45225,买盘
710,10:55:25,6.03,0.0,10,6030,买盘
711,10:56:12,6.03,0.0,21,12663,买盘
712,10:56:22,6.03,0.0,20,12060,买盘
713,10:56:28,6.02,-0.01,10,6020,卖盘
714,10:56:31,6.03,0.01,15,9045,买盘
715,10:56:54,6.03,0.0,22,13266,买盘
716,10:57:04,6.02,-0.01,7,4214,卖盘
717,10:57:24,6.02,0.0,30,18060,卖盘
718,10:57:37,6.02,0.0,15,9030,卖盘
719,10:57:51,6.02,0.0,55,33110,卖盘
720,10:58:13,6.02,0.0,100,60200,买盘
721,10:58:51,6.02,0.0,23,13846,买盘
722,10:59:01,6.01,-0.01,2,1202,卖盘
723,10:59:13,6.02,0.01,10,6020,买盘
724,10:59:16,6.02,0.0,28,16856,买盘
725,10:59:36,6.02,0.0,2,1204,卖盘
726,10:59:46,6.02,0.0,1,602,买盘
727,11:00:01,6.03,0.01,4,2412,买盘
728,11:00:04,6.02,-0.01,5,3010,卖盘
729,11:00:16,6.03,0.01,20,12060,买盘
730,11:00:45,6.02,-0.01,10,6020,卖盘
731,11:00:58,6.03,0.01,50,30150,买盘
732,11:01:04,6.03,0.0,6,3618,买盘
733,11:01:07,6.03,0.0,102,61506,买盘
734,11:01:28,6.03,0.0,53,31959,卖盘
735,11:01:43,6.03,0.0,47,28341,卖盘
736,11:01:48,6.04,0.01,89,53716,买盘
737,11:01:51,6.03,-0.01,40,24120,中性盘
738,11:02:07,6.03,0.0,11,6633,买盘
739,11:02:21,6.02,-0.01,1,602,卖盘
740,11:03:10,6.03,0.01,8,4824,买盘
741,11:03:49,6.03,0.0,1,603,买盘
742,11:04:03,6.02,-0.01,300,180600,卖盘
743,11:04:09,6.02,0.0,2,1204,卖盘
744,11:05:01,6.03,0.01,169,101907,买盘
745,11:05:40,6.02,-0.01,67,40381,卖盘
746,11:05:57,6.02,0.0,2,1204,卖盘
747,11:06:01,6.02,0.0,73,43946,卖盘
748,11:06:19,6.02,0.0,27,16254,买盘
749,11:06:21,6.03,0.01,10,6030,买盘
750,11:06:30,6.02,-0.01,20,12040,卖盘
751,11:06:37,6.03,0.01,110,66300,买盘
752,11:06:58,6.03,0.0,8,4824,买盘
753,11:07:07,6.02,-0.01,50,30100,卖盘
754,11:08:04,6.03,0.01,12,7236,买盘
755,11:08:31,6.02,-0.01,10,6020,卖盘
756,11:08:49,6.01,-0.01,259,155753,卖盘
757,11:09:25,6.01,0.0,22,13225,卖盘
758,11:09:39,6.01,0.0,34,20434,买盘
759,11:09:42,6.01,0.0,13,7813,卖盘
760,11:09:46,6.0,-0.01,70,42000,卖盘
761,11:09:49,6.01,0.01,2,1202,买盘
762,11:09:51,6.01,0.0,2,1202,买盘
763,11:09:55,6.01,0.0,4,2404,买盘
764,11:09:57,6.01,0.0,3,1803,买盘
765,11:10:01,6.0,-0.01,10,6000,卖盘
766,11:10:03,6.01,0.01,3,1803,买盘
767,11:10:06,6.01,0.0,1,601,买盘
768,11:10:31,6.01,0.0,1,601,买盘
769,11:10:43,6.0,-0.01,8,4800,卖盘
770,11:10:49,6.0,0.0,16,9600,卖盘
771,11:10:51,6.01,0.01,21,12621,买盘
772,11:12:07,6.01,0.0,4,2404,卖盘
773,11:12:12,6.01,0.0,20,12020,卖盘
774,11:12:28,6.01,0.0,50,30050,卖盘
775,11:12:48,6.01,0.0,9,5409,卖盘
776,11:13:13,6.01,0.0,4,2404,卖盘
777,11:13:18,6.01,0.0,10,6010,卖盘
778,11:13:39,6.02,0.01,47,28294,买盘
779,11:13:58,6.02,0.0,100,60200,买盘
780,11:14:06,6.01,-0.01,15,9015,卖盘
781,11:14:51,6.0,-0.01,65,39030,卖盘
782,11:15:21,6.02,0.02,1,602,买盘
783,11:16:37,6.01,-0.01,4,2404,卖盘
784,11:16:55,6.01,0.0,8,4808,卖盘
785,11:17:09,6.01,0.0,53,31853,卖盘
786,11:17:12,6.01,0.0,30,18030,卖盘
787,11:17:15,6.01,0.0,30,18030,卖盘
788,11:17:24,6.01,0.0,32,19232,卖盘
789,11:17:34,6.02,0.01,46,27672,买盘
790,11:18:31,6.01,-0.01,5,3005,买盘
791,11:19:25,6.01,0.0,10,6010,买盘
792,11:20:58,6.01,0.0,50,30050,买盘
793,11:21:06,6.01,0.0,5,3005,买盘
794,11:22:31,6.01,0.0,11,6611,买盘
795,11:23:00,6.01,0.0,30,18030,买盘
796,11:23:04,6.01,0.0,1,601,买盘
797,11:23:10,6.01,0.0,7,4207,买盘
798,11:23:13,6.01,0.0,17,10217,买盘
799,11:23:46,6.01,0.0,30,18050,卖盘
800,11:23:55,6.02,0.01,27,16254,买盘
801,11:23:57,6.01,-0.01,30,18030,卖盘
802,11:25:01,6.02,0.01,111,66822,买盘
803,11:25:04,6.02,0.0,20,12040,卖盘
804,11:27:04,6.03,0.01,10,6030,买盘
805,11:27:31,6.03,0.0,43,25929,买盘
806,11:27:43,6.03,0.0,3,1809,买盘
807,11:28:00,6.03,0.0,10,6030,买盘
808,11:28:24,6.03,0.0,30,18090,买盘
809,11:28:39,6.02,-0.01,12,7224,卖盘
810,11:29:54,6.02,0.0,3,1806,卖盘
811,13:00:04,6.03,0.01,2,1206,买盘
812,13:00:07,6.03,0.0,235,141606,买盘
813,13:00:10,6.03,0.0,80,48240,卖盘
814,13:00:21,6.04,0.01,14,8456,买盘
815,13:00:42,6.03,-0.01,22,13266,卖盘
816,13:01:00,6.03,0.0,35,21105,卖盘
817,13:01:51,6.03,0.0,113,68139,买盘
818,13:02:00,6.03,0.0,8,4824,卖盘
819,13:02:21,6.04,0.01,20,12080,买盘
820,13:02:37,6.04,0.0,100,60400,买盘
821,13:03:34,6.03,-0.01,6,3618,卖盘
822,13:04:24,6.03,0.0,30,18090,卖盘
823,13:04:57,6.03,0.0,20,12060,卖盘
824,13:05:12,6.03,0.0,25,15075,卖盘
825,13:05:28,6.04,0.01,2,1208,买盘
826,13:05:43,6.03,-0.01,10,6030,卖盘
827,13:05:46,6.03,0.0,5,3015,卖盘
828,13:05:51,6.03,0.0,60,36180,卖盘
829,13:05:54,6.03,0.0,104,62712,卖盘
830,13:06:00,6.02,-0.01,32,19264,卖盘
831,13:06:04,6.04,0.02,97,58512,买盘
832,13:06:21,6.03,-0.01,9,5427,买盘
833,13:06:57,6.02,-0.01,29,17461,卖盘
834,13:07:18,6.02,0.0,5,3010,卖盘
835,13:07:49,6.03,0.01,100,60300,买盘
836,13:07:51,6.02,-0.01,48,28896,卖盘
837,13:08:04,6.03,0.01,3,1809,买盘
838,13:08:10,6.02,-0.01,11,6622,卖盘
839,13:09:09,6.03,0.01,30,18090,买盘
840,13:09:40,6.03,0.0,2,1206,买盘
841,13:10:19,6.03,0.0,30,18090,买盘
842,13:10:54,6.02,-0.01,40,24080,卖盘
843,13:11:00,6.02,0.0,2,1204,卖盘
844,13:11:13,6.02,0.0,104,62608,卖盘
845,13:11:16,6.02,0.0,10,6020,卖盘
846,13:11:57,6.03,0.01,12,7236,买盘
847,13:12:10,6.02,-0.01,12,7224,卖盘
848,13:12:40,6.03,0.01,3,1809,买盘
849,13:12:52,6.03,0.0,10,6030,买盘
850,13:13:46,6.03,0.0,47,28341,买盘
851,13:14:18,6.03,0.0,238,143514,买盘
852,13:14:30,6.03,0.0,30,18090,卖盘
853,13:14:36,6.03,0.0,5,3015,卖盘
854,13:14:51,6.04,0.01,300,181200,买盘
855,13:15:07,6.04,0.0,10,6040,买盘
856,13:15:18,6.04,0.0,44,26455,买盘
857,13:15:21,6.04,0.0,20,12080,卖盘
858,13:15:37,6.04,0.0,1,604,卖盘
859,13:16:04,6.05,0.01,1,605,买盘
860,13:16:34,6.04,-0.01,40,24185,卖盘
861,13:17:31,6.05,0.01,45,27220,买盘
862,13:17:33,6.04,-0.01,64,38656,卖盘
863,13:17:52,6.05,0.01,40,24200,买盘
864,13:18:19,6.04,-0.01,50,30200,卖盘
865,13:18:25,6.04,0.0,3,1812,卖盘
866,13:18:42,6.06,0.02,551,333513,买盘
867,13:18:46,6.04,-0.02,12,7248,卖盘
868,13:19:01,6.05,0.01,16,9680,卖盘
869,13:20:01,6.05,0.0,1,605,买盘
870,13:20:18,6.05,0.0,61,36905,买盘
871,13:20:22,6.06,0.01,106,64149,买盘
872,13:20:34,6.05,-0.01,27,16335,卖盘
873,13:20:39,6.06,0.01,7,4237,买盘
874,13:21:19,6.06,0.0,52,31512,买盘
875,13:21:24,6.06,0.0,200,121200,买盘
876,13:21:31,6.06,0.0,30,18180,买盘
877,13:21:34,6.06,0.0,20,12120,买盘
878,13:21:51,6.06,0.0,50,30300,买盘
879,13:22:01,6.06,0.0,6,3636,买盘
880,13:22:04,6.06,0.0,200,121200,买盘
881,13:22:06,6.05,-0.01,13,7865,卖盘
882,13:22:16,6.05,0.0,1,605,卖盘
883,13:22:19,6.05,0.0,40,24200,卖盘
884,13:22:27,6.05,0.0,40,24200,卖盘
885,13:22:54,6.05,0.0,5,3025,卖盘
886,13:22:57,6.06,0.01,30,18180,买盘
887,13:23:00,6.05,-0.01,20,12100,卖盘
888,13:23:36,6.05,0.0,15,9075,卖盘
889,13:23:46,6.05,0.0,125,75625,卖盘
890,13:24:04,6.05,0.0,40,24200,买盘
891,13:24:24,6.04,-0.01,5,3020,卖盘
892,13:24:27,6.05,0.01,87,52635,买盘
893,13:24:39,6.06,0.01,8,4848,买盘
894,13:25:10,6.06,0.0,1,606,买盘
895,13:25:16,6.06,0.0,60,36360,买盘
896,13:25:24,6.06,0.0,6,3636,买盘
897,13:25:40,6.06,0.0,50,30300,买盘
898,13:26:28,6.05,-0.01,10,6050,卖盘
899,13:26:37,6.06,0.01,50,30300,买盘
900,13:26:48,6.06,0.0,93,56315,买盘
901,13:26:54,6.05,-0.01,281,170005,卖盘
902,13:27:15,6.05,0.0,15,9075,买盘
903,13:27:18,6.05,0.0,4,2420,买盘
904,13:27:25,6.05,0.0,2,1210,卖盘
905,13:27:28,6.06,0.01,3,1818,买盘
906,13:27:34,6.05,-0.01,1,605,卖盘
907,13:27:43,6.05,0.0,1,605,买盘
908,13:27:49,6.06,0.01,359,217850,买盘
909,13:27:55,6.06,0.0,7,3878,卖盘
910,13:28:34,6.05,-0.01,22,13310,卖盘
911,13:28:46,6.05,0.0,5,3025,卖盘
912,13:29:01,6.05,0.0,20,12100,卖盘
913,13:29:07,6.05,0.0,20,12100,卖盘
914,13:29:16,6.05,0.0,37,22385,买盘
915,13:29:22,6.06,0.01,100,60587,买盘
916,13:29:31,6.05,-0.01,13,7865,中性盘
917,13:30:15,6.06,0.01,90,54537,买盘
918,13:30:21,6.04,-0.02,45,27180,卖盘
919,13:30:51,6.05,0.01,30,18150,买盘
920,13:31:04,6.05,0.0,50,30250,买盘
921,13:31:07,6.05,0.0,39,23595,买盘
922,13:31:27,6.06,0.01,128,77568,买盘
923,13:32:27,6.05,-0.01,10,6050,卖盘
924,13:32:30,6.06,0.01,10,6060,买盘
925,13:32:39,6.05,-0.01,200,121000,卖盘
926,13:32:55,6.06,0.01,40,24240,买盘
927,13:33:48,6.06,0.0,24,14544,买盘
928,13:33:55,6.06,0.0,26,15756,买盘
929,13:34:04,6.06,0.0,72,43632,买盘
930,13:34:16,6.06,0.0,15,9090,卖盘
931,13:34:19,6.06,0.0,5,3030,卖盘
932,13:34:21,6.06,0.0,1,606,卖盘
933,13:34:25,6.06,0.0,74,44844,卖盘
934,13:34:27,6.06,0.0,9,5454,卖盘
935,13:34:52,6.05,-0.01,10,6050,卖盘
936,13:35:33,6.06,0.01,100,60600,买盘
937,13:35:40,6.05,-0.01,20,12100,卖盘
938,13:35:52,6.06,0.01,83,50298,买盘
939,13:36:04,6.06,0.0,2,1212,买盘
940,13:36:07,6.06,0.0,35,21210,买盘
941,13:36:15,6.05,-0.01,100,60500,卖盘
942,13:37:07,6.06,0.01,14,8484,买盘
943,13:37:19,6.05,-0.01,5,3025,卖盘
944,13:38:13,6.05,0.0,10,6050,卖盘
945,13:38:31,6.05,0.0,5,3025,卖盘
946,13:39:45,6.06,0.01,10,6060,买盘
947,13:40:27,6.06,0.0,100,60600,买盘
948,13:40:37,6.06,0.0,19,11514,买盘
949,13:40:42,6.06,0.0,10,6060,买盘
950,13:41:06,6.07,0.01,166,100739,买盘
951,13:41:34,6.07,0.0,15,9100,买盘
952,13:41:45,6.07,0.0,4,2428,买盘
953,13:42:01,6.07,0.0,20,12140,买盘
954,13:42:52,6.07,0.0,293,177851,买盘
955,13:43:04,6.07,0.0,20,12140,卖盘
956,13:43:07,6.07,0.0,55,33385,卖盘
957,13:43:12,6.06,-0.01,3,1818,卖盘
958,13:43:39,6.06,0.0,1,606,卖盘
959,13:44:13,6.06,0.0,10,6060,卖盘
960,13:44:16,6.07,0.01,8,4856,买盘
961,13:44:36,6.07,0.0,2,1214,买盘
962,13:44:42,6.07,0.0,30,18210,买盘
963,13:44:54,6.07,0.0,93,56451,买盘
964,13:45:13,6.07,0.0,5,3035,买盘
965,13:45:39,6.07,0.0,5,3035,买盘
966,13:45:51,6.06,-0.01,1,606,卖盘
967,13:46:15,6.07,0.01,11,6677,买盘
968,13:46:27,6.06,-0.01,100,60600,卖盘
969,13:47:22,6.06,0.0,20,12120,卖盘
970,13:47:46,6.06,0.0,20,12120,卖盘
971,13:47:51,6.06,0.0,5,3030,卖盘
972,13:47:57,6.06,0.0,104,63024,卖盘
973,13:48:04,6.06,0.0,41,24846,卖盘
974,13:48:16,6.07,0.01,100,60678,买盘
975,13:48:37,6.05,-0.02,7,4235,卖盘
976,13:48:42,6.06,0.01,40,24240,买盘
977,13:49:09,6.06,0.0,25,15150,卖盘
978,13:50:12,6.05,-0.01,17,10285,卖盘
979,13:50:27,6.05,0.0,18,10769,卖盘
980,13:50:55,6.05,0.0,27,16335,卖盘
981,13:51:42,6.05,0.0,23,14157,卖盘
982,13:52:04,6.05,0.0,12,7139,卖盘
983,13:52:19,6.05,0.0,15,9075,卖盘
984,13:52:30,6.05,0.0,10,6050,卖盘
985,13:52:48,6.06,0.01,38,23026,买盘
986,13:52:55,6.05,-0.01,20,12100,卖盘
987,13:52:58,6.06,0.01,15,9090,买盘
988,13:53:09,6.05,-0.01,5,3025,卖盘
989,13:53:33,6.05,0.0,5,3025,卖盘
990,13:54:12,6.05,0.0,2,1210,卖盘
991,13:54:27,6.05,0.0,81,49005,卖盘
992,13:54:30,6.05,0.0,50,30250,卖盘
993,13:54:36,6.06,0.01,50,30300,买盘
994,13:54:43,6.05,-0.01,116,70180,卖盘
995,13:55:13,6.05,0.0,1,605,卖盘
996,13:55:16,6.06,0.01,50,30300,买盘
997,13:55:22,6.05,-0.01,20,12100,卖盘
998,13:55:40,6.05,0.0,30,18150,卖盘
999,13:55:54,6.05,0.0,4,2420,卖盘
1000,13:55:58,6.05,0.0,50,30250,卖盘
1001,13:56:16,6.05,0.0,14,8470,卖盘
1002,13:56:42,6.05,0.0,100,60500,卖盘
1003,13:56:46,6.06,0.01,20,12120,买盘
1004,13:56:55,6.05,-0.01,84,50820,卖盘
1005,13:57:00,6.05,0.0,1,605,卖盘
1006,13:57:06,6.05,0.0,2,1210,卖盘
1007,13:57:12,6.05,0.0,3,1815,卖盘
1008,13:57:34,6.05,0.0,4,2420,买盘
1009,13:58:34,6.05,0.0,10,6050,卖盘
1010,13:58:49,6.05,0.0,85,51474,卖盘
1011,13:59:04,6.05,0.0,44,26620,买盘
1012,13:59:42,6.05,0.0,10,6050,卖盘
1013,14:00:06,6.05,0.0,66,39930,卖盘
1014,14:00:19,6.05,0.0,14,8470,卖盘
1015,14:00:40,6.06,0.01,40,24240,买盘
1016,14:00:46,6.05,-0.01,1,605,卖盘
1017,14:00:55,6.05,0.0,44,26620,卖盘
1018,14:01:00,6.05,0.0,18,10890,卖盘
1019,14:01:22,6.05,0.0,2,1210,卖盘
1020,14:01:57,6.05,0.0,13,7865,卖盘
1021,14:02:00,6.05,0.0,4,2420,卖盘
1022,14:03:40,6.06,0.01,280,169680,买盘
1023,14:03:54,6.06,0.0,28,16968,卖盘
1024,14:03:57,6.07,0.01,38,23055,买盘
1025,14:04:16,6.07,0.0,5,3035,买盘
1026,14:04:30,6.07,0.0,20,12140,买盘
1027,14:04:45,6.07,0.0,30,18210,买盘
1028,14:05:00,6.07,0.0,50,30350,买盘
1029,14:05:09,6.07,0.0,50,30350,买盘
1030,14:05:37,6.07,0.0,50,30350,买盘
1031,14:06:34,6.07,0.0,9,5463,买盘
1032,14:07:09,6.07,0.0,7,4249,买盘
1033,14:07:16,6.07,0.0,13,7881,买盘
1034,14:07:45,6.07,0.0,20,12140,买盘
1035,14:07:58,6.07,0.0,10,6070,买盘
1036,14:08:04,6.06,-0.01,4,2424,卖盘
1037,14:08:21,6.06,0.0,64,38784,卖盘
1038,14:08:39,6.06,0.0,55,33330,卖盘
1039,14:08:46,6.06,0.0,10,6060,卖盘
1040,14:08:49,6.06,0.0,12,7272,卖盘
1041,14:09:12,6.06,0.0,10,6060,买盘
1042,14:09:37,6.06,0.0,136,82416,买盘
1043,14:10:07,6.06,0.0,40,24270,卖盘
1044,14:10:13,6.06,0.0,32,19392,卖盘
1045,14:10:28,6.07,0.01,36,21852,买盘
1046,14:10:36,6.06,-0.01,12,7272,卖盘
1047,14:10:54,6.06,0.0,15,9090,卖盘
1048,14:10:57,6.06,0.0,5,3030,买盘
1049,14:11:19,6.05,-0.01,1,605,卖盘
1050,14:11:21,6.05,0.0,4,2420,卖盘
1051,14:11:40,6.05,0.0,20,12100,卖盘
1052,14:11:43,6.05,0.0,412,249260,卖盘
1053,14:11:52,6.05,0.0,200,121000,卖盘
1054,14:12:01,6.05,0.0,20,12100,卖盘
1055,14:12:06,6.05,0.0,16,9680,卖盘
1056,14:12:09,6.05,0.0,3,1815,卖盘
1057,14:12:28,6.05,0.0,30,18150,卖盘
1058,14:12:42,6.05,0.0,34,20570,卖盘
1059,14:13:09,6.05,0.0,60,36300,卖盘
1060,14:13:33,6.05,0.0,10,6050,卖盘
1061,14:13:46,6.05,0.0,20,12100,卖盘
1062,14:14:49,6.05,0.0,10,6050,卖盘
1063,14:14:54,6.05,0.0,50,30250,卖盘
1064,14:15:04,6.05,0.0,3,1815,卖盘
1065,14:15:52,6.05,0.0,50,30250,卖盘
1066,14:17:33,6.05,0.0,8,4840,卖盘
1067,14:18:10,6.06,0.01,3,1818,买盘
1068,14:18:28,6.06,0.0,1,606,买盘
1069,14:18:58,6.05,-0.01,40,24200,卖盘
1070,14:19:19,6.06,0.01,27,16362,买盘
1071,14:19:25,6.06,0.0,30,18180,买盘
1072,14:20:04,6.06,0.0,155,94172,买盘
1073,14:20:42,6.07,0.01,7,4249,买盘
1074,14:21:18,6.07,0.0,18,10926,买盘
1075,14:21:49,6.07,0.0,5,3035,买盘
1076,14:22:34,6.06,-0.01,2,1212,卖盘
1077,14:22:37,6.07,0.01,40,24280,买盘
1078,14:22:43,6.06,-0.01,9,5454,卖盘
1079,14:22:57,6.06,0.0,5,3030,卖盘
1080,14:23:03,6.06,0.0,100,60600,卖盘
1081,14:23:09,6.06,0.0,172,104232,卖盘
1082,14:23:13,6.06,0.0,1,364,买盘
1083,14:23:37,6.06,0.0,10,6060,买盘
1084,14:24:10,6.05,-0.01,100,60500,卖盘
1085,14:24:21,6.06,0.01,21,12726,买盘
1086,14:25:10,6.05,-0.01,26,15750,卖盘
1087,14:25:27,6.06,0.01,21,12726,买盘
1088,14:25:45,6.06,0.0,47,28482,买盘
1089,14:26:28,6.05,-0.01,2,1210,卖盘
1090,14:26:46,6.05,0.0,40,24200,卖盘
1091,14:27:10,6.05,0.0,5,3025,卖盘
1092,14:27:34,6.05,0.0,10,6050,卖盘
1093,14:28:24,6.05,0.0,10,6050,卖盘
1094,14:29:09,6.05,0.0,3,1815,卖盘
1095,14:29:22,6.06,0.01,194,117556,买盘
1096,14:29:37,6.06,0.0,10,6060,买盘
1097,14:29:45,6.06,0.0,20,12120,买盘
1098,14:30:10,6.06,0.0,1,606,买盘
1099,14:30:37,6.06,0.0,9,5454,买盘
1100,14:30:43,6.05,-0.01,5,3025,卖盘
1101,14:30:57,6.06,0.01,30,18180,买盘
1102,14:31:19,6.05,-0.01,10,6050,卖盘
1103,14:31:21,6.05,0.0,3,1815,卖盘
1104,14:32:12,6.05,0.0,8,4840,卖盘
1105,14:33:01,6.06,0.01,31,18760,买盘
1106,14:34:04,6.05,-0.01,144,87120,卖盘
1107,14:34:07,6.06,0.01,144,87264,买盘
1108,14:34:10,6.05,-0.01,30,18150,卖盘
1109,14:34:18,6.05,0.0,92,55660,买盘
1110,14:34:33,6.05,0.0,20,12100,卖盘
1111,14:34:40,6.05,0.0,47,28435,卖盘
1112,14:35:34,6.06,0.01,8,4848,买盘
1113,14:36:01,6.06,0.0,3,1818,买盘
1114,14:36:10,6.05,-0.01,5,3025,卖盘
1115,14:36:16,6.06,0.01,8,4848,买盘
1116,14:37:13,6.05,-0.01,5,3025,卖盘
1117,14:37:18,6.05,0.0,100,60500,卖盘
1118,14:37:30,6.05,0.0,18,10898,卖盘
1119,14:38:04,6.05,0.0,64,38720,卖盘
1120,14:38:13,6.05,0.0,26,15730,卖盘
1121,14:38:19,6.06,0.01,9,5454,买盘
1122,14:38:25,6.05,-0.01,5,3025,卖盘
1123,14:38:31,6.05,0.0,73,44165,买盘
1124,14:38:49,6.05,0.0,3,1815,买盘
1125,14:38:58,6.05,0.0,47,28435,买盘
1126,14:39:06,6.05,0.0,22,13310,买盘
1127,14:39:31,6.05,0.0,11,6655,卖盘
1128,14:39:52,6.06,0.01,8,4848,买盘
1129,14:40:00,6.05,-0.01,30,18150,卖盘
1130,14:40:13,6.05,0.0,40,24200,卖盘
1131,14:40:19,6.05,0.0,10,6050,卖盘
1132,14:40:22,6.06,0.01,8,4848,买盘
1133,14:40:34,6.05,-0.01,17,10285,卖盘
1134,14:40:42,6.05,0.0,2,1210,卖盘
1135,14:40:52,6.05,0.0,20,12100,卖盘
1136,14:41:04,6.05,0.0,27,16335,卖盘
1137,14:41:09,6.05,0.0,10,6050,卖盘
1138,14:41:18,6.05,0.0,6,3630,卖盘
1139,14:41:22,6.05,0.0,16,9680,卖盘
1140,14:41:28,6.06,0.01,20,12120,买盘
1141,14:41:51,6.05,-0.01,150,90750,卖盘
1142,14:41:57,6.05,0.0,23,13915,卖盘
1143,14:42:10,6.04,-0.01,30,18120,卖盘
1144,14:42:25,6.05,0.01,14,8470,买盘
1145,14:42:31,6.05,0.0,16,9680,卖盘
1146,14:42:43,6.05,0.0,13,7865,买盘
1147,14:42:49,6.05,0.0,8,4840,买盘
1148,14:42:52,6.05,0.0,10,6050,买盘
1149,14:43:04,6.05,0.0,5,3025,买盘
1150,14:43:12,6.04,-0.01,4,2416,卖盘
1151,14:43:55,6.05,0.01,51,30855,买盘
1152,14:44:00,6.05,0.0,29,17545,买盘
1153,14:44:19,6.05,0.0,9,5445,买盘
1154,14:44:39,6.05,0.0,29,17545,买盘
1155,14:44:45,6.05,0.0,8,4840,买盘
1156,14:45:22,6.05,0.0,66,39930,买盘
1157,14:45:25,6.04,-0.01,148,89425,卖盘
1158,14:45:37,6.05,0.01,30,18150,卖盘
1159,14:45:40,6.05,0.0,20,12100,买盘
1160,14:45:48,6.05,0.0,58,35090,买盘
1161,14:46:04,6.05,0.0,84,50699,买盘
1162,14:46:46,6.05,0.0,39,23716,卖盘
1163,14:47:01,6.05,0.0,1,605,买盘
1164,14:47:10,6.05,0.0,10,6050,买盘
1165,14:47:13,6.05,0.0,12,7260,买盘
1166,14:47:18,6.05,0.0,38,22990,买盘
1167,14:47:34,6.05,0.0,50,30129,买盘
1168,14:47:40,6.05,0.0,40,24200,卖盘
1169,14:47:42,6.05,0.0,48,29048,卖盘
1170,14:48:10,6.06,0.01,8,4848,买盘
1171,14:48:30,6.06,0.0,2,1212,买盘
1172,14:48:34,6.06,0.0,10,6060,买盘
1173,14:48:57,6.06,0.0,32,19392,买盘
1174,14:49:00,6.05,-0.01,100,60500,卖盘
1175,14:49:04,6.06,0.01,18,10908,买盘
1176,14:49:25,6.06,0.0,40,24240,买盘
1177,14:49:28,6.06,0.0,5,3030,买盘
1178,14:49:33,6.06,0.0,1,606,买盘
1179,14:49:49,6.06,0.0,200,121200,买盘
1180,14:50:09,6.06,0.0,2,1212,买盘
1181,14:50:12,6.06,0.0,143,86658,买盘
1182,14:50:19,6.06,0.0,1,606,买盘
1183,14:50:22,6.05,-0.01,50,30250,卖盘
1184,14:50:25,6.05,0.0,3,1815,卖盘
1185,14:50:31,6.05,0.0,10,6050,卖盘
1186,14:50:36,6.06,0.01,3,1818,买盘
1187,14:50:39,6.06,0.0,30,18180,买盘
1188,14:50:46,6.06,0.0,60,36360,买盘
1189,14:50:54,6.06,0.0,33,19998,买盘
1190,14:51:04,6.06,0.0,68,41208,买盘
1191,14:51:18,6.06,0.0,50,30300,买盘
1192,14:51:21,6.06,0.0,60,36360,买盘
1193,14:51:31,6.06,0.0,20,12120,卖盘
1194,14:51:37,6.06,0.0,7,4242,卖盘
1195,14:51:40,6.07,0.01,2,1214,买盘
1196,14:51:43,6.06,-0.01,31,18786,卖盘
1197,14:51:52,6.07,0.01,103,62516,买盘
1198,14:52:01,6.06,-0.01,100,60600,卖盘
1199,14:52:24,6.07,0.01,50,30350,买盘
1200,14:52:37,6.07,0.0,10,6070,买盘
1201,14:52:49,6.07,0.0,21,12747,买盘
1202,14:52:54,6.07,0.0,10,6070,买盘
1203,14:52:57,6.07,0.0,10,6070,买盘
1204,14:53:07,6.07,0.0,30,18210,买盘
1205,14:53:09,6.07,0.0,33,20031,买盘
1206,14:53:16,6.07,0.0,1,607,买盘
1207,14:53:30,6.07,0.0,10,6070,买盘
1208,14:53:33,6.06,-0.01,248,149924,卖盘
1209,14:53:52,6.06,0.0,20,12484,买盘
1210,14:53:55,6.06,0.0,3,1818,卖盘
1211,14:53:58,6.07,0.01,202,122598,买盘
1212,14:54:00,6.06,-0.01,54,32773,卖盘
1213,14:54:06,6.07,0.01,1,607,买盘
1214,14:54:16,6.07,0.0,6,3642,卖盘
1215,14:54:22,6.07,0.0,20,12140,买盘
1216,14:54:25,6.07,0.0,10,6070,买盘
1217,14:54:39,6.07,0.0,37,22459,买盘
1218,14:54:49,6.07,0.0,44,26708,买盘
1219,14:54:52,6.07,0.0,4,2428,买盘
1220,14:55:12,6.08,0.01,3,1824,买盘
1221,14:55:22,6.07,-0.01,50,30350,卖盘
1222,14:55:24,6.08,0.01,30,18240,买盘
1223,14:55:37,6.08,0.0,25,15200,买盘
1224,14:55:40,6.08,0.0,30,18240,买盘
1225,14:56:07,6.08,0.0,101,61408,买盘
1226,14:56:10,6.07,-0.01,100,60700,卖盘
1227,14:56:13,6.08,0.01,50,30400,买盘
1228,14:56:19,6.08,0.0,16,9728,买盘
1229,14:56:21,6.08,0.0,256,155648,买盘
1230,14:56:24,6.08,0.0,11,6688,买盘
1231,14:56:31,6.08,0.0,13,7904,卖盘
1232,14:56:37,6.09,0.01,49,29836,买盘
1233,14:56:40,6.08,-0.01,5,3040,卖盘
1234,14:56:48,6.09,0.01,97,59073,买盘
1235,14:56:51,6.09,0.0,43,26187,买盘
1236,14:56:55,6.09,0.0,206,125454,买盘
1237,14:57:01,6.09,0.0,1078,656502,买盘
1238,15:00:04,6.1,0.01,1326,808494,卖盘
