,time,price,change,volume,amount,type
0,09:25:04,5.0,0.03,86,43000,卖盘
1,09:30:04,5.0,0.0,283,140891,买盘
2,09:30:07,4.97,-0.03,10,4970,卖盘
3,09:30:15,4.99,0.02,68,33882,买盘
4,09:30:27,4.97,-0.02,54,26955,卖盘
5,09:30:36,4.98,0.01,4,1992,买盘
6,09:30:39,4.98,0.0,4,1992,买盘
7,09:30:42,4.98,0.0,22,10956,买盘
8,09:30:45,5.0,0.02,100,50000,买盘
9,09:31:30,4.99,-0.01,9,4491,买盘
10,09:31:33,4.99,0.0,1,499,卖盘
11,09:31:36,4.99,0.0,10,4990,卖盘
12,09:31:45,4.99,0.0,13,6487,卖盘
13,09:31:52,5.0,0.01,487,243460,买盘
14,09:31:54,5.0,0.0,68,34000,卖盘
15,09:32:04,5.0,0.0,5,2500,卖盘
16,09:32:06,5.0,0.0,10,5000,卖盘
17,09:32:12,5.01,0.01,36,18036,买盘
18,09:32:15,5.01,0.0,20,10020,卖盘
19,09:32:25,5.01,0.0,60,30060,卖盘
20,09:32:30,5.02,0.01,3,1506,买盘
21,09:32:39,5.02,0.0,202,101204,买盘
22,09:32:43,5.01,-0.01,5,2505,买盘
23,09:32:51,5.02,0.01,230,115460,买盘
24,09:33:09,5.02,0.0,6,3012,买盘
25,09:33:12,5.02,0.0,8,4016,买盘
26,09:33:15,5.01,-0.01,31,15531,卖盘
27,09:33:18,5.02,0.01,30,15060,买盘
28,09:33:21,5.02,0.0,59,29618,买盘
29,09:33:24,5.02,0.0,6,3012,买盘
30,09:33:27,5.02,0.0,45,22590,卖盘
31,09:33:36,5.02,0.0,60,30120,卖盘
32,09:33:39,5.02,0.0,1,502,卖盘
33,09:33:42,5.02,0.0,4,2008,卖盘
34,09:33:48,5.02,0.0,31,15562,卖盘
35,09:33:51,5.02,0.0,6,3012,卖盘
36,09:33:54,5.02,0.0,20,10040,卖盘
37,09:34:13,5.02,0.0,124,62248,卖盘
38,09:34:28,5.02,0.0,71,35640,买盘
39,09:34:45,5.01,-0.01,90,45090,卖盘
40,09:35:06,5.02,0.01,12,6024,买盘
41,09:35:15,5.02,0.0,11,5522,买盘
42,09:35:27,5.01,-0.01,1,501,卖盘
43,09:35:39,5.02,0.01,5,2510,买盘
44,09:35:42,5.01,-0.01,27,13539,卖盘
45,09:35:45,5.02,0.01,18,9036,买盘
46,09:35:48,5.01,-0.01,50,25050,卖盘
47,09:35:51,5.02,0.01,10,5020,买盘
48,09:36:04,5.02,0.0,49,24598,买盘
49,09:36:06,5.02,0.0,41,20582,买盘
50,09:36:12,5.01,-0.01,27,13527,卖盘
51,09:36:30,5.02,0.01,12,6024,买盘
52,09:36:36,5.01,-0.01,35,17535,卖盘
53,09:36:42,5.01,0.0,100,50160,卖盘
54,09:36:45,5.01,0.0,29,14529,卖盘
55,09:36:48,5.01,0.0,15,7515,卖盘
56,09:36:54,5.01,0.0,31,15531,卖盘
57,09:36:57,5.01,0.0,3,1503,卖盘
58,09:37:00,5.01,0.0,59,29559,卖盘
59,09:37:04,5.01,0.0,13,6513,卖盘
60,09:37:06,5.01,0.0,5,2505,买盘
61,09:37:13,5.0,-0.01,2,1000,卖盘
62,09:37:21,5.0,0.0,10,5000,卖盘
63,09:37:24,5.0,0.0,76,38023,卖盘
64,09:37:36,5.0,0.0,1,500,卖盘
65,09:37:43,5.0,0.0,10,5000,卖盘
66,09:37:48,5.0,0.0,92,46000,卖盘
67,09:37:51,5.0,0.0,21,10500,卖盘
68,09:37:55,5.0,0.0,15,7500,卖盘
69,09:37:57,5.0,0.0,4,2000,卖盘
70,09:38:00,5.0,0.0,22,11000,卖盘
71,09:38:04,5.0,0.0,4,2000,卖盘
72,09:38:12,5.0,0.0,10,5000,卖盘
73,09:38:15,5.0,0.0,88,44068,卖盘
74,09:38:24,5.0,0.0,52,26000,卖盘
75,09:38:27,5.0,0.0,34,17000,卖盘
76,09:38:30,5.0,0.0,132,66000,卖盘
77,09:38:36,5.0,0.0,5,2500,买盘
78,09:38:52,4.99,-0.01,1,499,卖盘
79,09:38:54,5.0,0.01,50,25000,买盘
80,09:39:01,4.99,-0.01,30,14970,卖盘
81,09:39:15,4.99,0.0,11,5499,卖盘
82,09:39:19,5.0,0.01,9,4500,买盘
83,09:39:27,4.99,-0.01,1,499,卖盘
84,09:39:48,4.99,0.0,3,1497,卖盘
85,09:39:51,4.99,0.0,1,499,卖盘
86,09:39:54,4.99,0.0,30,14970,卖盘
87,09:39:57,4.99,0.0,13,6487,卖盘
88,09:40:00,4.99,0.0,7,3493,卖盘
89,09:40:04,4.99,0.0,3,1497,卖盘
90,09:40:18,4.99,0.0,1,499,卖盘
91,09:40:21,4.99,0.0,5,2495,卖盘
92,09:40:27,4.99,0.0,4,1996,卖盘
93,09:40:45,4.99,0.0,17,8483,卖盘
94,09:40:51,4.98,-0.01,1,498,卖盘
95,09:40:58,4.99,0.01,30,14970,买盘
96,09:41:04,4.98,-0.01,3,1494,卖盘
97,09:41:06,4.99,0.01,2,998,买盘
98,09:41:15,4.99,0.0,1,499,卖盘
99,09:41:24,4.99,0.0,9,4491,买盘
100,09:41:27,4.99,0.0,1,499,卖盘
101,09:41:51,4.99,0.0,6,2994,卖盘
102,09:41:58,5.0,0.01,49,24500,买盘
103,09:42:10,5.0,0.0,21,10499,买盘
104,09:42:27,5.0,0.0,24,12000,买盘
105,09:42:33,4.99,-0.01,3,1499,卖盘
106,09:42:39,4.99,0.0,7,3493,卖盘
107,09:42:55,4.99,0.0,1,499,卖盘
108,09:43:15,5.0,0.01,10,5000,买盘
109,09:43:21,4.99,-0.01,1,499,卖盘
110,09:43:48,4.99,0.0,27,13473,卖盘
111,09:43:51,4.99,0.0,15,7485,卖盘
112,09:43:57,4.99,0.0,216,107784,卖盘
113,09:44:00,4.98,-0.01,154,76702,卖盘
114,09:44:04,4.98,0.0,76,37848,卖盘
115,09:44:06,4.98,0.0,81,40338,卖盘
116,09:44:09,4.97,-0.01,39,19393,卖盘
117,09:44:12,4.97,0.0,96,47712,卖盘
118,09:44:15,4.97,0.0,86,42742,卖盘
119,09:44:18,4.97,0.0,160,79520,卖盘
120,09:44:22,4.97,0.0,69,34293,卖盘
121,09:44:24,4.96,-0.01,80,39710,卖盘
122,09:44:39,4.95,-0.01,33,16335,卖盘
123,09:44:42,4.96,0.01,20,9903,买盘
124,09:44:51,4.95,-0.01,26,12870,买盘
125,09:44:57,4.95,0.0,35,17325,卖盘
126,09:45:00,4.94,-0.01,117,57825,卖盘
127,09:45:09,4.95,0.01,41,20295,卖盘
128,09:45:15,4.95,0.0,5,2475,买盘
129,09:45:18,4.95,0.0,30,14850,买盘
130,09:45:21,4.95,0.0,30,14850,买盘
131,09:45:24,4.95,0.0,32,15840,买盘
132,09:45:33,4.96,0.01,10,4960,买盘
133,09:45:37,4.94,-0.02,10,4940,卖盘
134,09:45:42,4.96,0.02,2,992,买盘
135,09:45:45,4.96,0.0,60,29760,中性盘
136,09:46:00,4.96,0.0,20,9920,买盘
137,09:46:04,4.95,-0.01,45,22282,卖盘
138,09:46:09,4.95,0.0,23,11385,买盘
139,09:46:12,4.95,0.0,5,2475,卖盘
140,09:46:24,4.95,0.0,41,20295,卖盘
141,09:46:30,4.94,-0.01,5,2470,卖盘
142,09:46:36,4.94,0.0,29,14326,卖盘
143,09:46:39,4.95,0.01,6,2970,买盘
144,09:46:42,4.95,0.0,40,19800,买盘
145,09:47:00,4.95,0.0,4,1980,买盘
146,09:47:06,4.95,0.0,12,5940,买盘
147,09:47:09,4.95,0.0,50,24750,买盘
148,09:47:12,4.95,0.0,10,4950,买盘
149,09:47:15,4.95,0.0,19,9405,卖盘
150,09:48:04,4.96,0.01,5,2480,买盘
151,09:48:06,4.96,0.0,43,21328,卖盘
152,09:48:15,4.96,0.0,51,25296,卖盘
153,09:48:48,4.97,0.01,5,2485,买盘
154,09:49:00,4.97,0.0,18,8946,买盘
155,09:49:39,4.97,0.0,7,3479,买盘
156,09:49:45,4.96,-0.01,78,38688,卖盘
157,09:50:31,4.96,0.0,1,496,买盘
158,09:50:33,4.96,0.0,45,22320,买盘
159,09:50:36,4.95,-0.01,30,14865,卖盘
160,09:50:39,4.95,0.0,13,6435,卖盘
161,09:51:12,4.97,0.02,23,11429,买盘
162,09:51:21,4.95,-0.02,118,58410,卖盘
163,09:51:24,4.97,0.02,7,3479,买盘
164,09:51:54,4.96,-0.01,14,6944,卖盘
165,09:52:00,4.97,0.01,2,994,买盘
166,09:52:06,4.95,-0.02,1,495,卖盘
167,09:52:30,4.95,0.0,1,495,卖盘
168,09:52:42,4.95,0.0,18,9024,卖盘
169,09:52:45,4.95,0.0,1,495,卖盘
170,09:52:57,4.95,0.0,2,990,卖盘
171,09:53:10,4.95,0.0,1,495,卖盘
172,09:53:25,4.95,0.0,34,16830,卖盘
173,09:53:33,4.95,0.0,95,47025,卖盘
174,09:53:45,4.95,0.0,1,495,卖盘
175,09:54:09,4.95,0.0,1,495,卖盘
176,09:54:30,4.95,0.0,1,495,卖盘
177,09:54:33,4.95,0.0,46,22770,卖盘
178,09:54:36,4.95,0.0,38,18810,卖盘
179,09:54:39,4.95,0.0,18,8910,卖盘
180,09:54:42,4.95,0.0,39,19305,卖盘
181,09:54:45,4.95,0.0,88,43491,卖盘
182,09:54:48,4.94,-0.01,42,20748,卖盘
183,09:55:06,4.94,0.0,64,31616,卖盘
184,09:55:10,4.94,0.0,1,494,卖盘
185,09:55:13,4.95,0.01,1,495,卖盘
186,09:55:15,4.95,0.0,26,12870,卖盘
187,09:55:18,4.95,0.0,3,1485,卖盘
188,09:55:21,4.94,-0.01,8,3952,卖盘
189,09:55:33,4.94,0.0,1,494,卖盘
190,09:55:45,4.94,0.0,1,494,卖盘
191,09:55:54,4.95,0.01,11,5445,买盘
192,09:56:06,4.95,0.0,20,9900,卖盘
193,09:56:09,4.95,0.0,6,2970,卖盘
194,09:56:15,4.95,0.0,18,8910,卖盘
195,09:56:21,4.95,0.0,2,990,买盘
196,09:56:39,4.95,0.0,9,4455,卖盘
197,09:57:01,4.94,-0.01,3,1482,卖盘
198,09:57:04,4.94,0.0,39,19266,卖盘
199,09:57:15,4.94,0.0,16,7904,卖盘
200,09:57:19,4.94,0.0,13,6427,卖盘
201,09:57:24,4.94,0.0,12,5930,卖盘
202,09:57:31,4.94,0.0,155,76570,卖盘
203,09:57:39,4.94,0.0,20,9880,卖盘
204,09:57:42,4.94,0.0,1,494,卖盘
205,09:57:45,4.94,0.0,3,1482,卖盘
206,09:57:48,4.94,0.0,7,3458,卖盘
207,09:57:51,4.94,0.0,17,8398,卖盘
208,09:57:54,4.94,0.0,14,6916,卖盘
209,09:57:58,4.94,0.0,110,54340,卖盘
210,09:58:00,4.94,0.0,25,12350,卖盘
211,09:58:04,4.94,0.0,31,15314,卖盘
212,09:58:06,4.94,0.0,39,19266,卖盘
213,09:58:09,4.94,0.0,19,9386,卖盘
214,09:58:12,4.94,0.0,3,1482,卖盘
215,09:58:15,4.94,0.0,31,15314,卖盘
216,09:58:31,4.93,-0.01,10,4930,卖盘
217,09:58:54,4.94,0.01,18,8892,买盘
218,09:59:00,4.93,-0.01,10,4932,卖盘
219,09:59:24,4.94,0.01,40,19760,卖盘
220,09:59:28,4.94,0.0,20,9880,卖盘
221,09:59:30,4.94,0.0,12,5928,卖盘
222,09:59:33,4.94,0.0,56,27664,卖盘
223,09:59:39,4.93,-0.01,20,9860,卖盘
224,09:59:46,4.94,0.01,19,9386,买盘
225,09:59:52,4.95,0.01,153,75714,买盘
226,10:00:04,4.95,0.0,3,1485,卖盘
227,10:00:06,4.95,0.0,18,8910,卖盘
228,10:00:09,4.95,0.0,290,143550,卖盘
229,10:00:12,4.95,0.0,15,7425,卖盘
230,10:00:15,4.95,0.0,4,1980,卖盘
231,10:00:18,4.95,0.0,14,6930,卖盘
232,10:00:21,4.95,0.0,1,495,卖盘
233,10:00:24,4.95,0.0,24,11880,卖盘
234,10:00:28,4.95,0.0,9,4455,卖盘
235,10:00:30,4.95,0.0,5,2475,卖盘
236,10:00:33,4.95,0.0,5,2475,卖盘
237,10:00:36,4.95,0.0,1,495,卖盘
238,10:00:39,4.95,0.0,30,14850,卖盘
239,10:00:42,4.95,0.0,22,10890,卖盘
240,10:00:45,4.95,0.0,19,9405,卖盘
241,10:00:48,4.95,0.0,13,6435,卖盘
242,10:00:51,4.93,-0.02,59,29174,卖盘
243,10:00:57,4.93,0.0,37,18241,卖盘
244,10:01:12,4.93,0.0,2,986,卖盘
245,10:01:15,4.93,0.0,1,493,卖盘
246,10:01:42,4.94,0.01,5,2470,卖盘
247,10:01:51,4.94,0.0,5,2470,卖盘
248,10:02:13,4.94,0.0,30,14820,卖盘
249,10:02:27,4.94,0.0,35,17290,卖盘
250,10:02:36,4.93,-0.01,1076,530578,卖盘
251,10:02:39,4.93,0.0,1,493,卖盘
252,10:02:58,4.93,0.0,22,10846,卖盘
253,10:03:01,4.94,0.01,2,988,买盘
254,10:03:06,4.93,-0.01,1,493,卖盘
255,10:03:21,4.94,0.01,1,494,买盘
256,10:03:24,4.93,-0.01,36,17649,卖盘
257,10:03:45,4.93,0.0,19,9466,卖盘
258,10:04:04,4.93,0.0,4,1873,卖盘
259,10:04:09,4.92,-0.01,1,492,卖盘
260,10:04:12,4.93,0.01,2,986,买盘
261,10:04:21,4.93,0.0,20,9860,买盘
262,10:04:27,4.93,0.0,36,17748,买盘
263,10:04:39,4.93,0.0,3,1479,买盘
264,10:05:00,4.92,-0.01,117,57683,卖盘
265,10:05:04,4.92,0.0,43,21156,卖盘
266,10:05:09,4.92,0.0,551,271092,卖盘
267,10:05:12,4.92,0.0,6,2952,卖盘
268,10:05:16,4.92,0.0,3,1476,卖盘
269,10:05:18,4.92,0.0,34,16615,卖盘
270,10:05:33,4.92,0.0,3,1476,买盘
271,10:05:36,4.92,0.0,39,19188,买盘
272,10:05:42,4.91,-0.01,20,9820,卖盘
273,10:05:54,4.92,0.01,3,1476,买盘
274,10:05:57,4.92,0.0,64,31430,买盘
275,10:06:00,4.91,-0.01,20,9820,卖盘
276,10:06:09,4.91,0.0,1,491,卖盘
277,10:06:12,4.92,0.01,5,2460,买盘
278,10:06:15,4.92,0.0,61,30012,买盘
279,10:06:19,4.92,0.0,20,9840,买盘
280,10:06:27,4.92,0.0,17,8477,买盘
281,10:06:34,4.91,-0.01,30,14753,卖盘
282,10:06:39,4.92,0.01,2,984,卖盘
283,10:06:42,4.91,-0.01,59,28987,卖盘
284,10:07:00,4.91,0.0,47,23083,卖盘
285,10:07:09,4.92,0.01,1,492,买盘
286,10:07:12,4.91,-0.01,1,491,卖盘
287,10:07:27,4.92,0.01,15,7380,买盘
288,10:07:30,4.92,0.0,20,9840,买盘
289,10:07:39,4.92,0.0,100,49200,买盘
290,10:08:00,4.91,-0.01,36,17676,卖盘
291,10:08:09,4.91,0.0,134,65794,卖盘
292,10:08:12,4.91,0.0,1,491,卖盘
293,10:08:21,4.91,0.0,60,29460,卖盘
294,10:08:31,4.92,0.01,8,3936,买盘
295,10:08:39,4.92,0.0,15,7371,买盘
296,10:08:42,4.91,-0.01,140,68740,卖盘
297,10:08:46,4.92,0.01,50,24600,买盘
298,10:08:48,4.91,-0.01,18,8838,卖盘
299,10:08:57,4.92,0.01,5,2460,买盘
300,10:09:09,4.92,0.0,19,9348,买盘
301,10:09:12,4.91,-0.01,1,491,卖盘
302,10:09:18,4.92,0.01,4,1968,买盘
303,10:09:27,4.91,-0.01,30,14730,卖盘
304,10:09:36,4.91,0.0,1,491,卖盘
305,10:09:39,4.92,0.01,10,4920,买盘
306,10:09:45,4.92,0.0,40,19680,买盘
307,10:09:54,4.91,-0.01,10,4910,卖盘
308,10:10:12,4.91,0.0,74,36334,卖盘
309,10:10:15,4.91,0.0,1,491,卖盘
310,10:11:00,4.91,0.0,50,24550,卖盘
311,10:11:06,4.91,0.0,1,491,卖盘
312,10:11:12,4.91,0.0,217,106434,卖盘
313,10:11:15,4.9,-0.01,1,490,卖盘
314,10:11:18,4.91,0.01,23,11293,买盘
315,10:11:39,4.91,0.0,61,29951,买盘
316,10:11:45,4.9,-0.01,214,105105,卖盘
317,10:11:49,4.91,0.01,20,9820,买盘
318,10:12:09,4.9,-0.01,20,9800,卖盘
319,10:12:12,4.91,0.01,31,15221,买盘
320,10:12:15,4.91,0.0,61,29951,买盘
321,10:12:18,4.91,0.0,136,66655,买盘
322,10:12:21,4.91,0.0,39,19149,买盘
323,10:12:24,4.91,0.0,52,25532,买盘
324,10:12:36,4.91,0.0,24,11784,买盘
325,10:12:51,4.91,0.0,132,64812,买盘
326,10:12:54,4.91,0.0,15,7365,买盘
327,10:12:57,4.91,0.0,9,4419,买盘
328,10:13:01,4.91,0.0,36,17676,买盘
329,10:13:04,4.91,0.0,63,30933,买盘
330,10:13:06,4.91,0.0,149,73159,买盘
331,10:13:10,4.91,0.0,167,81997,买盘
332,10:13:13,4.91,0.0,66,32406,买盘
333,10:13:15,4.91,0.0,80,39280,买盘
334,10:13:18,4.92,0.01,73,36055,买盘
335,10:13:22,4.92,0.0,13,6396,买盘
336,10:13:25,4.92,0.0,16,7872,买盘
337,10:13:27,4.92,0.0,8,3936,买盘
338,10:13:30,4.92,0.0,6,2952,买盘
339,10:13:33,4.92,0.0,9,4428,买盘
340,10:13:36,4.92,0.0,6,2952,买盘
341,10:13:40,4.92,0.0,3,1476,买盘
342,10:13:42,4.92,0.0,4,1968,买盘
343,10:13:45,4.92,0.0,15,7380,买盘
344,10:13:48,4.92,0.0,13,6396,买盘
345,10:13:51,4.91,-0.01,30,14759,卖盘
346,10:14:00,4.93,0.02,3,1479,买盘
347,10:14:15,4.92,-0.01,8,3936,卖盘
348,10:14:19,4.92,0.0,1,492,卖盘
349,10:14:54,4.93,0.01,50,24650,买盘
350,10:14:57,4.92,-0.01,3,1476,卖盘
351,10:15:07,4.93,0.01,10,4930,买盘
352,10:15:18,4.92,-0.01,10,4920,卖盘
353,10:15:21,4.92,0.0,1,492,卖盘
354,10:16:01,4.93,0.01,16,7888,买盘
355,10:16:12,4.93,0.0,24,11832,买盘
356,10:16:15,4.93,0.0,35,17255,买盘
357,10:16:21,4.92,-0.01,1,492,卖盘
358,10:16:27,4.93,0.01,260,128180,买盘
359,10:16:30,4.93,0.0,18,8874,买盘
360,10:16:34,4.93,0.0,10,4930,买盘
361,10:16:36,4.93,0.0,78,38454,买盘
362,10:16:42,4.93,0.0,5,2465,买盘
363,10:16:46,4.93,0.0,3,1479,买盘
364,10:17:04,4.93,0.0,1,493,卖盘
365,10:17:15,4.94,0.01,1,494,买盘
366,10:17:27,4.94,0.0,10,4940,买盘
367,10:17:31,4.94,0.0,5,2470,买盘
368,10:17:42,4.93,-0.01,60,29580,卖盘
369,10:18:04,4.93,0.0,1,493,卖盘
370,10:18:06,4.94,0.01,10,4940,买盘
371,10:18:18,4.96,0.02,625,309165,买盘
372,10:18:21,4.96,0.0,10,4960,卖盘
373,10:18:27,4.97,0.01,1,497,买盘
374,10:18:36,4.97,0.0,7,3479,买盘
375,10:18:39,4.97,0.0,10,4970,买盘
376,10:18:54,4.97,0.0,57,28329,买盘
377,10:18:57,4.92,-0.05,39,19218,卖盘
378,10:19:42,4.95,0.03,1,495,卖盘
379,10:19:45,4.92,-0.03,155,76340,卖盘
380,10:20:03,4.95,0.03,1,495,卖盘
381,10:20:27,4.95,0.0,5,2475,卖盘
382,10:21:04,4.95,0.0,1,495,卖盘
383,10:21:33,4.95,0.0,2,990,卖盘
384,10:22:03,4.96,0.01,27,13391,买盘
385,10:22:09,4.96,0.0,4,1984,卖盘
386,10:23:04,4.95,-0.01,1,495,卖盘
387,10:23:15,4.95,0.0,5,2475,卖盘
388,10:23:54,4.96,0.01,20,9920,买盘
389,10:23:57,4.95,-0.01,30,14854,卖盘
390,10:24:04,4.95,0.0,1,495,卖盘
391,10:24:24,4.96,0.01,1,496,卖盘
392,10:24:45,4.96,0.0,3,1488,卖盘
393,10:25:04,4.95,-0.01,1,495,卖盘
394,10:25:12,4.96,0.01,20,9920,买盘
395,10:25:21,4.95,-0.01,20,9900,卖盘
396,10:25:42,4.95,0.0,21,10406,卖盘
397,10:26:04,4.95,0.0,15,7425,卖盘
398,10:26:06,4.95,0.0,1,495,卖盘
399,10:26:18,4.96,0.01,109,53963,买盘
400,10:26:21,4.96,0.0,4,1984,卖盘
401,10:27:04,4.95,-0.01,51,25245,卖盘
402,10:27:30,4.95,0.0,25,12375,卖盘
403,10:27:55,4.95,0.0,2,990,买盘
404,10:28:03,4.95,0.0,6,2970,卖盘
405,10:28:06,4.95,0.0,1,495,卖盘
406,10:28:30,4.96,0.01,1,496,买盘
407,10:29:06,4.95,-0.01,1,495,卖盘
408,10:30:06,4.95,0.0,1,495,卖盘
409,10:30:27,4.96,0.01,10,4960,买盘
410,10:30:36,4.97,0.01,3,1490,买盘
411,10:30:48,4.95,-0.02,30,14850,卖盘
412,10:30:57,4.95,0.0,10,4950,卖盘
413,10:31:09,4.95,0.0,1,495,卖盘
414,10:32:09,4.95,0.0,1,495,卖盘
415,10:33:12,4.95,0.0,1,495,卖盘
416,10:33:25,4.95,0.0,10,4950,卖盘
417,10:33:51,4.96,0.01,3,1488,买盘
418,10:34:15,4.96,0.0,1,496,卖盘
419,10:34:54,4.96,0.0,5,2480,卖盘
420,10:35:18,4.96,0.0,1,496,卖盘
421,10:36:00,4.96,0.0,39,19344,卖盘
422,10:36:12,4.96,0.0,6,2976,买盘
423,10:36:15,4.96,0.0,9,4464,买盘
424,10:36:21,4.96,0.0,1,496,卖盘
425,10:37:04,4.96,0.0,1,496,卖盘
426,10:37:09,4.96,0.0,25,12400,卖盘
427,10:37:16,4.96,0.0,11,5456,卖盘
428,10:37:18,4.96,0.0,94,46624,卖盘
429,10:37:24,4.96,0.0,1,496,买盘
430,10:37:36,4.97,0.01,9,4473,买盘
431,10:38:06,4.96,-0.01,1,496,卖盘
432,10:38:21,4.97,0.01,537,266889,买盘
433,10:38:33,4.98,0.01,10,4980,买盘
434,10:38:54,4.98,0.0,101,50298,买盘
435,10:39:00,4.98,0.0,11,5478,买盘
436,10:39:06,4.97,-0.01,1,497,卖盘
437,10:40:09,4.97,0.0,1,497,卖盘
438,10:40:51,4.97,0.0,31,15407,卖盘
439,10:41:09,4.98,0.01,21,10457,买盘
440,10:41:12,4.98,0.0,3,1494,买盘
441,10:42:12,4.97,-0.01,1,497,卖盘
442,10:42:18,4.98,0.01,20,9960,买盘
443,10:42:33,4.97,-0.01,20,9940,卖盘
444,10:43:15,4.97,0.0,1,497,卖盘
445,10:43:30,4.97,0.0,20,9940,卖盘
446,10:44:00,4.97,0.0,57,28329,卖盘
447,10:44:15,4.97,0.0,1,497,卖盘
448,10:44:21,4.98,0.01,26,12948,买盘
449,10:44:37,4.97,-0.01,5,2485,卖盘
450,10:45:03,4.98,0.01,8,3984,买盘
451,10:45:18,4.98,0.0,5,2489,买盘
452,10:45:30,4.97,-0.01,1,497,卖盘
453,10:45:54,4.97,0.0,40,19880,卖盘
454,10:46:12,4.97,0.0,10,4970,卖盘
455,10:46:21,4.97,0.0,1,497,卖盘
456,10:46:36,4.97,0.0,20,9940,卖盘
457,10:46:39,4.97,0.0,1,497,卖盘
458,10:46:46,4.97,0.0,35,17395,卖盘
459,10:46:48,4.97,0.0,52,25844,卖盘
460,10:47:21,4.96,-0.01,1,496,卖盘
461,10:47:36,4.96,0.0,23,11408,卖盘
462,10:47:45,4.96,0.0,1,496,卖盘
463,10:48:04,4.96,0.0,1,496,卖盘
464,10:48:34,4.96,0.0,1,496,卖盘
465,10:48:36,4.96,0.0,20,9920,卖盘
466,10:48:54,4.96,0.0,1,496,卖盘
467,10:49:06,4.96,0.0,1,496,卖盘
468,10:50:00,4.96,0.0,1,496,卖盘
469,10:50:09,4.96,0.0,1,496,卖盘
470,10:51:09,4.96,0.0,2,992,卖盘
471,10:52:12,4.96,0.0,1,496,卖盘
472,10:52:18,4.96,0.0,1,496,卖盘
473,10:53:12,4.96,0.0,1,496,卖盘
474,10:53:15,4.96,0.0,11,5456,卖盘
475,10:53:24,4.96,0.0,1,496,卖盘
476,10:53:46,4.97,0.01,10,4970,买盘
477,10:54:15,4.97,0.0,47,23358,买盘
478,10:54:18,4.96,-0.01,132,65472,卖盘
479,10:54:21,4.96,0.0,1,496,买盘
480,10:54:27,4.96,0.0,5,2480,买盘
481,10:54:30,4.96,0.0,3,1488,买盘
482,10:54:33,4.95,-0.01,5,2479,卖盘
483,10:54:36,4.96,0.01,4,1984,买盘
484,10:54:39,4.96,0.0,56,27776,买盘
485,10:54:51,4.96,0.0,4,1984,买盘
486,10:54:54,4.96,0.0,11,5457,卖盘
487,10:55:06,4.97,0.01,2,994,买盘
488,10:55:16,4.96,-0.01,1,496,卖盘
489,10:55:36,4.97,0.01,2,994,买盘
490,10:55:39,4.96,-0.01,2,993,卖盘
491,10:56:04,4.97,0.01,10,4970,买盘
492,10:56:06,4.97,0.0,1,497,买盘
493,10:56:15,4.96,-0.01,1,496,卖盘
494,10:56:22,4.97,0.01,17,8449,买盘
495,10:56:24,4.97,0.0,19,9443,买盘
496,10:56:27,4.97,0.0,18,8946,买盘
497,10:56:31,4.97,0.0,18,8946,买盘
498,10:56:34,4.97,0.0,14,6958,买盘
499,10:56:36,4.97,0.0,10,4970,买盘
500,10:56:39,4.97,0.0,8,3976,买盘
501,10:56:42,4.97,0.0,10,4970,买盘
502,10:56:45,4.97,0.0,10,4969,买盘
503,10:56:48,4.97,0.0,5,2485,买盘
504,10:56:51,4.97,0.0,7,3479,买盘
505,10:56:54,4.97,0.0,1,497,买盘
506,10:56:57,4.97,0.0,17,8449,买盘
507,10:57:00,4.97,0.0,3,1491,买盘
508,10:57:04,4.97,0.0,3,1491,买盘
509,10:57:06,4.97,0.0,3,1491,买盘
510,10:57:09,4.97,0.0,3,1491,买盘
511,10:57:12,4.97,0.0,1,497,买盘
512,10:57:15,4.97,0.0,1,497,卖盘
513,10:57:18,4.96,-0.01,1,496,卖盘
514,10:58:15,4.98,0.02,20,9960,买盘
515,10:58:18,4.97,-0.01,1,497,卖盘
516,10:59:01,4.97,0.0,34,16898,卖盘
517,10:59:21,4.97,0.0,1,497,卖盘
518,11:00:15,4.97,0.0,1,497,卖盘
519,11:00:24,4.97,0.0,1,497,卖盘
520,11:00:39,4.98,0.01,10,4980,买盘
521,11:00:48,4.97,-0.01,18,8946,卖盘
522,11:01:04,4.97,0.0,1,497,卖盘
523,11:01:18,4.97,0.0,1,497,卖盘
524,11:01:24,4.97,0.0,19,9443,卖盘
525,11:01:39,4.97,0.0,4,1988,卖盘
526,11:02:06,4.97,0.0,26,12922,卖盘
527,11:02:24,4.97,0.0,1,497,卖盘
528,11:02:51,4.97,0.0,9,4473,卖盘
529,11:03:03,4.97,0.0,1,497,卖盘
530,11:03:13,4.97,0.0,1,497,卖盘
531,11:03:33,4.97,0.0,1,497,卖盘
532,11:03:45,4.97,0.0,1,497,卖盘
533,11:04:03,4.97,0.0,1,497,卖盘
534,11:04:25,4.97,0.0,5,2485,卖盘
535,11:04:45,4.97,0.0,1,497,卖盘
536,11:04:51,4.97,0.0,2,994,卖盘
537,11:05:03,4.97,0.0,1,497,卖盘
538,11:05:10,4.98,0.01,10,4980,买盘
539,11:05:34,4.98,0.0,10,4980,买盘
540,11:05:42,4.98,0.0,40,19920,买盘
541,11:05:49,4.97,-0.01,1,497,卖盘
542,11:06:04,4.97,0.0,1,497,卖盘
543,11:06:34,4.97,0.0,17,8449,卖盘
544,11:06:55,4.97,0.0,1,497,卖盘
545,11:07:06,4.97,0.0,1,497,卖盘
546,11:07:36,4.98,0.01,5,2490,买盘
547,11:07:42,4.97,-0.01,10,4970,卖盘
548,11:08:03,4.97,0.0,1,497,卖盘
549,11:08:07,4.97,0.0,1,497,卖盘
550,11:08:09,4.98,0.01,4,1992,买盘
551,11:08:30,4.98,0.0,200,99600,买盘
552,11:08:48,4.98,0.0,8,3984,买盘
553,11:09:06,4.97,-0.01,1,497,卖盘
554,11:09:15,4.97,0.0,1,497,卖盘
555,11:09:36,4.98,0.01,8,3984,买盘
556,11:09:49,4.98,0.0,6,2988,买盘
557,11:09:51,4.98,0.0,10,4980,买盘
558,11:10:06,4.97,-0.01,1,497,卖盘
559,11:10:18,4.97,0.0,1,497,卖盘
560,11:10:30,4.98,0.01,1,498,买盘
561,11:11:06,4.97,-0.01,1,497,卖盘
562,11:11:30,4.97,0.0,1,497,卖盘
563,11:12:09,4.97,0.0,1,497,卖盘
564,11:12:24,4.97,0.0,8,3976,卖盘
565,11:12:30,4.98,0.01,45,22410,买盘
566,11:12:33,4.97,-0.01,302,150094,卖盘
567,11:12:39,4.96,-0.01,1,496,卖盘
568,11:12:57,4.97,0.01,3,1491,买盘
569,11:13:03,4.96,-0.01,7,3472,卖盘
570,11:13:06,4.96,0.0,1,496,卖盘
571,11:13:42,4.96,0.0,5,2480,卖盘
572,11:13:45,4.96,0.0,1,496,卖盘
573,11:14:09,4.96,0.0,1,496,卖盘
574,11:14:18,4.96,0.0,12,5952,卖盘
575,11:14:48,4.96,0.0,1,496,卖盘
576,11:15:10,4.96,0.0,1,496,卖盘
577,11:15:30,4.96,0.0,100,49600,卖盘
578,11:16:00,4.96,0.0,1,496,卖盘
579,11:16:10,4.96,0.0,1,496,卖盘
580,11:17:06,4.96,0.0,1,496,卖盘
581,11:17:09,4.96,0.0,1,496,卖盘
582,11:18:00,4.96,0.0,32,15872,卖盘
583,11:18:06,4.96,0.0,35,17376,卖盘
584,11:18:09,4.95,-0.01,1,495,卖盘
585,11:18:18,4.95,0.0,1,495,卖盘
586,11:18:21,4.96,0.01,6,2976,买盘
587,11:19:09,4.95,-0.01,1,495,卖盘
588,11:19:13,4.96,0.01,1,496,买盘
589,11:19:18,4.95,-0.01,1,495,卖盘
590,11:19:30,4.96,0.01,1,496,买盘
591,11:19:57,4.96,0.0,10,4960,买盘
592,11:20:09,4.95,-0.01,1,495,卖盘
593,11:20:12,4.96,0.01,4,1984,买盘
594,11:20:30,4.95,-0.01,1,495,卖盘
595,11:20:39,4.95,0.0,193,95535,卖盘
596,11:21:09,4.95,0.0,1,495,卖盘
597,11:21:21,4.95,0.0,31,15345,卖盘
598,11:21:39,4.95,0.0,1,495,卖盘
599,11:22:12,4.95,0.0,1,495,卖盘
600,11:22:48,4.95,0.0,1,495,卖盘
601,11:23:12,4.95,0.0,1,495,卖盘
602,11:23:45,4.95,0.0,1,495,卖盘
603,11:24:12,4.95,0.0,1,495,卖盘
604,11:24:54,4.95,0.0,1,495,卖盘
605,11:25:12,4.95,0.0,40,19800,卖盘
606,11:25:16,4.95,0.0,1,495,卖盘
607,11:26:03,4.95,0.0,1,495,卖盘
608,11:26:19,4.95,0.0,1,495,卖盘
609,11:26:30,4.96,0.01,80,39680,买盘
610,11:26:51,4.95,-0.01,2,990,卖盘
611,11:27:19,4.95,0.0,1,495,卖盘
612,11:27:22,4.95,0.0,1,495,卖盘
613,11:28:21,4.95,0.0,1,495,卖盘
614,11:28:33,4.95,0.0,1,495,卖盘
615,11:28:48,4.95,0.0,4,1980,卖盘
616,11:29:04,4.95,0.0,1,495,卖盘
617,11:29:09,4.95,0.0,1,495,卖盘
618,11:29:15,4.95,0.0,20,9900,卖盘
619,13:00:04,4.96,0.01,134,66473,买盘
620,13:00:06,4.96,0.0,1,496,卖盘
621,13:01:06,4.96,0.0,1,496,卖盘
622,13:01:15,4.97,0.01,10,4970,买盘
623,13:02:06,4.96,-0.01,1,496,卖盘
624,13:03:06,4.96,0.0,1,496,卖盘
625,13:03:28,4.96,0.0,37,18352,卖盘
626,13:03:51,4.97,0.01,50,24850,买盘
627,13:04:06,4.96,-0.01,1,496,卖盘
628,13:05:06,4.96,0.0,1,496,卖盘
629,13:05:48,4.96,0.0,5,2480,卖盘
630,13:06:06,4.96,0.0,18,8928,卖盘
631,13:06:39,4.96,0.0,33,16368,卖盘
632,13:07:06,4.96,0.0,1,496,卖盘
633,13:07:48,4.96,0.0,5,2480,卖盘
634,13:08:09,4.96,0.0,101,50096,卖盘
635,13:08:36,4.96,0.0,3,1488,卖盘
636,13:09:09,4.96,0.0,1,496,卖盘
637,13:09:21,4.96,0.0,1,496,卖盘
638,13:09:27,4.96,0.0,34,16864,卖盘
639,13:10:09,4.96,0.0,1,496,卖盘
640,13:10:27,4.96,0.0,19,9424,卖盘
641,13:10:39,4.96,0.0,5,2480,卖盘
642,13:11:07,4.97,0.01,5,2485,买盘
643,13:11:51,4.97,0.0,26,12922,买盘
644,13:12:06,4.97,0.0,20,9940,买盘
645,13:12:09,4.96,-0.01,1,496,卖盘
646,13:12:57,4.97,0.01,50,24850,买盘
647,13:13:09,4.96,-0.01,1,496,卖盘
648,13:13:33,4.97,0.01,44,21868,买盘
649,13:13:48,4.97,0.0,56,27832,卖盘
650,13:14:09,4.97,0.0,31,15406,买盘
651,13:14:21,4.97,0.0,50,24850,买盘
652,13:14:57,4.97,0.0,7,3479,买盘
653,13:15:09,4.96,-0.01,1,496,卖盘
654,13:15:48,4.96,0.0,2,992,卖盘
655,13:16:13,4.96,0.0,1,496,卖盘
656,13:16:15,4.97,0.01,60,29820,买盘
657,13:16:39,4.97,0.0,31,15407,买盘
658,13:17:04,4.96,-0.01,5,2480,卖盘
659,13:17:12,4.96,0.0,1,496,卖盘
660,13:17:15,4.96,0.0,1,496,卖盘
661,13:17:33,4.96,0.0,1,496,卖盘
662,13:17:36,4.96,0.0,422,209312,卖盘
663,13:18:15,4.95,-0.01,1,495,卖盘
664,13:18:42,4.95,0.0,24,11880,卖盘
665,13:19:09,4.96,0.01,174,86304,买盘
666,13:19:12,4.95,-0.01,47,23267,卖盘
667,13:19:15,4.95,0.0,1,495,卖盘
668,13:19:30,4.96,0.01,2,992,买盘
669,13:19:39,4.97,0.01,207,102879,买盘
670,13:20:18,4.96,-0.01,1,496,卖盘
671,13:20:39,4.97,0.01,172,85484,买盘
672,13:20:45,4.97,0.0,10,4970,买盘
673,13:20:58,4.96,-0.01,300,148800,卖盘
674,13:21:18,4.96,0.0,1,496,卖盘
675,13:22:19,4.96,0.0,1,496,卖盘
676,13:22:57,4.96,0.0,2,992,卖盘
677,13:23:21,4.96,0.0,1,496,卖盘
678,13:23:30,4.97,0.01,208,103128,买盘
679,13:23:48,4.97,0.0,10,4970,卖盘
680,13:24:21,4.97,0.0,1,497,卖盘
681,13:24:30,4.97,0.0,5,2485,卖盘
682,13:25:21,4.97,0.0,1,497,卖盘
683,13:25:55,4.97,0.0,26,12922,卖盘
684,13:26:12,4.97,0.0,10,4970,卖盘
685,13:26:21,4.97,0.0,1,497,卖盘
686,13:27:18,4.97,0.0,1,497,卖盘
687,13:27:22,4.98,0.01,20,9959,买盘
688,13:27:39,4.98,0.0,2,996,买盘
689,13:28:21,4.97,-0.01,690,343178,卖盘
690,13:29:00,4.96,-0.01,2,993,卖盘
691,13:29:13,4.96,0.0,1,496,卖盘
692,13:29:24,4.96,0.0,1,496,卖盘
693,13:30:09,4.96,0.0,235,116560,卖盘
694,13:30:21,4.96,0.0,1,496,卖盘
695,13:31:09,4.97,0.01,30,14910,买盘
696,13:31:21,4.96,-0.01,1,496,卖盘
697,13:31:48,4.97,0.01,91,45227,买盘
698,13:32:21,4.96,-0.01,1,496,卖盘
699,13:32:58,4.97,0.01,90,44730,买盘
700,13:33:15,4.96,-0.01,52,25792,卖盘
701,13:33:21,4.96,0.0,1,496,卖盘
702,13:33:45,4.96,0.0,91,45136,卖盘
703,13:34:21,4.96,0.0,1,496,卖盘
704,13:34:51,4.97,0.01,20,9940,买盘
705,13:35:03,4.96,-0.01,73,36208,卖盘
706,13:35:21,4.96,0.0,1,496,卖盘
707,13:36:21,4.96,0.0,1,496,卖盘
708,13:36:42,4.97,0.01,10,4970,买盘
709,13:37:15,4.97,0.0,102,50694,买盘
710,13:37:24,4.96,-0.01,1,496,卖盘
711,13:38:06,4.97,0.01,2,994,买盘
712,13:38:21,4.96,-0.01,1,496,卖盘
713,13:38:51,4.97,0.01,10,4970,买盘
714,13:39:04,4.96,-0.01,1,496,卖盘
715,13:39:21,4.96,0.0,100,49600,卖盘
716,13:39:24,4.97,0.01,302,150094,买盘
717,13:39:27,4.97,0.0,6,2982,买盘
718,13:39:30,4.97,0.0,4,1988,买盘
719,13:39:36,4.97,0.0,26,12922,买盘
720,13:39:39,4.97,0.0,4,1988,买盘
721,13:39:42,4.97,0.0,4,1988,买盘
722,13:40:04,4.96,-0.01,1,496,卖盘
723,13:41:04,4.96,0.0,1,496,卖盘
724,13:41:16,4.96,0.0,20,9920,卖盘
725,13:41:36,4.97,0.01,10,4970,买盘
726,13:41:51,4.96,-0.01,19,9424,卖盘
727,13:42:04,4.96,0.0,1,496,卖盘
728,13:42:39,4.96,0.0,60,29760,卖盘
729,13:42:42,4.96,0.0,200,99200,卖盘
730,13:43:04,4.96,0.0,11,5456,卖盘
731,13:43:51,4.96,0.0,1,496,卖盘
732,13:44:04,4.96,0.0,1,496,卖盘
733,13:44:24,4.97,0.01,1,497,买盘
734,13:44:30,4.96,-0.01,16,7936,卖盘
735,13:44:36,4.97,0.01,132,65604,买盘
736,13:45:04,4.96,-0.01,1,496,卖盘
737,13:46:04,4.96,0.0,1,496,卖盘
738,13:46:33,4.96,0.0,50,24800,卖盘
739,13:47:03,4.96,0.0,1,496,卖盘
740,13:48:04,4.96,0.0,1,496,卖盘
741,13:48:33,4.96,0.0,1,496,卖盘
742,13:48:51,4.97,0.01,100,49700,买盘
743,13:49:04,4.96,-0.01,1,496,卖盘
744,13:49:18,4.97,0.01,9,4473,买盘
745,13:50:04,4.96,-0.01,1,496,卖盘
746,13:50:06,4.97,0.01,3,1491,买盘
747,13:50:42,4.97,0.0,11,5467,买盘
748,13:50:54,4.97,0.0,22,10934,买盘
749,13:51:04,4.96,-0.01,1,496,卖盘
750,13:52:04,4.96,0.0,1,496,卖盘
751,13:53:03,4.96,0.0,1,496,卖盘
752,13:53:06,4.96,0.0,100,49600,卖盘
753,13:53:39,4.96,0.0,100,49600,卖盘
754,13:53:45,4.96,0.0,2,992,卖盘
755,13:54:00,4.96,0.0,74,36456,卖盘
756,13:54:04,4.96,0.0,1,496,卖盘
757,13:54:06,4.96,0.0,10,4960,卖盘
758,13:54:21,4.96,0.0,100,49600,卖盘
759,13:54:24,4.96,0.0,4,1984,卖盘
760,13:54:36,4.96,0.0,23,11408,卖盘
761,13:54:39,4.96,0.0,47,23560,卖盘
762,13:55:04,4.95,-0.01,4,1983,卖盘
763,13:55:27,4.95,0.0,5,2475,卖盘
764,13:55:58,4.95,0.0,27,13365,卖盘
765,13:56:04,4.95,0.0,1,495,卖盘
766,13:56:21,4.95,0.0,5,2475,卖盘
767,13:56:27,4.95,0.0,5,2475,卖盘
768,13:56:33,4.95,0.0,99,49005,卖盘
769,13:56:42,4.95,0.0,1,495,卖盘
770,13:57:04,4.95,0.0,1,495,卖盘
771,13:57:09,4.96,0.01,50,24800,买盘
772,13:57:24,4.95,-0.01,3,1485,卖盘
773,13:58:03,4.95,0.0,1,495,卖盘
774,13:58:21,4.96,0.01,51,25296,买盘
775,13:59:04,4.95,-0.01,41,20335,卖盘
776,13:59:06,4.96,0.01,9,4464,买盘
777,13:59:54,4.96,0.0,10,4960,买盘
778,14:00:04,4.95,-0.01,1,495,卖盘
779,14:00:06,4.95,0.0,3,1485,卖盘
780,14:01:06,4.96,0.01,2,991,买盘
781,14:01:12,4.96,0.0,18,8928,买盘
782,14:01:51,4.96,0.0,4,1984,买盘
783,14:02:04,4.96,0.0,10,4960,买盘
784,14:02:09,4.95,-0.01,1,495,卖盘
785,14:03:06,4.95,0.0,169,83655,卖盘
786,14:03:12,4.95,0.0,1,495,卖盘
787,14:04:10,4.95,0.0,101,49995,卖盘
788,14:05:09,4.95,0.0,59,29205,卖盘
789,14:05:15,4.95,0.0,1,495,卖盘
790,14:06:15,4.95,0.0,6,2970,卖盘
791,14:06:18,4.95,0.0,7,3465,卖盘
792,14:06:36,4.96,0.01,8,3968,买盘
793,14:07:18,4.95,-0.01,1,495,卖盘
794,14:07:40,4.95,0.0,4,1980,卖盘
795,14:08:18,4.95,0.0,1,495,卖盘
796,14:09:21,4.95,0.0,1,495,卖盘
797,14:09:24,4.95,0.0,2,990,卖盘
798,14:10:04,4.95,0.0,64,31680,卖盘
799,14:11:04,4.95,0.0,1,495,卖盘
800,14:11:15,4.95,0.0,62,30690,卖盘
801,14:11:45,4.95,0.0,11,5445,卖盘
802,14:12:04,4.95,0.0,1,495,卖盘
803,14:12:12,4.96,0.01,30,14880,买盘
804,14:13:03,4.95,-0.01,689,341055,卖盘
805,14:13:24,4.95,0.0,20,9900,买盘
806,14:13:27,4.95,0.0,16,7920,买盘
807,14:13:30,4.94,-0.01,2,988,卖盘
808,14:13:45,4.94,0.0,1,494,卖盘
809,14:13:48,4.95,0.01,50,24750,买盘
810,14:14:06,4.94,-0.01,1,494,卖盘
811,14:14:18,4.95,0.01,20,9900,买盘
812,14:14:33,4.94,-0.01,1,494,卖盘
813,14:15:12,4.95,0.01,1,495,买盘
814,14:16:12,4.95,0.0,3,1484,买盘
815,14:16:21,4.94,-0.01,12,5928,卖盘
816,14:17:07,4.94,0.0,144,71279,卖盘
817,14:17:09,4.94,0.0,50,24700,卖盘
818,14:17:12,4.94,0.0,20,9880,卖盘
819,14:17:33,4.95,0.01,69,34155,买盘
820,14:18:00,4.95,0.0,16,7920,买盘
821,14:18:33,4.95,0.0,7,3465,买盘
822,14:18:36,4.94,-0.01,1,494,卖盘
823,14:19:00,4.95,0.01,2,990,买盘
824,14:19:04,4.95,0.0,4,1980,买盘
825,14:19:18,4.94,-0.01,1,494,卖盘
826,14:19:30,4.95,0.01,1,495,买盘
827,14:20:04,4.96,0.01,9,4464,买盘
828,14:20:45,4.94,-0.02,2,988,卖盘
829,14:20:51,4.94,0.0,1,494,卖盘
830,14:20:54,4.96,0.02,10,4960,买盘
831,14:21:06,4.96,0.0,10,4960,买盘
832,14:21:42,4.95,-0.01,2,990,买盘
833,14:22:06,4.94,-0.01,1,494,卖盘
834,14:22:36,4.94,0.0,13,6422,卖盘
835,14:22:54,4.95,0.01,2,990,买盘
836,14:23:00,4.94,-0.01,55,27170,卖盘
837,14:23:03,4.94,0.0,300,148200,卖盘
838,14:23:30,4.95,0.01,97,47952,买盘
839,14:23:33,4.94,-0.01,112,55417,卖盘
840,14:23:39,4.94,0.0,1,494,卖盘
841,14:23:57,4.95,0.01,5,2475,买盘
842,14:24:00,4.94,-0.01,10,4940,卖盘
843,14:24:18,4.94,0.0,1,494,卖盘
844,14:24:27,4.94,0.0,290,143260,卖盘
845,14:24:39,4.94,0.0,10,4940,卖盘
846,14:24:51,4.94,0.0,8,3952,卖盘
847,14:25:18,4.94,0.0,1,494,卖盘
848,14:25:33,4.94,0.0,28,13832,卖盘
849,14:25:57,4.94,0.0,33,16302,卖盘
850,14:26:18,4.94,0.0,20,9880,卖盘
851,14:26:42,4.94,0.0,18,8892,卖盘
852,14:27:33,4.94,0.0,10,4940,卖盘
853,14:27:42,4.94,0.0,2,988,卖盘
854,14:28:03,4.94,0.0,1,494,卖盘
855,14:28:27,4.94,0.0,86,42484,卖盘
856,14:29:06,4.94,0.0,114,56316,买盘
857,14:29:09,4.94,0.0,1,494,卖盘
858,14:29:15,4.94,0.0,20,9880,卖盘
859,14:29:25,4.93,-0.01,40,19740,卖盘
860,14:30:06,4.93,0.0,1,493,卖盘
861,14:30:21,4.93,0.0,48,23664,卖盘
862,14:30:39,4.94,0.01,100,49400,买盘
863,14:31:18,4.94,0.0,23,11341,买盘
864,14:32:09,4.93,-0.01,2,986,卖盘
865,14:33:00,4.93,0.0,3,1479,卖盘
866,14:33:18,4.94,0.01,21,10373,买盘
867,14:34:24,4.93,-0.01,1,493,卖盘
868,14:34:48,4.93,0.0,30,14790,卖盘
869,14:35:06,4.93,0.0,1,493,卖盘
870,14:35:27,4.93,0.0,20,9860,卖盘
871,14:35:39,4.93,0.0,10,4930,卖盘
872,14:35:51,4.93,0.0,30,14790,卖盘
873,14:35:57,4.93,0.0,932,459476,卖盘
874,14:36:24,4.92,-0.01,5,2460,卖盘
875,14:36:34,4.92,0.0,1,492,卖盘
876,14:36:42,4.92,0.0,279,137269,卖盘
877,14:37:06,4.92,0.0,32,15744,卖盘
878,14:37:13,4.92,0.0,1,492,卖盘
879,14:37:18,4.92,0.0,19,9348,卖盘
880,14:37:36,4.92,0.0,76,37392,卖盘
881,14:38:06,4.92,0.0,20,9840,卖盘
882,14:38:12,4.92,0.0,1,492,卖盘
883,14:38:15,4.93,0.01,105,51765,买盘
884,14:38:19,4.92,-0.01,10,4920,卖盘
885,14:38:22,4.92,0.0,100,49200,卖盘
886,14:38:33,4.92,0.0,7,3444,卖盘
887,14:38:39,4.92,0.0,24,11808,卖盘
888,14:38:54,4.92,0.0,11,5412,卖盘
889,14:39:13,4.92,0.0,1,492,卖盘
890,14:39:24,4.92,0.0,2,984,卖盘
891,14:39:39,4.92,0.0,500,246000,卖盘
892,14:39:43,4.92,0.0,20,9840,卖盘
893,14:40:00,4.92,0.0,200,98400,卖盘
894,14:40:03,4.93,0.01,1,493,买盘
895,14:40:13,4.92,-0.01,1,492,卖盘
896,14:40:30,4.92,0.0,1,492,卖盘
897,14:40:36,4.92,0.0,114,56088,卖盘
898,14:40:45,4.92,0.0,45,22140,卖盘
899,14:40:48,4.92,0.0,22,10824,卖盘
900,14:41:12,4.92,0.0,1,492,卖盘
901,14:41:30,4.92,0.0,9,4428,卖盘
902,14:42:13,4.92,0.0,1,492,卖盘
903,14:42:21,4.92,0.0,21,10332,卖盘
904,14:42:30,4.93,0.01,1,493,买盘
905,14:42:55,4.93,0.0,1,493,买盘
906,14:43:12,4.92,-0.01,36,17747,卖盘
907,14:43:15,4.93,0.01,14,6902,买盘
908,14:43:39,4.93,0.0,2,986,买盘
909,14:44:27,4.92,-0.01,28,13801,卖盘
910,14:44:34,4.93,0.01,4,1972,买盘
911,14:44:36,4.92,-0.01,10,4920,卖盘
912,14:45:09,4.93,0.01,559,275587,买盘
913,14:45:18,4.93,0.0,7,3451,买盘
914,14:45:21,4.93,0.0,10,4930,买盘
915,14:45:30,4.92,-0.01,8,3936,卖盘
916,14:45:33,4.93,0.01,49,24157,买盘
917,14:45:45,4.93,0.0,7,3449,买盘
918,14:45:48,4.93,0.0,209,103014,买盘
919,14:45:52,4.93,0.0,24,11832,买盘
920,14:45:55,4.93,0.0,28,13804,买盘
921,14:45:57,4.93,0.0,16,7888,买盘
922,14:46:00,4.93,0.0,17,8381,买盘
923,14:46:03,4.93,0.0,30,14790,买盘
924,14:46:10,4.92,-0.01,52,25601,卖盘
925,14:46:12,4.93,0.01,32,15776,买盘
926,14:46:18,4.93,0.0,2,986,买盘
927,14:46:24,4.92,-0.01,3,1476,卖盘
928,14:46:33,4.92,0.0,16,7872,卖盘
929,14:46:45,4.93,0.01,50,24650,买盘
930,14:46:54,4.93,0.0,2,986,买盘
931,14:47:00,4.93,0.0,10,4930,买盘
932,14:47:04,4.93,0.0,50,24650,买盘
933,14:47:09,4.92,-0.01,32,15775,卖盘
934,14:47:27,4.92,0.0,3,1476,卖盘
935,14:47:30,4.93,0.01,2,986,买盘
936,14:47:34,4.93,0.0,18,8874,买盘
937,14:47:42,4.93,0.0,4,1972,买盘
938,14:47:48,4.92,-0.01,20,9840,卖盘
939,14:47:54,4.93,0.01,20,9860,买盘
940,14:48:10,4.93,0.0,10,4930,买盘
941,14:48:12,4.92,-0.01,1,492,卖盘
942,14:48:24,4.92,0.0,185,91020,卖盘
943,14:48:27,4.93,0.01,50,24650,买盘
944,14:48:34,4.93,0.0,13,6409,买盘
945,14:48:40,4.92,-0.01,377,185491,卖盘
946,14:48:45,4.93,0.01,3,1479,买盘
947,14:48:51,4.93,0.0,19,9367,买盘
948,14:49:33,4.93,0.0,37,18241,卖盘
949,14:49:36,4.93,0.0,10,4930,卖盘
950,14:50:04,4.94,0.01,50,24700,买盘
951,14:50:06,4.93,-0.01,53,26129,卖盘
952,14:50:15,4.93,0.0,2,986,卖盘
953,14:50:27,4.93,0.0,7,3451,卖盘
954,14:50:54,4.94,0.01,20,9880,买盘
955,14:51:06,4.93,-0.01,30,14790,卖盘
956,14:52:10,4.94,0.01,25,12350,卖盘
957,14:52:21,4.95,0.01,3,1485,买盘
958,14:53:12,4.95,0.0,30,14850,买盘
959,14:53:15,4.94,-0.01,155,76659,卖盘
960,14:53:24,4.94,0.0,222,109668,卖盘
961,14:53:30,4.93,-0.01,200,98600,卖盘
962,14:53:45,4.93,0.0,19,9367,卖盘
963,14:53:48,4.93,0.0,3,1479,卖盘
964,14:53:51,4.94,0.01,103,50882,买盘
965,14:54:00,4.93,-0.01,16,7888,卖盘
966,14:54:06,4.93,0.0,10,4930,卖盘
967,14:54:15,4.93,0.0,10,4930,卖盘
968,14:54:18,4.93,0.0,20,9860,卖盘
969,14:55:00,4.93,0.0,200,98600,卖盘
970,14:55:09,4.93,0.0,32,15776,卖盘
971,14:55:15,4.93,0.0,15,7395,买盘
972,14:56:04,4.93,0.0,100,49350,卖盘
973,14:56:12,4.94,0.01,6,2964,买盘
974,14:56:18,4.93,-0.01,32,15776,卖盘
975,14:56:21,4.93,0.0,26,12818,卖盘
976,14:56:31,4.94,0.01,5,2470,买盘
977,15:00:04,4.94,0.0,913,451022,卖盘
