,time,price,change,volume,amount,type
0,09:25:04,8.69,0.1,288,250272,卖盘
1,09:30:07,8.69,0.0,268,232454,买盘
2,09:30:15,8.65,-0.04,2,1730,卖盘
3,09:30:18,8.67,0.02,39,33802,买盘
4,09:30:25,8.67,0.0,2,1734,买盘
5,09:30:28,8.67,0.0,6,5202,卖盘
6,09:30:34,8.59,-0.08,220,189978,卖盘
7,09:30:37,8.67,0.08,10,8675,中性盘
8,09:30:40,8.67,0.0,8,6936,卖盘
9,09:30:43,8.67,0.0,5,4330,买盘
10,09:30:46,8.67,0.0,10,8670,买盘
11,09:30:49,8.65,-0.02,1,865,卖盘
12,09:30:52,8.67,0.02,5,4333,买盘
13,09:31:01,8.68,0.01,75,65036,买盘
14,09:31:04,8.66,-0.02,34,29444,买盘
15,09:31:07,8.66,0.0,6,5196,买盘
16,09:31:13,8.66,0.0,3,2597,买盘
17,09:31:25,8.66,0.0,5,4330,卖盘
18,09:31:28,8.66,0.0,104,90065,卖盘
19,09:31:31,8.67,0.01,10,8669,买盘
20,09:31:34,8.66,-0.01,10,8660,卖盘
21,09:31:37,8.66,0.0,2,1732,买盘
22,09:31:49,8.66,0.0,10,8656,买盘
23,09:31:52,8.65,-0.01,10,8650,中性盘
24,09:32:04,8.65,0.0,73,63145,买盘
25,09:32:07,8.65,0.0,2,1730,买盘
26,09:32:16,8.65,0.0,3,2595,买盘
27,09:32:19,8.65,0.0,1,865,买盘
28,09:32:22,8.63,-0.02,130,112250,卖盘
29,09:32:34,8.65,0.02,1,865,买盘
30,09:32:43,8.65,0.0,2,1730,买盘
31,09:32:46,8.65,0.0,9,7785,买盘
32,09:32:48,8.64,-0.01,25,21604,卖盘
33,09:32:52,8.64,0.0,27,23330,卖盘
34,09:32:58,8.64,0.0,24,20736,买盘
35,09:33:01,8.65,0.01,1,865,卖盘
36,09:33:06,8.65,0.0,9,7785,卖盘
37,09:33:13,8.65,0.0,1,865,买盘
38,09:33:15,8.65,0.0,37,32005,买盘
39,09:33:37,8.66,0.01,33,28558,买盘
40,09:33:40,8.65,-0.01,3,2595,买盘
41,09:33:43,8.66,0.01,2,1732,卖盘
42,09:33:46,8.66,0.0,10,8660,卖盘
43,09:33:49,8.67,0.01,1,867,买盘
44,09:33:52,8.66,-0.01,18,15588,卖盘
45,09:33:54,8.66,0.0,1,866,买盘
46,09:34:04,8.66,0.0,5,4330,买盘
47,09:34:06,8.66,0.0,1,866,买盘
48,09:34:13,8.66,0.0,1,866,买盘
49,09:34:19,8.66,0.0,29,25114,买盘
50,09:34:28,8.67,0.01,108,93636,买盘
51,09:34:34,8.69,0.02,6,5214,买盘
52,09:34:40,8.66,-0.03,115,99590,卖盘
53,09:34:43,8.66,0.0,2,1732,买盘
54,09:34:45,8.66,0.0,86,74476,买盘
55,09:34:49,8.66,0.0,51,44166,买盘
56,09:34:52,8.66,0.0,28,24248,买盘
57,09:34:55,8.66,0.0,16,13856,买盘
58,09:34:58,8.66,0.0,19,16454,买盘
59,09:35:01,8.66,0.0,152,131632,买盘
60,09:35:04,8.66,0.0,232,200912,买盘
61,09:35:09,8.69,0.03,18,15618,买盘
62,09:35:15,8.67,-0.02,10,8670,卖盘
63,09:35:27,8.69,0.02,2,1738,买盘
64,09:35:31,8.69,0.0,1,869,买盘
65,09:35:40,8.69,0.0,1,869,买盘
66,09:35:42,8.69,0.0,173,150337,买盘
67,09:35:45,8.69,0.0,13,11291,买盘
68,09:35:48,8.69,0.0,12,10428,卖盘
69,09:35:52,8.69,0.0,14,12166,卖盘
70,09:35:55,8.71,0.02,2,1742,买盘
71,09:36:01,8.7,-0.01,1,870,买盘
72,09:36:04,8.7,0.0,22,19122,买盘
73,09:36:06,8.7,0.0,6,5220,买盘
74,09:36:10,8.7,0.0,12,10440,买盘
75,09:36:12,8.7,0.0,11,9569,买盘
76,09:36:18,8.69,-0.01,39,33898,卖盘
77,09:36:25,8.69,0.0,60,52150,卖盘
78,09:36:27,8.69,0.0,4,3476,卖盘
79,09:36:31,8.69,0.0,2,1738,买盘
80,09:36:34,8.62,-0.07,319,275516,卖盘
81,09:36:37,8.69,0.07,15,13035,买盘
82,09:36:45,8.69,0.0,3,2607,买盘
83,09:36:49,8.63,-0.06,76,65776,卖盘
84,09:37:04,8.68,0.05,2,1736,买盘
85,09:37:06,8.68,0.0,22,19115,卖盘
86,09:37:16,8.69,0.01,12,10428,中性盘
87,09:37:19,8.69,0.0,23,19987,中性盘
88,09:37:25,8.68,-0.01,57,49476,卖盘
89,09:37:27,8.68,0.0,6,5208,买盘
90,09:37:37,8.68,0.0,29,25172,买盘
91,09:37:48,8.68,0.0,20,17359,买盘
92,09:38:00,8.67,-0.01,2,1734,卖盘
93,09:38:04,8.68,0.01,34,29490,买盘
94,09:38:09,8.67,-0.01,8,6930,买盘
95,09:38:12,8.67,0.0,7,6069,买盘
96,09:38:16,8.67,0.0,1,867,买盘
97,09:38:19,8.67,0.0,5,4335,买盘
98,09:38:36,8.67,0.0,12,10404,买盘
99,09:38:49,8.68,0.01,35,30380,买盘
100,09:38:52,8.67,-0.01,19,16489,卖盘
101,09:39:04,8.68,0.01,30,26040,买盘
102,09:39:07,8.68,0.0,199,172732,买盘
103,09:39:13,8.68,0.0,52,45136,买盘
104,09:39:19,8.69,0.01,36,31284,买盘
105,09:39:25,8.7,0.01,1,870,买盘
106,09:39:27,8.7,0.0,10,8700,买盘
107,09:39:31,8.69,-0.01,8,6952,卖盘
108,09:39:34,8.7,0.01,4,3480,买盘
109,09:39:43,8.71,0.01,16,13936,买盘
110,09:39:46,8.71,0.0,7,6092,买盘
111,09:39:48,8.71,0.0,41,35698,买盘
112,09:40:04,8.71,0.0,17,14805,买盘
113,09:40:10,8.71,0.0,13,11323,卖盘
114,09:40:12,8.71,0.0,40,34840,卖盘
115,09:40:19,8.7,-0.01,5,4350,卖盘
116,09:40:22,8.7,0.0,18,15660,卖盘
117,09:40:24,8.7,0.0,24,20880,卖盘
118,09:40:28,8.7,0.0,6,5220,卖盘
119,09:40:31,8.7,0.0,2,1740,卖盘
120,09:40:34,8.69,-0.01,2,1738,买盘
121,09:40:37,8.68,-0.01,12,10416,卖盘
122,09:40:40,8.68,0.0,4,3472,中性盘
123,09:40:49,8.69,0.01,4,3476,买盘
124,09:41:07,8.7,0.01,6,5220,买盘
125,09:41:13,8.71,0.01,51,44414,买盘
126,09:41:22,8.7,-0.01,1,870,买盘
127,09:41:25,8.7,0.0,1,870,买盘
128,09:41:30,8.7,0.0,56,48720,买盘
129,09:41:34,8.7,0.0,35,30450,买盘
130,09:41:36,8.7,0.0,9,7830,买盘
131,09:41:40,8.7,0.0,11,9570,卖盘
132,09:41:42,8.7,0.0,2,1740,中性盘
133,09:41:46,8.7,0.0,30,26100,买盘
134,09:41:49,8.71,0.01,20,17412,买盘
135,09:41:52,8.71,0.0,10,8710,买盘
136,09:41:55,8.71,0.0,29,25249,买盘
137,09:41:57,8.71,0.0,10,8709,买盘
138,09:42:09,8.7,-0.01,3,2610,卖盘
139,09:42:12,8.7,0.0,6,5220,卖盘
140,09:42:16,8.7,0.0,30,26100,卖盘
141,09:42:21,8.71,0.01,4,3484,买盘
142,09:42:25,8.71,0.0,114,99294,买盘
143,09:42:27,8.71,0.0,30,26130,卖盘
144,09:42:30,8.72,0.01,10,8720,买盘
145,09:42:34,8.71,-0.01,4,3485,卖盘
146,09:42:37,8.71,0.0,5,4355,卖盘
147,09:42:40,8.71,0.0,7,6098,卖盘
148,09:42:43,8.71,0.0,13,11323,卖盘
149,09:42:46,8.72,0.01,1,872,买盘
150,09:42:48,8.72,0.0,21,18311,买盘
151,09:42:52,8.72,0.0,50,43570,买盘
152,09:42:55,8.71,-0.01,1,871,卖盘
153,09:42:58,8.71,0.0,1,871,卖盘
154,09:43:06,8.72,0.01,34,29647,买盘
155,09:43:10,8.72,0.0,20,17440,买盘
156,09:43:16,8.72,0.0,1,872,买盘
157,09:43:25,8.72,0.0,10,8720,买盘
158,09:43:27,8.72,0.0,1,872,买盘
159,09:43:31,8.72,0.0,32,27904,买盘
160,09:43:34,8.71,-0.01,4,3484,卖盘
161,09:43:40,8.71,0.0,17,14807,卖盘
162,09:43:49,8.72,0.01,20,17440,买盘
163,09:43:54,8.72,0.0,1,872,买盘
164,09:43:58,8.71,-0.01,68,59228,卖盘
165,09:44:01,8.71,0.0,1,871,买盘
166,09:44:16,8.7,-0.01,258,224460,卖盘
167,09:44:30,8.7,0.0,1,870,买盘
168,09:44:39,8.69,-0.01,1,869,卖盘
169,09:44:42,8.7,0.01,1,870,买盘
170,09:44:48,8.7,0.0,20,17400,买盘
171,09:45:04,8.69,-0.01,2,1738,卖盘
172,09:45:07,8.69,0.0,25,21725,卖盘
173,09:45:10,8.7,0.01,3,2608,买盘
174,09:45:12,8.69,-0.01,11,9559,卖盘
175,09:45:15,8.69,0.0,2,1738,卖盘
176,09:45:22,8.69,0.0,48,41725,卖盘
177,09:45:25,8.7,0.01,30,26080,买盘
178,09:45:31,8.7,0.0,6,5220,买盘
179,09:45:33,8.69,-0.01,22,19118,卖盘
180,09:45:46,8.69,0.0,10,8690,买盘
181,09:45:48,8.69,0.0,17,14773,买盘
182,09:46:09,8.67,-0.02,12,10404,卖盘
183,09:46:19,8.67,0.0,1,867,买盘
184,09:46:25,8.67,0.0,13,11271,买盘
185,09:46:40,8.67,0.0,5,4335,买盘
186,09:46:42,8.67,0.0,2,1734,买盘
187,09:46:45,8.66,-0.01,14,12124,卖盘
188,09:46:49,8.66,0.0,15,12990,卖盘
189,09:46:57,8.66,0.0,32,27713,卖盘
190,09:47:06,8.66,0.0,10,8656,买盘
191,09:47:12,8.65,-0.01,26,22490,卖盘
192,09:47:19,8.62,-0.03,152,131097,卖盘
193,09:47:22,8.64,0.02,1,864,中性盘
194,09:47:33,8.65,0.01,51,44025,买盘
195,09:47:43,8.61,-0.04,60,51718,卖盘
196,09:47:46,8.65,0.04,2,1730,买盘
197,09:47:49,8.65,0.0,50,43250,卖盘
198,09:47:52,8.65,0.0,2,1730,卖盘
199,09:47:55,8.62,-0.03,83,71799,卖盘
200,09:48:16,8.61,-0.01,92,79280,卖盘
201,09:48:24,8.6,-0.01,50,43033,卖盘
202,09:48:28,8.61,0.01,12,10333,中性盘
203,09:48:31,8.61,0.0,5,4305,买盘
204,09:48:34,8.61,0.0,15,12915,买盘
205,09:48:40,8.61,0.0,2,1722,卖盘
206,09:48:43,8.6,-0.01,150,129091,卖盘
207,09:48:48,8.64,0.04,3,2586,买盘
208,09:48:54,8.59,-0.05,163,140307,卖盘
209,09:49:10,8.59,0.0,50,42960,卖盘
210,09:49:13,8.59,0.0,50,42950,买盘
211,09:49:22,8.58,-0.01,90,77307,卖盘
212,09:49:25,8.6,0.02,76,65360,买盘
213,09:49:37,8.6,0.0,40,34436,卖盘
214,09:49:52,8.6,0.0,55,47331,卖盘
215,09:49:55,8.61,0.01,1,861,中性盘
216,09:50:04,8.63,0.02,1,863,买盘
217,09:50:10,8.6,-0.03,23,19783,卖盘
218,09:50:12,8.63,0.03,8,6904,买盘
219,09:50:36,8.61,-0.02,1,861,卖盘
220,09:50:39,8.63,0.02,14,12082,买盘
221,09:50:51,8.62,-0.01,3,2586,买盘
222,09:50:54,8.62,0.0,3,2586,买盘
223,09:51:12,8.61,-0.01,6,5166,卖盘
224,09:51:16,8.62,0.01,24,20687,买盘
225,09:51:28,8.62,0.0,13,11206,买盘
226,09:51:31,8.62,0.0,4,3448,卖盘
227,09:51:40,8.63,0.01,9,7767,买盘
228,09:51:55,8.63,0.0,1,863,买盘
229,09:51:58,8.63,0.0,4,3452,买盘
230,09:52:04,8.63,0.0,5,4315,买盘
231,09:52:24,8.64,0.01,1,864,买盘
232,09:52:27,8.64,0.0,150,129600,买盘
233,09:52:31,8.63,-0.01,9,7767,卖盘
234,09:52:33,8.63,0.0,1,863,买盘
235,09:52:36,8.63,0.0,8,6904,买盘
236,09:52:57,8.63,0.0,27,23306,卖盘
237,09:53:07,8.64,0.01,5,4320,买盘
238,09:53:09,8.64,0.0,3,2592,买盘
239,09:53:12,8.63,-0.01,21,18143,卖盘
240,09:53:16,8.64,0.01,19,16416,买盘
241,09:53:27,8.64,0.0,21,18144,买盘
242,09:53:52,8.64,0.0,4,3456,买盘
243,09:53:54,8.63,-0.01,1,863,卖盘
244,09:54:01,8.64,0.01,102,88128,买盘
245,09:54:07,8.65,0.01,2,1730,买盘
246,09:54:19,8.65,0.0,1,865,买盘
247,09:54:22,8.65,0.0,1,865,买盘
248,09:54:28,8.65,0.0,6,5190,买盘
249,09:54:31,8.65,0.0,1,865,买盘
250,09:54:34,8.64,-0.01,1,864,卖盘
251,09:54:37,8.65,0.01,2,1729,买盘
252,09:54:43,8.64,-0.01,21,18149,卖盘
253,09:55:06,8.64,0.0,8,6912,卖盘
254,09:55:18,8.64,0.0,1,864,卖盘
255,09:55:22,8.64,0.0,10,8640,卖盘
256,09:55:25,8.64,0.0,1,864,卖盘
257,09:55:28,8.64,0.0,1,864,买盘
258,09:55:31,8.63,-0.01,8,6904,卖盘
259,09:55:39,8.67,0.04,14,12102,买盘
260,09:55:58,8.63,-0.04,1,863,卖盘
261,09:56:04,8.65,0.02,10,8650,中性盘
262,09:56:19,8.65,0.0,15,12975,买盘
263,09:56:22,8.65,0.0,14,12110,买盘
264,09:56:25,8.65,0.0,37,32005,买盘
265,09:56:43,8.67,0.02,22,19074,买盘
266,09:56:51,8.65,-0.02,5,4326,卖盘
267,09:57:04,8.65,0.0,30,25979,卖盘
268,09:57:19,8.65,0.0,1,865,卖盘
269,09:57:34,8.67,0.02,1,867,买盘
270,09:57:37,8.65,-0.02,1,865,卖盘
271,09:57:40,8.67,0.02,1,867,买盘
272,09:58:01,8.67,0.0,13,11271,买盘
273,09:58:16,8.66,-0.01,37,32078,卖盘
274,09:58:27,8.67,0.01,1,867,买盘
275,09:58:34,8.66,-0.01,80,69280,卖盘
276,09:58:45,8.66,0.0,38,32908,买盘
277,09:58:55,8.67,0.01,1,867,买盘
278,09:58:58,8.66,-0.01,1,866,卖盘
279,09:59:04,8.67,0.01,4,3468,买盘
280,09:59:13,8.67,0.0,10,8670,买盘
281,09:59:34,8.67,0.0,1,867,买盘
282,09:59:37,8.67,0.0,4,3468,卖盘
283,09:59:46,8.67,0.0,36,31212,卖盘
284,09:59:49,8.68,0.01,34,29512,买盘
285,10:00:04,8.69,0.01,1,869,买盘
286,10:00:10,8.69,0.0,2,1738,买盘
287,10:00:15,8.69,0.0,18,15642,买盘
288,10:00:43,8.69,0.0,7,6084,卖盘
289,10:01:06,8.7,0.01,1,870,买盘
290,10:01:34,8.7,0.0,1,870,买盘
291,10:01:48,8.7,0.0,1,870,买盘
292,10:02:01,8.69,-0.01,33,28677,卖盘
293,10:02:09,8.68,-0.01,41,35589,卖盘
294,10:02:12,8.68,0.0,85,73780,卖盘
295,10:02:19,8.68,0.0,53,46004,卖盘
296,10:02:22,8.68,0.0,18,15625,卖盘
297,10:02:25,8.68,0.0,14,12152,卖盘
298,10:02:30,8.68,0.0,10,8680,买盘
299,10:02:37,8.68,0.0,1,868,买盘
300,10:02:46,8.67,-0.01,10,8670,卖盘
301,10:02:52,8.67,0.0,1,867,买盘
302,10:02:58,8.67,0.0,1,867,买盘
303,10:03:00,8.67,0.0,2,1734,买盘
304,10:03:04,8.67,0.0,62,53754,买盘
305,10:03:28,8.68,0.01,12,10416,买盘
306,10:03:31,8.69,0.01,12,10428,买盘
307,10:03:37,8.68,-0.01,12,10416,卖盘
308,10:03:40,8.69,0.01,1,869,买盘
309,10:03:49,8.69,0.0,1,869,买盘
310,10:04:39,8.69,0.0,1,869,买盘
311,10:04:42,8.69,0.0,15,13025,买盘
312,10:04:46,8.69,0.0,4,3476,买盘
313,10:04:48,8.68,-0.01,9,7812,卖盘
314,10:05:00,8.68,0.0,55,47740,卖盘
315,10:05:04,8.69,0.01,68,59025,买盘
316,10:05:12,8.67,-0.02,62,53754,卖盘
317,10:05:16,8.67,0.0,1,867,买盘
318,10:05:19,8.66,-0.01,77,66682,卖盘
319,10:05:21,8.66,0.0,60,51960,卖盘
320,10:05:39,8.66,0.0,1,866,买盘
321,10:06:00,8.66,0.0,1,866,买盘
322,10:06:10,8.67,0.01,1,867,买盘
323,10:06:12,8.67,0.0,6,5202,买盘
324,10:06:24,8.68,0.01,11,9548,买盘
325,10:06:31,8.68,0.0,11,9548,买盘
326,10:06:33,8.68,0.0,27,23436,买盘
327,10:06:40,8.69,0.01,14,12166,买盘
328,10:06:55,8.69,0.0,1,869,买盘
329,10:07:00,8.69,0.0,1,869,买盘
330,10:07:04,8.69,0.0,115,99935,买盘
331,10:07:10,8.69,0.0,59,51271,卖盘
332,10:07:13,8.69,0.0,1,869,买盘
333,10:07:39,8.69,0.0,1,869,卖盘
334,10:07:54,8.69,0.0,2,1738,买盘
335,10:08:07,8.7,0.01,1,870,买盘
336,10:08:16,8.7,0.0,1,870,买盘
337,10:08:30,8.7,0.0,14,12180,买盘
338,10:08:33,8.7,0.0,4,3480,买盘
339,10:08:37,8.7,0.0,20,17400,买盘
340,10:08:46,8.7,0.0,9,7830,买盘
341,10:09:04,8.69,-0.01,32,27808,卖盘
342,10:09:13,8.69,0.0,271,235501,卖盘
343,10:09:18,8.69,0.0,1,869,买盘
344,10:09:22,8.69,0.0,6,5214,买盘
345,10:09:25,8.69,0.0,3,2607,买盘
346,10:09:28,8.68,-0.01,50,43400,卖盘
347,10:09:34,8.69,0.01,1,869,买盘
348,10:09:43,8.69,0.0,1,869,买盘
349,10:09:52,8.69,0.0,1,869,买盘
350,10:09:54,8.69,0.0,58,50402,买盘
351,10:10:04,8.7,0.01,1,870,买盘
352,10:10:13,8.7,0.0,1,870,买盘
353,10:10:16,8.7,0.0,1,870,买盘
354,10:10:21,8.7,0.0,72,62640,买盘
355,10:10:25,8.7,0.0,1,870,买盘
356,10:10:31,8.7,0.0,1,870,买盘
357,10:10:33,8.71,0.01,20,17401,买盘
358,10:10:40,8.7,-0.01,30,26100,卖盘
359,10:10:43,8.7,0.0,1,870,买盘
360,10:10:46,8.7,0.0,4,3480,买盘
361,10:10:49,8.7,0.0,1,870,买盘
362,10:10:51,8.7,0.0,1,870,买盘
363,10:10:55,8.7,0.0,1,870,买盘
364,10:11:04,8.71,0.01,1,871,买盘
365,10:11:13,8.71,0.0,1,871,买盘
366,10:11:24,8.71,0.0,1,871,买盘
367,10:11:31,8.71,0.0,1,871,买盘
368,10:11:34,8.71,0.0,8,6968,买盘
369,10:11:40,8.7,-0.01,10,8700,卖盘
370,10:11:43,8.71,0.01,1,871,买盘
371,10:11:48,8.71,0.0,1,871,买盘
372,10:11:55,8.71,0.0,1,871,买盘
373,10:12:04,8.71,0.0,1,871,买盘
374,10:12:13,8.71,0.0,1,871,买盘
375,10:12:16,8.71,0.0,1,871,买盘
376,10:12:21,8.7,-0.01,27,23490,卖盘
377,10:12:24,8.7,0.0,1,870,买盘
378,10:12:27,8.71,0.01,43,37436,买盘
379,10:12:30,8.71,0.0,10,8710,卖盘
380,10:12:33,8.72,0.01,1,872,买盘
381,10:12:36,8.71,-0.01,1,871,卖盘
382,10:12:42,8.71,0.0,1,871,买盘
383,10:12:46,8.71,0.0,1,871,买盘
384,10:12:55,8.71,0.0,1,871,买盘
385,10:13:04,8.71,0.0,1,871,买盘
386,10:13:16,8.71,0.0,1,871,买盘
387,10:13:21,8.71,0.0,39,33969,买盘
388,10:13:24,8.72,0.01,11,9577,买盘
389,10:13:27,8.72,0.0,1,872,买盘
390,10:13:34,8.72,0.0,15,13080,买盘
391,10:13:40,8.71,-0.01,61,53191,卖盘
392,10:13:46,8.71,0.0,15,13065,买盘
393,10:13:49,8.71,0.0,1,871,买盘
394,10:13:55,8.7,-0.01,5,4351,卖盘
395,10:13:58,8.7,0.0,43,37410,卖盘
396,10:14:04,8.69,-0.01,3,2607,卖盘
397,10:14:07,8.7,0.01,10,8696,买盘
398,10:14:09,8.68,-0.02,4,3472,卖盘
399,10:14:16,8.69,0.01,1,869,买盘
400,10:14:19,8.68,-0.01,5,4340,卖盘
401,10:14:25,8.69,0.01,1,869,买盘
402,10:14:28,8.69,0.0,2,1738,买盘
403,10:14:30,8.68,-0.01,85,73780,卖盘
404,10:14:33,8.69,0.01,1,869,买盘
405,10:14:49,8.67,-0.02,1,867,卖盘
406,10:14:52,8.68,0.01,1,868,买盘
407,10:15:01,8.68,0.0,1,868,买盘
408,10:15:21,8.68,0.0,1,868,买盘
409,10:15:31,8.67,-0.01,10,8670,卖盘
410,10:15:34,8.68,0.01,1,868,买盘
411,10:15:52,8.67,-0.01,80,69360,卖盘
412,10:16:06,8.68,0.01,1,868,买盘
413,10:16:21,8.68,0.0,1,868,买盘
414,10:16:49,8.68,0.0,1,868,买盘
415,10:16:57,8.68,0.0,11,9548,买盘
416,10:17:16,8.68,0.0,1,868,买盘
417,10:17:25,8.68,0.0,1,868,买盘
418,10:17:43,8.67,-0.01,13,11271,卖盘
419,10:18:25,8.67,0.0,1,867,买盘
420,10:18:31,8.67,0.0,1,867,买盘
421,10:19:01,8.67,0.0,1,867,买盘
422,10:19:25,8.67,0.0,1,867,买盘
423,10:19:55,8.67,0.0,1,867,买盘
424,10:20:10,8.67,0.0,1,867,买盘
425,10:20:13,8.67,0.0,12,10404,买盘
426,10:20:22,8.66,-0.01,70,60620,卖盘
427,10:20:42,8.66,0.0,1,866,买盘
428,10:20:58,8.66,0.0,1,866,买盘
429,10:21:01,8.66,0.0,1,866,买盘
430,10:21:22,8.66,0.0,1,866,买盘
431,10:21:25,8.66,0.0,12,10392,买盘
432,10:21:52,8.66,0.0,1,866,买盘
433,10:22:01,8.66,0.0,1,866,买盘
434,10:22:10,8.66,0.0,3,2598,买盘
435,10:22:45,8.66,0.0,11,9526,买盘
436,10:23:07,8.65,-0.01,7,6055,卖盘
437,10:23:33,8.65,0.0,5,4325,卖盘
438,10:23:42,8.65,0.0,32,27680,卖盘
439,10:24:40,8.65,0.0,10,8650,卖盘
440,10:24:42,8.65,0.0,27,23355,卖盘
441,10:24:57,8.65,0.0,15,12975,卖盘
442,10:25:04,8.64,-0.01,122,105491,卖盘
443,10:25:30,8.65,0.01,4,3457,买盘
444,10:25:42,8.64,-0.01,3,2592,卖盘
445,10:26:43,8.65,0.01,18,15570,买盘
446,10:27:04,8.65,0.0,18,15570,买盘
447,10:27:12,8.65,0.0,12,10380,买盘
448,10:27:24,8.65,0.0,18,15570,买盘
449,10:27:30,8.65,0.0,1,865,买盘
450,10:27:43,8.65,0.0,16,13840,买盘
451,10:28:04,8.65,0.0,3,2595,买盘
452,10:28:21,8.65,0.0,10,8650,买盘
453,10:29:10,8.64,-0.01,50,43200,卖盘
454,10:29:13,8.64,0.0,54,46656,卖盘
455,10:29:16,8.64,0.0,14,12096,买盘
456,10:29:31,8.64,0.0,5,4320,买盘
457,10:29:46,8.63,-0.01,10,8630,卖盘
458,10:29:49,8.63,0.0,20,17260,卖盘
459,10:29:52,8.63,0.0,50,43150,卖盘
460,10:29:58,8.63,0.0,5,4315,卖盘
461,10:30:01,8.64,0.01,1,864,买盘
462,10:30:04,8.63,-0.01,10,8630,卖盘
463,10:30:31,8.63,0.0,1,863,买盘
464,10:30:37,8.63,0.0,30,25890,买盘
465,10:31:07,8.63,0.0,13,11219,中性盘
466,10:31:21,8.63,0.0,50,43150,卖盘
467,10:31:40,8.64,0.01,100,86400,买盘
468,10:31:43,8.63,-0.01,23,19849,卖盘
469,10:32:04,8.62,-0.01,10,8620,卖盘
470,10:32:19,8.62,0.0,1,862,卖盘
471,10:32:27,8.62,0.0,103,88786,卖盘
472,10:32:30,8.63,0.01,1,863,买盘
473,10:32:34,8.62,-0.01,46,39652,卖盘
474,10:32:37,8.62,0.0,10,8620,卖盘
475,10:32:51,8.62,0.0,5,4310,卖盘
476,10:33:01,8.62,0.0,1,862,买盘
477,10:33:25,8.61,-0.01,5,4305,卖盘
478,10:33:31,8.62,0.01,1,862,买盘
479,10:33:55,8.62,0.0,4,3448,买盘
480,10:34:06,8.62,0.0,5,4310,买盘
481,10:34:21,8.62,0.0,5,4310,买盘
482,10:34:25,8.62,0.0,4,3448,买盘
483,10:34:33,8.62,0.0,5,4310,买盘
484,10:34:37,8.61,-0.01,103,88683,卖盘
485,10:34:45,8.62,0.01,13,11201,买盘
486,10:35:01,8.62,0.0,1,862,买盘
487,10:35:04,8.6,-0.02,100,86016,卖盘
488,10:35:19,8.6,0.0,22,18920,卖盘
489,10:35:28,8.6,0.0,55,47300,卖盘
490,10:35:36,8.6,0.0,24,20640,卖盘
491,10:35:51,8.59,-0.01,10,8590,卖盘
492,10:36:04,8.6,0.01,18,15480,买盘
493,10:36:15,8.6,0.0,6,5160,卖盘
494,10:36:19,8.6,0.0,9,7740,买盘
495,10:36:58,8.62,0.02,20,17240,买盘
496,10:37:01,8.6,-0.02,58,49880,卖盘
497,10:37:04,8.62,0.02,1,862,买盘
498,10:37:19,8.62,0.0,14,12068,买盘
499,10:37:34,8.62,0.0,1,862,买盘
500,10:37:40,8.63,0.01,24,20708,买盘
501,10:37:42,8.63,0.0,10,8630,买盘
502,10:38:43,8.63,0.0,11,9493,买盘
503,10:39:00,8.63,0.0,10,8630,买盘
504,10:39:04,8.63,0.0,6,5178,买盘
505,10:39:15,8.62,-0.01,24,20705,卖盘
506,10:39:18,8.62,0.0,1,862,卖盘
507,10:39:57,8.62,0.0,12,10344,买盘
508,10:41:49,8.61,-0.01,5,4305,卖盘
509,10:41:55,8.61,0.0,13,11193,卖盘
510,10:42:19,8.6,-0.01,22,18920,卖盘
511,10:42:34,8.61,0.01,56,48216,买盘
512,10:42:37,8.61,0.0,4,3444,买盘
513,10:42:49,8.61,0.0,21,18081,买盘
514,10:42:52,8.61,0.0,8,6888,买盘
515,10:42:55,8.61,0.0,5,4305,买盘
516,10:43:07,8.62,0.01,6,5172,买盘
517,10:45:51,8.61,-0.01,28,24108,卖盘
518,10:46:04,8.61,0.0,1,861,卖盘
519,10:46:46,8.61,0.0,20,17220,卖盘
520,10:47:07,8.61,0.0,2,1723,卖盘
521,10:47:10,8.62,0.01,7,6034,买盘
522,10:47:13,8.62,0.0,2,1724,买盘
523,10:47:25,8.61,-0.01,20,17220,卖盘
524,10:47:37,8.61,0.0,8,6888,卖盘
525,10:48:01,8.61,0.0,3,2583,买盘
526,10:48:28,8.61,0.0,20,17220,买盘
527,10:48:54,8.61,0.0,52,44772,买盘
528,10:49:34,8.62,0.01,15,12929,买盘
529,10:49:40,8.61,-0.01,10,8610,卖盘
530,10:49:48,8.61,0.0,40,34440,买盘
531,10:50:01,8.62,0.01,11,9482,买盘
532,10:50:07,8.61,-0.01,3,2583,卖盘
533,10:50:43,8.61,0.0,1,861,卖盘
534,10:50:49,8.62,0.01,11,9482,买盘
535,10:50:52,8.62,0.0,34,29308,买盘
536,10:51:37,8.62,0.0,40,34480,卖盘
537,10:51:40,8.63,0.01,1,863,买盘
538,10:51:43,8.63,0.0,5,4315,买盘
539,10:51:46,8.63,0.0,4,3452,买盘
540,10:51:54,8.63,0.0,10,8630,买盘
541,10:52:19,8.62,-0.01,5,4310,卖盘
542,10:52:55,8.62,0.0,41,35342,卖盘
543,10:54:19,8.62,0.0,14,12068,买盘
544,10:54:46,8.64,0.02,10,8630,买盘
545,10:54:49,8.64,0.0,14,12096,买盘
546,10:55:04,8.64,0.0,16,13824,买盘
547,10:55:49,8.64,0.0,12,10368,买盘
548,10:56:16,8.64,0.0,2,1728,买盘
549,10:56:18,8.64,0.0,7,6048,买盘
550,10:57:22,8.65,0.01,1,865,买盘
551,10:57:43,8.64,-0.01,10,8640,卖盘
552,10:58:07,8.63,-0.01,2,1726,卖盘
553,10:58:09,8.62,-0.01,4,3448,卖盘
554,10:58:22,8.62,0.0,68,58631,卖盘
555,10:58:52,8.62,0.0,1,862,买盘
556,10:59:22,8.62,0.0,1,862,买盘
557,10:59:52,8.62,0.0,1,862,买盘
558,11:00:01,8.58,-0.04,600,515620,卖盘
559,11:00:25,8.6,0.02,19,16340,买盘
560,11:00:27,8.6,0.0,1,860,买盘
561,11:00:43,8.6,0.0,16,13760,买盘
562,11:00:46,8.6,0.0,5,4300,卖盘
563,11:00:51,8.6,0.0,11,9465,卖盘
564,11:00:55,8.6,0.0,5,4300,买盘
565,11:01:28,8.58,-0.02,45,38611,卖盘
566,11:01:54,8.6,0.02,18,15480,买盘
567,11:02:13,8.59,-0.01,21,18039,买盘
568,11:03:40,8.6,0.01,36,30960,买盘
569,11:03:46,8.6,0.0,60,51600,买盘
570,11:03:55,8.59,-0.01,11,9449,卖盘
571,11:04:01,8.59,0.0,80,68720,买盘
572,11:04:04,8.59,0.0,15,12885,买盘
573,11:04:10,8.59,0.0,1,859,买盘
574,11:04:12,8.59,0.0,10,8590,买盘
575,11:04:16,8.59,0.0,166,142594,买盘
576,11:04:52,8.6,0.01,64,55040,买盘
577,11:04:58,8.6,0.0,1,860,买盘
578,11:05:04,8.6,0.0,10,8600,买盘
579,11:05:07,8.59,-0.01,50,42950,卖盘
580,11:05:15,8.6,0.01,11,9460,买盘
581,11:07:39,8.61,0.01,1,861,卖盘
582,11:07:57,8.62,0.01,1,862,卖盘
583,11:09:55,8.65,0.03,42,36310,买盘
584,11:10:28,8.65,0.0,11,9515,买盘
585,11:10:36,8.65,0.0,9,7785,买盘
586,11:11:39,8.65,0.0,12,10380,买盘
587,11:12:07,8.65,0.0,10,8650,买盘
588,11:12:27,8.65,0.0,26,22490,买盘
589,11:12:49,8.65,0.0,3,2595,卖盘
590,11:13:28,8.65,0.0,21,18165,卖盘
591,11:14:30,8.64,-0.01,10,8640,卖盘
592,11:14:36,8.65,0.01,6,5190,买盘
593,11:14:40,8.65,0.0,4,3460,买盘
594,11:14:46,8.64,-0.01,10,8640,卖盘
595,11:14:52,8.64,0.0,1,864,卖盘
596,11:15:04,8.64,0.0,12,10368,卖盘
597,11:16:37,8.65,0.01,20,17300,买盘
598,11:16:49,8.64,-0.01,34,29376,卖盘
599,11:17:42,8.64,0.0,20,17280,买盘
600,11:17:58,8.64,0.0,3,2592,买盘
601,11:18:51,8.65,0.01,3,2595,买盘
602,11:19:09,8.65,0.0,2,1730,买盘
603,11:19:13,8.65,0.0,8,6920,买盘
604,11:20:06,8.65,0.0,4,3460,买盘
605,11:20:12,8.65,0.0,6,5190,买盘
606,11:20:19,8.65,0.0,1,865,买盘
607,11:20:22,8.65,0.0,74,64010,买盘
608,11:20:34,8.66,0.01,14,12124,买盘
609,11:20:40,8.66,0.0,4,3464,买盘
610,11:20:57,8.66,0.0,3,2598,买盘
611,11:21:36,8.66,0.0,5,4330,买盘
612,11:22:19,8.65,-0.01,52,44980,卖盘
613,11:23:45,8.65,0.0,3,2595,买盘
614,11:23:48,8.65,0.0,7,6055,买盘
615,11:24:28,8.67,0.02,231,200208,买盘
616,11:24:34,8.65,-0.02,3,2595,卖盘
617,11:25:58,8.67,0.02,31,26877,买盘
618,11:26:30,8.67,0.0,37,32079,卖盘
619,11:27:16,8.66,-0.01,20,17320,卖盘
620,11:27:46,8.65,-0.01,35,30275,卖盘
621,11:28:22,8.66,0.01,9,7794,买盘
622,11:28:24,8.66,0.0,1,866,买盘
623,11:29:30,8.66,0.0,14,12124,买盘
624,13:00:07,8.65,-0.01,23,19895,卖盘
625,13:00:09,8.67,0.02,7,6068,买盘
626,13:00:13,8.66,-0.01,5,4330,卖盘
627,13:01:51,8.67,0.01,10,8670,买盘
628,13:01:54,8.67,0.0,37,32079,买盘
629,13:02:15,8.66,-0.01,2,1732,卖盘
630,13:02:24,8.67,0.01,4,3468,买盘
631,13:02:30,8.67,0.0,12,10404,卖盘
632,13:02:46,8.67,0.0,1,867,卖盘
633,13:03:01,8.67,0.0,169,146523,卖盘
634,13:03:51,8.67,0.0,18,15606,买盘
635,13:03:58,8.66,-0.01,1,866,卖盘
636,13:04:07,8.67,0.01,5,4335,买盘
637,13:04:09,8.66,-0.01,60,51960,卖盘
638,13:04:15,8.65,-0.01,1,865,卖盘
639,13:04:31,8.64,-0.01,1,864,卖盘
640,13:04:45,8.64,0.0,1,864,卖盘
641,13:05:24,8.65,0.01,8,6920,买盘
642,13:05:45,8.64,-0.01,1,864,卖盘
643,13:06:01,8.64,0.0,31,26784,卖盘
644,13:06:05,8.65,0.01,5,4325,买盘
645,13:06:06,8.64,-0.01,6,5184,卖盘
646,13:06:46,8.64,0.0,1,864,卖盘
647,13:06:51,8.64,0.0,10,8640,卖盘
648,13:07:22,8.65,0.01,12,10380,买盘
649,13:07:30,8.65,0.0,4,3460,卖盘
650,13:07:33,8.65,0.0,38,32870,卖盘
651,13:07:49,8.64,-0.01,11,9504,卖盘
652,13:07:58,8.64,0.0,4,3456,卖盘
653,13:08:46,8.65,0.01,1,865,买盘
654,13:08:55,8.65,0.0,16,13840,买盘
655,13:09:16,8.64,-0.01,1,864,卖盘
656,13:09:22,8.65,0.01,2,1730,买盘
657,13:09:27,8.65,0.0,4,3460,卖盘
658,13:10:00,8.64,-0.01,50,43200,卖盘
659,13:10:07,8.64,0.0,6,5184,卖盘
660,13:10:13,8.64,0.0,1,864,买盘
661,13:10:19,8.64,0.0,1,864,买盘
662,13:10:22,8.64,0.0,1,864,买盘
663,13:10:25,8.64,0.0,1,864,买盘
664,13:10:27,8.64,0.0,1,864,买盘
665,13:10:31,8.64,0.0,1,864,买盘
666,13:11:00,8.64,0.0,11,9504,买盘
667,13:11:37,8.65,0.01,4,3460,买盘
668,13:11:39,8.65,0.0,7,6055,买盘
669,13:11:42,8.65,0.0,11,9515,买盘
670,13:11:45,8.64,-0.01,11,9514,卖盘
671,13:11:48,8.64,0.0,1,864,买盘
672,13:12:01,8.64,0.0,3,2592,买盘
673,13:12:21,8.64,0.0,13,11232,卖盘
674,13:12:24,8.64,0.0,7,6048,卖盘
675,13:12:28,8.64,0.0,10,8640,卖盘
676,13:12:30,8.64,0.0,9,7776,卖盘
677,13:12:33,8.64,0.0,9,7776,卖盘
678,13:12:40,8.63,-0.01,38,32794,卖盘
679,13:12:43,8.63,0.0,12,10358,卖盘
680,13:12:46,8.63,0.0,6,5178,卖盘
681,13:12:51,8.63,0.0,1,863,卖盘
682,13:13:04,8.62,-0.01,119,102624,卖盘
683,13:13:24,8.63,0.01,6,5178,卖盘
684,13:13:28,8.63,0.0,40,34520,卖盘
685,13:13:33,8.63,0.0,1,863,卖盘
686,13:14:00,8.63,0.0,6,5178,卖盘
687,13:14:16,8.63,0.0,1,863,卖盘
688,13:14:52,8.64,0.01,9,7776,买盘
689,13:15:55,8.65,0.01,24,20760,买盘
690,13:16:09,8.65,0.0,23,19895,买盘
691,13:16:40,8.67,0.02,125,108327,买盘
692,13:17:36,8.67,0.0,22,19074,买盘
693,13:17:52,8.67,0.0,20,17329,买盘
694,13:18:18,8.67,0.0,20,17340,买盘
695,13:18:34,8.66,-0.01,4,3464,买盘
696,13:18:51,8.66,0.0,10,8660,买盘
697,13:19:12,8.67,0.01,9,7803,买盘
698,13:19:33,8.67,0.0,21,18207,买盘
699,13:19:39,8.67,0.0,6,5202,买盘
700,13:20:00,8.67,0.0,1,867,买盘
701,13:20:15,8.67,0.0,30,26010,买盘
702,13:20:24,8.68,0.01,125,108473,买盘
703,13:20:28,8.68,0.0,4,3472,买盘
704,13:20:39,8.69,0.01,10,8690,买盘
705,13:20:46,8.69,0.0,20,17380,买盘
706,13:20:58,8.69,0.0,4,3476,买盘
707,13:21:07,8.69,0.0,28,24332,买盘
708,13:21:19,8.7,0.01,13,11306,买盘
709,13:21:22,8.69,-0.01,35,30445,卖盘
710,13:21:28,8.69,0.0,10,8690,卖盘
711,13:21:34,8.7,0.01,2,1740,买盘
712,13:21:43,8.69,-0.01,2,1738,卖盘
713,13:21:52,8.7,0.01,97,84390,买盘
714,13:22:15,8.69,-0.01,19,16511,卖盘
715,13:22:22,8.69,0.0,9,7821,买盘
716,13:22:43,8.69,0.0,76,66044,买盘
717,13:22:48,8.69,0.0,1,869,买盘
718,13:22:58,8.69,0.0,52,45188,买盘
719,13:23:07,8.69,0.0,27,23463,买盘
720,13:23:24,8.7,0.01,9,7830,买盘
721,13:23:51,8.7,0.0,20,17400,买盘
722,13:24:01,8.7,0.0,9,7830,买盘
723,13:24:04,8.7,0.0,15,13050,买盘
724,13:24:28,8.7,0.0,1,870,买盘
725,13:24:30,8.7,0.0,9,7830,买盘
726,13:24:39,8.7,0.0,20,17400,买盘
727,13:24:46,8.69,-0.01,2,1738,卖盘
728,13:25:04,8.7,0.01,9,7830,买盘
729,13:25:31,8.7,0.0,9,7830,买盘
730,13:25:34,8.69,-0.01,10,8690,卖盘
731,13:25:51,8.69,0.0,3,2607,卖盘
732,13:26:04,8.69,0.0,2,1738,卖盘
733,13:26:06,8.7,0.01,9,7830,买盘
734,13:26:28,8.7,0.0,5,4350,买盘
735,13:26:31,8.7,0.0,8,6960,买盘
736,13:26:34,8.7,0.0,9,7830,买盘
737,13:26:45,8.7,0.0,15,13050,买盘
738,13:26:48,8.7,0.0,18,15660,买盘
739,13:26:52,8.7,0.0,18,15660,买盘
740,13:27:06,8.7,0.0,12,10440,买盘
741,13:27:13,8.7,0.0,16,13920,买盘
742,13:27:34,8.69,-0.01,4,3476,卖盘
743,13:27:45,8.69,0.0,15,13035,卖盘
744,13:27:48,8.69,0.0,4,3476,卖盘
745,13:28:01,8.7,0.01,10,8700,买盘
746,13:29:25,8.69,-0.01,85,73865,卖盘
747,13:29:51,8.69,0.0,38,33022,买盘
748,13:30:00,8.7,0.01,25,21734,买盘
749,13:30:10,8.69,-0.01,1,869,买盘
750,13:30:49,8.7,0.01,10,8700,买盘
751,13:31:16,8.69,-0.01,23,19987,卖盘
752,13:31:28,8.69,0.0,10,8690,卖盘
753,13:31:54,8.7,0.01,1,870,买盘
754,13:31:58,8.69,-0.01,35,30415,卖盘
755,13:32:10,8.69,0.0,4,3476,卖盘
756,13:32:15,8.7,0.01,6,5220,买盘
757,13:32:58,8.7,0.0,15,13050,买盘
758,13:33:27,8.69,-0.01,2,1738,卖盘
759,13:33:46,8.69,0.0,2,1738,卖盘
760,13:33:55,8.69,0.0,19,16511,卖盘
761,13:34:07,8.69,0.0,7,6083,卖盘
762,13:34:22,8.69,0.0,3,2607,卖盘
763,13:34:34,8.69,0.0,2,1738,卖盘
764,13:34:49,8.69,0.0,1,869,卖盘
765,13:35:09,8.69,0.0,113,98197,卖盘
766,13:35:37,8.68,-0.01,83,72044,卖盘
767,13:35:46,8.66,-0.02,3,2598,卖盘
768,13:35:49,8.66,0.0,16,13856,卖盘
769,13:35:52,8.66,0.0,11,9526,卖盘
770,13:35:58,8.66,0.0,6,5196,卖盘
771,13:36:45,8.67,0.01,3,2601,卖盘
772,13:37:16,8.66,-0.01,1,866,卖盘
773,13:37:31,8.66,0.0,2,1732,卖盘
774,13:37:45,8.66,0.0,3,2598,卖盘
775,13:37:55,8.67,0.01,1,867,卖盘
776,13:38:46,8.67,0.0,1,867,卖盘
777,13:38:54,8.68,0.01,8,6944,买盘
778,13:39:46,8.67,-0.01,1,867,卖盘
779,13:40:16,8.67,0.0,17,14739,卖盘
780,13:40:31,8.66,-0.01,23,19918,卖盘
781,13:40:46,8.66,0.0,1,866,卖盘
782,13:40:52,8.66,0.0,1,866,卖盘
783,13:41:07,8.66,0.0,1,866,卖盘
784,13:41:25,8.66,0.0,3,2598,卖盘
785,13:41:31,8.66,0.0,32,27712,卖盘
786,13:41:33,8.66,0.0,1,866,卖盘
787,13:41:37,8.66,0.0,19,16454,卖盘
788,13:41:40,8.66,0.0,8,6928,卖盘
789,13:41:57,8.65,-0.01,1,865,卖盘
790,13:42:15,8.65,0.0,1,865,卖盘
791,13:42:21,8.66,0.01,45,38970,买盘
792,13:42:46,8.66,0.0,62,53692,卖盘
793,13:43:00,8.65,-0.01,1,865,卖盘
794,13:43:13,8.65,0.0,7,6055,卖盘
795,13:43:16,8.65,0.0,5,4325,卖盘
796,13:43:33,8.65,0.0,1,865,卖盘
797,13:43:43,8.66,0.01,15,12990,买盘
798,13:43:45,8.65,-0.01,29,25090,卖盘
799,13:43:49,8.66,0.01,1,866,买盘
800,13:44:04,8.65,-0.01,13,11245,卖盘
801,13:44:13,8.65,0.0,1,865,卖盘
802,13:44:16,8.65,0.0,1,865,卖盘
803,13:44:30,8.65,0.0,1,865,卖盘
804,13:44:52,8.65,0.0,1,865,卖盘
805,13:44:54,8.66,0.01,9,7794,买盘
806,13:45:15,8.65,-0.01,1,865,卖盘
807,13:45:46,8.65,0.0,26,22490,卖盘
808,13:45:51,8.65,0.0,35,30275,卖盘
809,13:46:00,8.66,0.01,9,7787,买盘
810,13:46:10,8.65,-0.01,2,1730,中性盘
811,13:46:16,8.65,0.0,3,2595,卖盘
812,13:46:46,8.65,0.0,1,865,卖盘
813,13:46:52,8.65,0.0,5,4325,卖盘
814,13:47:01,8.65,0.0,7,6055,买盘
815,13:47:16,8.65,0.0,1,865,卖盘
816,13:47:46,8.65,0.0,1,865,卖盘
817,13:48:04,8.66,0.01,9,7794,买盘
818,13:48:27,8.65,-0.01,2,1730,卖盘
819,13:48:54,8.65,0.0,11,9515,卖盘
820,13:49:04,8.65,0.0,8,6920,买盘
821,13:49:06,8.63,-0.02,5,4317,卖盘
822,13:49:10,8.65,0.02,1,865,买盘
823,13:49:12,8.65,0.0,2,1730,卖盘
824,13:49:25,8.64,-0.01,3,2592,卖盘
825,13:49:42,8.64,0.0,45,38880,卖盘
826,13:49:58,8.64,0.0,18,15552,买盘
827,13:50:13,8.63,-0.01,3,2589,卖盘
828,13:50:16,8.63,0.0,1,863,卖盘
829,13:50:36,8.64,0.01,4,3456,买盘
830,13:50:39,8.65,0.01,1,865,买盘
831,13:51:34,8.66,0.01,37,32042,买盘
832,13:51:46,8.65,-0.01,50,43250,卖盘
833,13:51:49,8.65,0.0,10,8650,买盘
834,13:51:54,8.65,0.0,8,6920,买盘
835,13:52:30,8.66,0.01,2,1732,卖盘
836,13:52:42,8.66,0.0,1,866,卖盘
837,13:52:46,8.66,0.0,2,1732,卖盘
838,13:52:51,8.66,0.0,18,15588,卖盘
839,13:52:54,8.67,0.01,3,2601,买盘
840,13:53:37,8.67,0.0,1,867,买盘
841,13:54:04,8.65,-0.02,26,22490,卖盘
842,13:54:48,8.65,0.0,15,12975,卖盘
843,13:54:54,8.65,0.0,10,8650,中性盘
844,13:55:25,8.66,0.01,46,39836,买盘
845,13:55:45,8.63,-0.03,5,4319,卖盘
846,13:56:01,8.64,0.01,1,864,卖盘
847,13:56:15,8.64,0.0,1,864,卖盘
848,13:56:21,8.64,0.0,3,2592,卖盘
849,13:56:31,8.64,0.0,1,864,卖盘
850,13:56:48,8.64,0.0,1,864,卖盘
851,13:57:01,8.63,-0.01,1,863,卖盘
852,13:57:07,8.63,0.0,2,1726,卖盘
853,13:57:16,8.63,0.0,1,863,卖盘
854,13:58:16,8.64,0.01,1,864,中性盘
855,13:58:31,8.64,0.0,1,864,卖盘
856,13:58:43,8.64,0.0,3,2592,卖盘
857,13:58:48,8.64,0.0,1,864,买盘
858,13:58:52,8.64,0.0,1,864,买盘
859,13:58:54,8.64,0.0,1,864,买盘
860,13:59:10,8.64,0.0,1,864,买盘
861,13:59:15,8.63,-0.01,1,863,卖盘
862,13:59:31,8.63,0.0,1,863,卖盘
863,13:59:46,8.63,0.0,1,863,卖盘
864,13:59:51,8.64,0.01,1,864,买盘
865,14:00:10,8.64,0.0,8,6912,买盘
866,14:00:43,8.64,0.0,21,18144,卖盘
867,14:00:52,8.64,0.0,1,864,买盘
868,14:00:57,8.64,0.0,3,2592,买盘
869,14:01:01,8.64,0.0,1,864,卖盘
870,14:01:07,8.65,0.01,1,865,买盘
871,14:01:45,8.64,-0.01,1,864,卖盘
872,14:02:15,8.64,0.0,1,864,卖盘
873,14:02:19,8.64,0.0,5,4320,卖盘
874,14:02:24,8.65,0.01,13,11245,买盘
875,14:02:42,8.65,0.0,2,1730,卖盘
876,14:03:28,8.65,0.0,6,5190,卖盘
877,14:03:55,8.64,-0.01,4,3456,卖盘
878,14:04:01,8.63,-0.01,1,863,卖盘
879,14:04:06,8.64,0.01,21,18140,买盘
880,14:04:16,8.63,-0.01,70,60422,卖盘
881,14:04:25,8.65,0.02,35,30269,买盘
882,14:04:49,8.64,-0.01,116,100224,卖盘
883,14:05:46,8.63,-0.01,1,863,卖盘
884,14:06:01,8.63,0.0,1,863,卖盘
885,14:06:10,8.63,0.0,48,41424,卖盘
886,14:06:30,8.63,0.0,1,863,卖盘
887,14:06:45,8.63,0.0,1,863,卖盘
888,14:06:49,8.63,0.0,14,12082,卖盘
889,14:06:55,8.64,0.01,2,1728,买盘
890,14:06:57,8.63,-0.01,9,7767,卖盘
891,14:07:03,8.63,0.0,28,24164,卖盘
892,14:07:15,8.62,-0.01,1,862,卖盘
893,14:07:18,8.63,0.01,20,17260,买盘
894,14:07:31,8.62,-0.01,2,1724,卖盘
895,14:07:45,8.62,0.0,2,1724,卖盘
896,14:08:07,8.62,0.0,1,862,卖盘
897,14:08:13,8.62,0.0,100,86200,卖盘
898,14:08:16,8.62,0.0,1,862,卖盘
899,14:08:19,8.62,0.0,62,53444,卖盘
900,14:08:22,8.62,0.0,4,3448,卖盘
901,14:08:36,8.61,-0.01,51,43911,卖盘
902,14:08:40,8.61,0.0,10,8610,卖盘
903,14:08:43,8.61,0.0,2,1722,卖盘
904,14:08:45,8.61,0.0,5,4305,卖盘
905,14:09:06,8.62,0.01,25,21550,买盘
906,14:09:09,8.62,0.0,13,11206,买盘
907,14:09:12,8.62,0.0,5,4310,买盘
908,14:09:16,8.61,-0.01,21,18101,卖盘
909,14:09:19,8.62,0.01,24,20688,买盘
910,14:09:43,8.63,0.01,10,8630,买盘
911,14:09:46,8.63,0.0,4,3452,买盘
912,14:09:55,8.63,0.0,7,6041,买盘
913,14:09:58,8.62,-0.01,10,8620,卖盘
914,14:10:07,8.63,0.01,9,7767,买盘
915,14:10:13,8.63,0.0,5,4315,买盘
916,14:10:16,8.62,-0.01,1,862,卖盘
917,14:10:46,8.62,0.0,1,862,卖盘
918,14:11:22,8.62,0.0,3,2586,卖盘
919,14:11:27,8.63,0.01,4,3452,买盘
920,14:11:37,8.62,-0.01,2,1724,卖盘
921,14:11:43,8.63,0.01,23,19849,买盘
922,14:11:51,8.62,-0.01,1,862,卖盘
923,14:11:58,8.64,0.02,94,81214,买盘
924,14:12:06,8.63,-0.01,1,863,卖盘
925,14:12:10,8.63,0.0,19,16397,卖盘
926,14:12:49,8.63,0.0,6,5178,买盘
927,14:14:01,8.65,0.02,2,1730,买盘
928,14:14:37,8.66,0.01,13,11258,买盘
929,14:14:39,8.66,0.0,6,5196,买盘
930,14:14:48,8.66,0.0,1,866,买盘
931,14:15:48,8.65,-0.01,2,1730,卖盘
932,14:16:07,8.65,0.0,47,40655,卖盘
933,14:16:09,8.65,0.0,11,9515,卖盘
934,14:16:12,8.65,0.0,9,7785,卖盘
935,14:16:18,8.65,0.0,1,865,买盘
936,14:16:37,8.64,-0.01,26,22464,卖盘
937,14:17:04,8.64,0.0,80,69120,卖盘
938,14:18:55,8.63,-0.01,19,16397,卖盘
939,14:19:07,8.63,0.0,4,3452,卖盘
940,14:19:25,8.63,0.0,2,1726,卖盘
941,14:19:28,8.64,0.01,20,17280,买盘
942,14:20:12,8.64,0.0,1,864,卖盘
943,14:21:10,8.64,0.0,14,12096,卖盘
944,14:21:55,8.64,0.0,27,23328,买盘
945,14:22:16,8.64,0.0,16,13824,卖盘
946,14:22:27,8.63,-0.01,1,863,卖盘
947,14:22:31,8.63,0.0,2,1726,卖盘
948,14:22:55,8.63,0.0,101,87163,卖盘
949,14:23:01,8.62,-0.01,34,29308,卖盘
950,14:23:04,8.62,0.0,2,1724,卖盘
951,14:23:06,8.62,0.0,11,9482,卖盘
952,14:23:19,8.62,0.0,62,53444,卖盘
953,14:23:49,8.61,-0.01,8,6888,卖盘
954,14:25:09,8.62,0.01,43,37066,买盘
955,14:25:45,8.63,0.01,30,25890,买盘
956,14:26:24,8.64,0.01,2,1728,卖盘
957,14:27:52,8.64,0.0,3,2592,卖盘
958,14:28:22,8.63,-0.01,11,9493,卖盘
959,14:28:39,8.64,0.01,15,12960,买盘
960,14:29:37,8.64,0.0,7,6048,买盘
961,14:31:16,8.64,0.0,28,24192,卖盘
962,14:31:31,8.64,0.0,43,37152,卖盘
963,14:31:37,8.64,0.0,1,864,卖盘
964,14:31:52,8.64,0.0,7,6048,卖盘
965,14:32:34,8.64,0.0,5,4320,卖盘
966,14:32:46,8.64,0.0,13,11232,卖盘
967,14:34:39,8.64,0.0,3,2592,卖盘
968,14:34:48,8.64,0.0,2,1728,卖盘
969,14:34:52,8.64,0.0,17,14688,卖盘
970,14:34:54,8.64,0.0,20,17280,卖盘
971,14:35:15,8.63,-0.01,1,863,卖盘
972,14:35:39,8.63,0.0,17,14671,卖盘
973,14:35:46,8.63,0.0,166,143258,卖盘
974,14:36:06,8.62,-0.01,3,2586,卖盘
975,14:36:12,8.62,0.0,5,4310,卖盘
976,14:36:16,8.62,0.0,5,4310,卖盘
977,14:36:24,8.62,0.0,2,1724,卖盘
978,14:36:46,8.62,0.0,1,862,卖盘
979,14:36:52,8.62,0.0,3,2586,卖盘
980,14:37:06,8.62,0.0,1,862,卖盘
981,14:37:16,8.62,0.0,2,1724,卖盘
982,14:37:37,8.62,0.0,14,12068,卖盘
983,14:37:40,8.63,0.01,2,1726,买盘
984,14:37:43,8.62,-0.01,2,1724,卖盘
985,14:37:46,8.62,0.0,1,862,卖盘
986,14:37:58,8.64,0.02,22,18991,买盘
987,14:38:01,8.63,-0.01,17,14671,中性盘
988,14:38:28,8.64,0.01,67,57839,买盘
989,14:38:43,8.65,0.01,7,6055,买盘
990,14:38:48,8.64,-0.01,5,4320,卖盘
991,14:39:10,8.65,0.01,41,35465,买盘
992,14:39:31,8.65,0.0,14,12110,卖盘
993,14:41:55,8.65,0.0,10,8650,买盘
994,14:42:42,8.65,0.0,20,17300,买盘
995,14:43:10,8.64,-0.01,20,17280,卖盘
996,14:43:12,8.65,0.01,10,8650,买盘
997,14:43:16,8.65,0.0,8,6920,买盘
998,14:43:30,8.65,0.0,16,13840,卖盘
999,14:43:42,8.66,0.01,20,17316,买盘
1000,14:43:52,8.64,-0.02,111,95904,卖盘
1001,14:44:07,8.63,-0.01,20,17260,卖盘
1002,14:44:10,8.64,0.01,15,12960,买盘
1003,14:44:15,8.64,0.0,26,22464,买盘
1004,14:44:19,8.64,0.0,175,151200,买盘
1005,14:44:25,8.65,0.01,73,63141,买盘
1006,14:44:37,8.64,-0.01,10,8640,卖盘
1007,14:44:46,8.67,0.03,207,179333,买盘
1008,14:44:52,8.67,0.0,93,80631,卖盘
1009,14:44:58,8.67,0.0,2,1734,中性盘
1010,14:45:06,8.67,0.0,51,44217,卖盘
1011,14:45:18,8.66,-0.01,5,4330,买盘
1012,14:45:22,8.67,0.01,6,5202,买盘
1013,14:45:24,8.66,-0.01,3,2598,卖盘
1014,14:45:36,8.66,0.0,10,8660,中性盘
1015,14:45:52,8.66,0.0,1,866,买盘
1016,14:46:28,8.66,0.0,3,2598,买盘
1017,14:46:40,8.66,0.0,1,866,买盘
1018,14:46:58,8.65,-0.01,2,1730,卖盘
1019,14:48:01,8.65,0.0,1,865,卖盘
1020,14:48:09,8.66,0.01,30,25980,买盘
1021,14:48:40,8.66,0.0,40,34640,买盘
1022,14:49:07,8.66,0.0,10,8660,中性盘
1023,14:49:13,8.67,0.01,1,867,买盘
1024,14:49:42,8.67,0.0,3,2601,买盘
1025,14:50:12,8.66,-0.01,14,12124,卖盘
1026,14:50:18,8.66,0.0,3,2598,买盘
1027,14:50:22,8.66,0.0,4,3464,买盘
1028,14:50:34,8.66,0.0,5,4330,买盘
1029,14:50:36,8.66,0.0,36,31176,买盘
1030,14:50:43,8.66,0.0,1,866,买盘
1031,14:50:45,8.66,0.0,5,4330,买盘
1032,14:50:58,8.66,0.0,15,12990,买盘
1033,14:51:13,8.66,0.0,18,15588,买盘
1034,14:51:18,8.66,0.0,17,14722,买盘
1035,14:51:34,8.66,0.0,13,11258,买盘
1036,14:51:40,8.66,0.0,10,8660,买盘
1037,14:51:43,8.66,0.0,42,36350,买盘
1038,14:51:45,8.66,0.0,2,1732,卖盘
1039,14:52:00,8.66,0.0,4,3464,卖盘
1040,14:52:19,8.65,-0.01,66,57212,卖盘
1041,14:52:49,8.67,0.02,2,1733,买盘
1042,14:52:55,8.67,0.0,197,170431,买盘
1043,14:53:10,8.66,-0.01,15,12990,买盘
1044,14:53:28,8.66,0.0,30,25980,买盘
1045,14:53:42,8.67,0.01,176,152592,买盘
1046,14:53:45,8.65,-0.02,13,11245,卖盘
1047,14:53:52,8.65,0.0,4,3462,卖盘
1048,14:54:07,8.63,-0.02,56,48405,卖盘
1049,14:54:12,8.66,0.03,40,34613,买盘
1050,14:54:22,8.64,-0.02,1,864,卖盘
1051,14:54:25,8.64,0.0,15,12967,卖盘
1052,14:54:31,8.65,0.01,3,2595,买盘
1053,14:54:36,8.65,0.0,1,865,买盘
1054,14:54:49,8.67,0.02,59,51133,买盘
1055,14:54:55,8.64,-0.03,1,864,卖盘
1056,14:55:10,8.64,0.0,156,134804,卖盘
1057,14:55:16,8.64,0.0,7,6048,买盘
1058,14:55:21,8.64,0.0,1,864,买盘
1059,14:55:24,8.64,0.0,1,864,买盘
1060,14:55:28,8.64,0.0,1,864,买盘
1061,14:55:31,8.64,0.0,1,864,买盘
1062,14:55:34,8.64,0.0,1,864,买盘
1063,14:55:37,8.64,0.0,3,2592,买盘
1064,14:55:40,8.64,0.0,1,864,买盘
1065,14:55:49,8.66,0.02,6,5196,卖盘
1066,14:55:55,8.67,0.01,13,11259,买盘
1067,14:56:10,8.66,-0.01,2,1732,卖盘
1068,14:56:12,8.67,0.01,49,42475,买盘
1069,14:56:22,8.67,0.0,12,10404,卖盘
1070,14:56:24,8.67,0.0,4,3469,卖盘
1071,14:56:27,8.67,0.0,4,3469,卖盘
1072,14:56:30,8.67,0.0,3,2601,卖盘
1073,14:56:34,8.67,0.0,3,2601,卖盘
1074,14:56:36,8.68,0.01,22,19094,买盘
1075,14:56:48,8.68,0.0,20,17360,买盘
1076,14:57:04,8.64,-0.04,8,6912,卖盘
1077,15:00:04,8.63,-0.01,340,293420,卖盘
