,time,price,change,volume,amount,type
0,09:25:05,42.7,-0.3,139,593530,买盘
1,09:30:04,42.7,0.0,13,55500,买盘
2,09:30:07,42.69,-0.01,148,631684,中性盘
3,09:30:10,42.66,-0.03,11,46938,卖盘
4,09:30:16,42.69,0.03,2,8538,买盘
5,09:30:19,42.69,0.0,3,12807,买盘
6,09:30:22,42.69,0.0,2,8538,买盘
7,09:30:25,42.7,0.01,1,4270,卖盘
8,09:30:28,42.7,0.0,3,12810,卖盘
9,09:30:31,42.7,0.0,45,192150,卖盘
10,09:30:34,42.7,0.0,3,12819,卖盘
11,09:30:37,42.78,0.08,4,17104,买盘
12,09:30:40,42.78,0.0,10,42780,卖盘
13,09:30:43,42.7,-0.08,65,277574,卖盘
14,09:30:46,42.7,0.0,18,76860,买盘
15,09:30:49,42.73,0.03,19,81133,买盘
16,09:30:52,42.85,0.12,2,8570,买盘
17,09:30:58,42.85,0.0,6,25701,买盘
18,09:31:01,42.86,0.01,1,4286,买盘
19,09:31:07,42.86,0.0,2,8571,买盘
20,09:31:10,42.86,0.0,107,457261,买盘
21,09:31:13,42.86,0.0,6,25716,买盘
22,09:31:16,42.76,-0.1,26,111472,卖盘
23,09:31:19,42.71,-0.05,89,380376,卖盘
24,09:31:25,42.83,0.12,15,64203,买盘
25,09:31:28,42.83,0.0,3,12849,买盘
26,09:31:49,42.81,-0.02,2,8562,买盘
27,09:31:52,42.76,-0.05,5,21380,卖盘
28,09:31:55,42.76,0.0,10,42760,卖盘
29,09:31:58,42.81,0.05,2,8562,买盘
30,09:32:05,42.76,-0.05,6,25658,卖盘
31,09:32:07,42.81,0.05,161,687968,买盘
32,09:32:10,42.81,0.0,5,21405,买盘
33,09:32:19,42.8,-0.01,2,8560,卖盘
34,09:32:22,42.8,0.0,7,29962,卖盘
35,09:32:25,42.8,0.0,6,25681,卖盘
36,09:32:28,42.81,0.01,11,47091,买盘
37,09:32:31,42.8,-0.01,40,171200,卖盘
38,09:32:34,42.8,0.0,20,85600,买盘
39,09:32:40,42.8,0.0,3,12840,买盘
40,09:32:43,42.8,0.0,13,55640,买盘
41,09:32:46,42.81,0.01,5,21401,买盘
42,09:32:49,42.8,-0.01,17,72717,卖盘
43,09:32:52,42.8,0.0,2,8560,卖盘
44,09:32:55,42.77,-0.03,12,51317,买盘
45,09:32:58,42.77,0.0,11,47047,买盘
46,09:33:04,42.77,0.0,3,12831,买盘
47,09:33:07,42.75,-0.02,11,47041,卖盘
48,09:33:10,42.79,0.04,40,171160,买盘
49,09:33:13,42.77,-0.02,2,8554,卖盘
50,09:33:19,42.77,0.0,10,42776,买盘
51,09:33:22,42.8,0.03,36,154080,买盘
52,09:33:25,42.82,0.02,14,59939,买盘
53,09:33:28,42.78,-0.04,15,64250,卖盘
54,09:33:31,42.93,0.15,1,4293,买盘
55,09:33:43,42.88,-0.05,2,8576,卖盘
56,09:33:49,42.93,0.05,10,42930,买盘
57,09:33:52,42.93,0.0,20,85860,买盘
58,09:33:58,42.93,0.0,18,77359,买盘
59,09:34:01,42.91,-0.02,2,8582,买盘
60,09:34:04,42.91,0.0,17,72947,买盘
61,09:34:07,42.95,0.04,1,4295,中性盘
62,09:34:10,42.95,0.0,2,8590,卖盘
63,09:34:13,42.9,-0.05,51,218898,卖盘
64,09:34:16,42.9,0.0,28,120120,买盘
65,09:34:19,42.89,-0.01,3,12867,卖盘
66,09:34:22,42.89,0.0,22,94362,卖盘
67,09:34:25,42.89,0.0,16,68624,买盘
68,09:34:28,42.88,-0.01,1,4288,卖盘
69,09:34:31,42.81,-0.07,13,55728,卖盘
70,09:34:34,42.89,0.08,5,21445,买盘
71,09:34:40,42.89,0.0,10,42890,卖盘
72,09:34:43,42.89,0.0,22,94361,卖盘
73,09:34:49,42.89,0.0,20,85766,买盘
74,09:34:52,42.89,0.0,22,94358,买盘
75,09:35:01,42.94,0.05,3,12882,买盘
76,09:35:06,42.92,-0.02,2,8584,卖盘
77,09:35:16,42.9,-0.02,17,72961,卖盘
78,09:35:19,42.9,0.0,11,47190,卖盘
79,09:35:22,42.9,0.0,1,4290,卖盘
80,09:35:28,42.91,0.01,6,25750,卖盘
81,09:35:31,42.91,0.0,2,8582,卖盘
82,09:35:37,42.91,0.0,10,42934,卖盘
83,09:35:43,42.94,0.03,2,8588,买盘
84,09:35:46,42.91,-0.03,58,249046,卖盘
85,09:35:49,42.91,0.0,11,47201,卖盘
86,09:35:52,42.94,0.03,2,8588,中性盘
87,09:35:58,42.88,-0.06,89,381883,卖盘
88,09:36:01,42.88,0.0,17,72867,买盘
89,09:36:04,42.77,-0.11,37,158348,卖盘
90,09:36:07,42.72,-0.05,17,72663,卖盘
91,09:36:10,42.8,0.08,127,544377,买盘
92,09:36:13,42.72,-0.08,9,38500,卖盘
93,09:36:16,42.83,0.11,10,42761,买盘
94,09:36:22,42.77,-0.06,1,4277,买盘
95,09:36:25,42.71,-0.06,7,29897,卖盘
96,09:36:37,42.71,0.0,2,8542,卖盘
97,09:36:46,42.71,0.0,27,115326,卖盘
98,09:36:49,42.71,0.0,1,4271,买盘
99,09:36:52,42.77,0.06,19,81178,买盘
100,09:36:55,42.77,0.0,4,17108,卖盘
101,09:36:58,42.76,-0.01,1,4276,买盘
102,09:37:05,42.76,0.0,1,4276,买盘
103,09:37:07,42.72,-0.04,10,42722,卖盘
104,09:37:10,42.76,0.04,4,17104,买盘
105,09:37:13,42.76,0.0,25,106900,买盘
106,09:37:16,42.76,0.0,29,124014,卖盘
107,09:37:19,42.72,-0.04,18,76981,卖盘
108,09:37:22,42.75,0.03,2,8550,买盘
109,09:37:25,42.77,0.02,11,47047,买盘
110,09:37:28,42.72,-0.05,13,55553,卖盘
111,09:37:31,42.72,0.0,5,21363,卖盘
112,09:37:37,42.77,0.05,6,25659,买盘
113,09:37:40,42.71,-0.06,10,42716,卖盘
114,09:37:43,42.76,0.05,3,12828,卖盘
115,09:37:55,42.73,-0.03,1,4273,卖盘
116,09:37:58,42.77,0.04,15,64155,买盘
117,09:38:07,42.73,-0.04,10,42741,卖盘
118,09:38:10,42.76,0.03,11,47039,买盘
119,09:38:16,42.7,-0.06,149,636351,卖盘
120,09:38:19,42.68,-0.02,19,81100,卖盘
121,09:38:22,42.65,-0.03,21,89585,卖盘
122,09:38:25,42.66,0.01,22,93896,卖盘
123,09:38:28,42.66,0.0,12,51184,卖盘
124,09:38:31,42.66,0.0,12,51183,买盘
125,09:38:34,42.62,-0.04,8,34112,卖盘
126,09:38:37,42.62,0.0,4,17048,卖盘
127,09:38:40,42.58,-0.04,5,21306,卖盘
128,09:38:43,42.62,0.04,13,55389,买盘
129,09:38:46,42.58,-0.04,30,127851,卖盘
130,09:38:49,42.58,0.0,3,12774,卖盘
131,09:38:52,42.58,0.0,5,21290,卖盘
132,09:38:55,42.58,0.0,10,42580,卖盘
133,09:38:58,42.6,0.02,10,42582,买盘
134,09:39:01,42.6,0.0,2,8520,卖盘
135,09:39:04,42.56,-0.04,17,72388,卖盘
136,09:39:10,42.58,0.02,3,12776,卖盘
137,09:39:13,42.58,0.0,5,21290,卖盘
138,09:39:16,42.56,-0.02,18,76616,卖盘
139,09:39:19,42.56,0.0,5,21280,卖盘
140,09:39:22,42.53,-0.03,4,17014,卖盘
141,09:39:25,42.52,-0.01,20,85057,卖盘
142,09:39:28,42.52,0.0,4,17011,卖盘
143,09:39:31,42.52,0.0,4,17010,卖盘
144,09:39:34,42.53,0.01,1,4253,买盘
145,09:39:37,42.52,-0.01,12,51024,卖盘
146,09:39:40,42.52,0.0,34,144555,卖盘
147,09:39:43,42.51,-0.01,67,284836,卖盘
148,09:39:46,42.52,0.01,8,34011,买盘
149,09:39:49,42.48,-0.04,142,603533,卖盘
150,09:39:52,42.5,0.02,33,140230,买盘
151,09:39:55,42.41,-0.09,36,152682,卖盘
152,09:39:58,42.45,0.04,10,42369,买盘
153,09:40:01,42.43,-0.02,4,16974,卖盘
154,09:40:04,42.4,-0.03,5,21209,卖盘
155,09:40:07,42.31,-0.09,42,177630,卖盘
156,09:40:10,42.26,-0.05,10,42260,中性盘
157,09:40:13,42.4,0.14,13,55012,买盘
158,09:40:16,42.26,-0.14,11,46493,卖盘
159,09:40:19,42.2,-0.06,8,33767,卖盘
160,09:40:22,42.26,0.06,112,471453,买盘
161,09:40:25,42.26,0.0,16,67608,买盘
162,09:40:28,42.22,-0.04,3,12668,卖盘
163,09:40:31,42.21,-0.01,4,16884,买盘
164,09:40:34,42.2,-0.01,15,63303,卖盘
165,09:40:37,42.2,0.0,9,37945,买盘
166,09:40:40,42.2,0.0,194,818680,买盘
167,09:40:43,42.22,0.02,168,708681,买盘
168,09:40:46,42.21,-0.01,24,101330,中性盘
169,09:40:49,42.2,-0.01,53,223713,卖盘
170,09:40:52,42.2,0.0,16,67562,卖盘
171,09:40:55,42.3,0.1,1,4230,买盘
172,09:40:58,42.21,-0.09,15,63308,中性盘
173,09:41:04,42.25,0.04,18,76047,中性盘
174,09:41:07,42.29,0.04,3,12676,买盘
175,09:41:10,42.21,-0.08,31,131045,卖盘
176,09:41:13,42.22,0.01,3,12672,卖盘
177,09:41:16,42.29,0.07,6,25374,卖盘
178,09:41:19,42.3,0.01,2,8460,中性盘
179,09:41:28,42.3,0.0,11,46530,卖盘
180,09:41:31,42.37,0.07,10,42370,中性盘
181,09:41:34,42.3,-0.07,11,46530,卖盘
182,09:41:37,42.36,0.06,3,12708,中性盘
183,09:41:40,42.31,-0.05,8,33848,中性盘
184,09:41:43,42.37,0.06,10,42369,买盘
185,09:41:46,42.31,-0.06,10,42315,卖盘
186,09:41:49,42.32,0.01,24,101525,中性盘
187,09:41:52,42.29,-0.03,34,143799,卖盘
188,09:41:55,42.34,0.05,16,67710,买盘
189,09:41:58,42.34,0.0,7,29615,买盘
190,09:42:01,42.23,-0.11,21,88766,卖盘
191,09:42:04,42.31,0.08,3,12693,中性盘
192,09:42:07,42.28,-0.03,3,12686,中性盘
193,09:42:10,42.21,-0.07,27,113993,卖盘
194,09:42:13,42.22,0.01,3,12666,买盘
195,09:42:16,42.22,0.0,21,88662,买盘
196,09:42:19,42.22,0.0,11,46434,买盘
197,09:42:22,42.22,0.0,1,4222,买盘
198,09:42:25,42.2,-0.02,15,63317,卖盘
199,09:42:28,42.22,0.02,27,114015,卖盘
200,09:42:31,42.22,0.0,41,173071,卖盘
201,09:42:37,42.2,-0.02,75,316530,卖盘
202,09:42:40,42.2,0.0,35,147700,买盘
203,09:42:43,42.2,0.0,182,767730,买盘
204,09:42:46,42.18,-0.02,10,42180,中性盘
205,09:42:49,42.18,0.0,4,16872,买盘
206,09:42:52,42.18,0.0,10,42180,买盘
207,09:42:55,42.18,0.0,17,71710,买盘
208,09:42:58,42.17,-0.01,79,333175,卖盘
209,09:43:01,42.22,0.05,189,797630,买盘
210,09:43:04,42.21,-0.01,5,21105,卖盘
211,09:43:07,42.26,0.05,5,21130,卖盘
212,09:43:10,42.22,-0.04,38,160530,卖盘
213,09:43:13,42.25,0.03,20,84536,中性盘
214,09:43:16,42.34,0.09,130,549972,买盘
215,09:43:19,42.39,0.05,13,55099,买盘
216,09:43:22,42.38,-0.01,21,89022,卖盘
217,09:43:25,42.4,0.02,187,792875,买盘
218,09:43:28,42.4,0.0,39,165349,买盘
219,09:43:31,42.42,0.02,3,12726,买盘
220,09:43:34,42.4,-0.02,12,50882,卖盘
221,09:43:37,42.42,0.02,20,84840,买盘
222,09:43:40,42.4,-0.02,146,619136,卖盘
223,09:43:43,42.4,0.0,24,101760,买盘
224,09:43:46,42.4,0.0,77,326480,买盘
225,09:43:49,42.42,0.02,5,21210,卖盘
226,09:43:52,42.42,0.0,1,4242,卖盘
227,09:43:58,42.45,0.03,2,8490,买盘
228,09:44:01,42.45,0.0,7,29715,买盘
229,09:44:04,42.45,0.0,1,4245,买盘
230,09:44:13,42.45,0.0,1,4245,卖盘
231,09:44:16,42.5,0.05,1,4250,买盘
232,09:44:19,42.5,0.0,20,84909,买盘
233,09:44:22,42.49,-0.01,9,38249,中性盘
234,09:44:25,42.45,-0.04,24,101956,卖盘
235,09:44:28,42.45,0.0,4,16980,买盘
236,09:44:31,42.43,-0.02,12,50930,卖盘
237,09:44:34,42.45,0.02,20,84900,买盘
238,09:44:37,42.45,0.0,4,16980,买盘
239,09:44:40,42.48,0.03,2,8496,买盘
240,09:44:43,42.43,-0.05,41,173967,卖盘
241,09:44:46,42.42,-0.01,20,84843,卖盘
242,09:44:52,42.4,-0.02,78,330902,卖盘
243,09:44:55,42.42,0.02,6,25452,买盘
244,09:44:58,42.4,-0.02,5,21201,卖盘
245,09:45:01,42.41,0.01,3,12723,买盘
246,09:45:04,42.42,0.01,12,50892,买盘
247,09:45:07,42.4,-0.02,18,76320,卖盘
248,09:45:10,42.4,0.0,5,21200,买盘
249,09:45:13,42.42,0.02,4,16968,买盘
250,09:45:19,42.38,-0.04,14,59341,卖盘
251,09:45:22,42.38,0.0,5,21190,卖盘
252,09:45:25,42.4,0.02,1,4240,买盘
253,09:45:31,42.4,0.0,22,93273,买盘
254,09:45:34,42.4,0.0,6,25440,买盘
255,09:45:40,42.39,-0.01,46,195037,卖盘
256,09:45:46,42.38,-0.01,30,127182,卖盘
257,09:45:52,42.39,0.01,2,8478,中性盘
258,09:45:55,42.38,-0.01,11,46618,卖盘
259,09:45:58,42.39,0.01,11,46629,买盘
260,09:46:01,42.39,0.0,6,25434,买盘
261,09:46:04,42.39,0.0,2,8478,买盘
262,09:46:07,42.38,-0.01,25,105968,卖盘
263,09:46:10,42.39,0.01,165,698842,买盘
264,09:46:19,42.38,-0.01,22,93236,买盘
265,09:46:22,42.39,0.01,11,46628,买盘
266,09:46:28,42.41,0.02,5,21205,买盘
267,09:46:31,42.42,0.01,23,97566,买盘
268,09:46:34,42.42,0.0,5,21208,买盘
269,09:46:37,42.45,0.03,3,12729,买盘
270,09:46:43,42.45,0.0,10,42450,买盘
271,09:46:52,42.48,0.03,6,25488,买盘
272,09:46:55,42.42,-0.06,168,713381,卖盘
273,09:47:10,42.58,0.16,46,195774,买盘
274,09:47:19,42.58,0.0,5,21290,卖盘
275,09:47:22,42.6,0.02,7,29815,买盘
276,09:47:25,42.61,0.01,7,29827,买盘
277,09:47:28,42.61,0.0,6,25566,买盘
278,09:47:34,42.61,0.0,24,102264,买盘
279,09:47:37,42.61,0.0,14,59654,买盘
280,09:47:40,42.65,0.04,1,4265,卖盘
281,09:47:49,42.66,0.01,42,181819,买盘
282,09:47:52,42.66,0.0,1,4266,卖盘
283,09:47:55,42.67,0.01,4,17152,买盘
284,09:48:01,42.67,0.0,5,21335,卖盘
285,09:48:07,42.67,0.0,5,21250,卖盘
286,09:48:10,42.67,0.0,17,72539,买盘
287,09:48:13,42.67,0.0,6,25687,买盘
288,09:48:19,42.67,0.0,4,17068,卖盘
289,09:48:22,42.73,0.06,5,21362,买盘
290,09:48:25,42.67,-0.06,6,25607,卖盘
291,09:48:28,42.67,0.0,17,72548,卖盘
292,09:48:31,42.68,0.01,11,46942,买盘
293,09:48:34,42.67,-0.01,8,34051,买盘
294,09:48:37,42.67,0.0,21,89607,买盘
295,09:48:40,42.66,-0.01,37,157847,卖盘
296,09:48:43,42.66,0.0,78,332755,卖盘
297,09:48:46,42.66,0.0,2,8532,买盘
298,09:48:49,42.66,0.0,9,38386,买盘
299,09:48:52,42.65,-0.01,17,72505,卖盘
300,09:48:58,42.64,-0.01,4,14370,卖盘
301,09:49:01,42.64,0.0,2,8528,买盘
302,09:49:04,42.64,0.0,6,25569,买盘
303,09:49:07,42.6,-0.04,5,21300,卖盘
304,09:49:10,42.6,0.0,7,29820,卖盘
305,09:49:13,42.6,0.0,14,59640,卖盘
306,09:49:15,42.6,0.0,11,46860,卖盘
307,09:49:19,42.6,0.0,9,38340,买盘
308,09:49:22,42.59,-0.01,44,187417,卖盘
309,09:49:25,42.59,0.0,42,178878,卖盘
310,09:49:28,42.59,0.0,30,127770,卖盘
311,09:49:31,42.58,-0.01,2,8517,卖盘
312,09:49:37,42.52,-0.06,3,12756,卖盘
313,09:49:55,42.53,0.01,4,17013,卖盘
314,09:49:58,42.52,-0.01,21,89292,卖盘
315,09:50:01,42.55,0.03,24,102085,买盘
316,09:50:07,42.51,-0.04,4,17004,卖盘
317,09:50:10,42.51,0.0,2,8502,中性盘
318,09:50:13,42.51,0.0,3,12753,买盘
319,09:50:19,42.52,0.01,9,38268,卖盘
320,09:50:22,42.52,0.0,3,12756,卖盘
321,09:50:28,42.54,0.02,3,12758,买盘
322,09:50:37,42.52,-0.02,2,8504,买盘
323,09:50:40,42.52,0.0,1,4252,卖盘
324,09:50:43,42.5,-0.02,23,97775,卖盘
325,09:50:46,42.5,0.0,6,25500,买盘
326,09:50:52,42.5,0.0,5,21250,买盘
327,09:51:01,42.5,0.0,1,4250,买盘
328,09:51:04,42.47,-0.03,3,12741,卖盘
329,09:51:07,42.5,0.03,2,8500,买盘
330,09:51:10,42.5,0.0,3,12750,买盘
331,09:51:18,42.47,-0.03,27,114707,卖盘
332,09:51:31,42.47,0.0,1,4247,买盘
333,09:51:34,42.46,-0.01,3,12738,卖盘
334,09:51:37,42.47,0.01,20,84935,买盘
335,09:51:40,42.46,-0.01,11,46706,卖盘
336,09:51:43,42.46,0.0,9,38217,卖盘
337,09:51:46,42.46,0.0,9,38218,卖盘
338,09:51:49,42.46,0.0,1,4246,卖盘
339,09:51:52,42.47,0.01,4,16986,买盘
340,09:51:55,42.46,-0.01,6,25479,卖盘
341,09:52:01,42.47,0.01,21,89185,买盘
342,09:52:07,42.47,0.0,4,16988,卖盘
343,09:52:13,42.47,0.0,1,4247,卖盘
344,09:52:19,42.47,0.0,1,4247,卖盘
345,09:52:25,42.55,0.08,1,4255,中性盘
346,09:52:34,42.47,-0.08,3,12741,卖盘
347,09:52:40,42.47,0.0,2,8495,卖盘
348,09:52:43,42.55,0.08,36,153163,买盘
349,09:52:49,42.52,-0.03,4,16995,买盘
350,09:52:52,42.47,-0.05,18,76431,卖盘
351,09:53:07,42.47,0.0,14,59458,买盘
352,09:53:10,42.45,-0.02,18,76415,卖盘
353,09:53:13,42.45,0.0,3,12735,买盘
354,09:53:19,42.45,0.0,14,59430,买盘
355,09:53:25,42.44,-0.01,5,21223,卖盘
356,09:53:28,42.46,0.02,8,33968,中性盘
357,09:53:49,42.44,-0.02,10,42441,卖盘
358,09:54:04,42.45,0.01,1,4245,中性盘
359,09:54:07,42.43,-0.02,11,46684,卖盘
360,09:54:16,42.44,0.01,1,4244,卖盘
361,09:54:19,42.5,0.06,20,85000,买盘
362,09:54:28,42.49,-0.01,13,55245,卖盘
363,09:54:31,42.49,0.0,37,157893,买盘
364,09:54:40,42.52,0.03,3,12756,买盘
365,09:54:43,42.52,0.0,1,4252,买盘
366,09:54:49,42.51,-0.01,3,12755,卖盘
367,09:54:52,42.51,0.0,7,29757,买盘
368,09:54:55,42.58,0.07,4,17032,买盘
369,09:55:01,42.58,0.0,5,21290,卖盘
370,09:55:07,42.59,0.01,14,59626,买盘
371,09:55:16,42.59,0.0,4,17036,买盘
372,09:55:28,42.62,0.03,6,25572,买盘
373,09:55:31,42.65,0.03,11,46902,买盘
374,09:55:37,42.65,0.0,12,51180,卖盘
375,09:55:46,42.66,0.01,10,42657,买盘
376,09:55:49,42.66,0.0,9,38416,卖盘
377,09:55:55,42.7,0.04,3,12810,买盘
378,09:56:01,42.7,0.0,2,8540,买盘
379,09:56:04,42.7,0.0,4,17080,买盘
380,09:56:07,42.72,0.02,9,38436,买盘
381,09:56:10,42.73,0.01,1,4273,买盘
382,09:56:13,42.7,-0.03,30,128103,卖盘
383,09:56:19,42.7,0.0,10,42704,卖盘
384,09:56:22,42.73,0.03,1,4273,买盘
385,09:56:28,42.75,0.02,3,12825,中性盘
386,09:56:40,42.76,0.01,2,8552,买盘
387,09:56:49,42.77,0.01,2,8553,买盘
388,09:56:51,42.77,0.0,3,12831,买盘
389,09:56:54,42.75,-0.02,31,132554,卖盘
390,09:56:58,42.78,0.03,4,17111,买盘
391,09:57:01,42.76,-0.02,1,4276,卖盘
392,09:57:10,42.78,0.02,1,4278,买盘
393,09:57:15,42.77,-0.01,3,12831,卖盘
394,09:57:22,42.78,0.01,6,25666,买盘
395,09:57:25,42.76,-0.02,13,55588,卖盘
396,09:57:28,42.75,-0.01,5,21375,卖盘
397,09:57:31,42.75,0.0,8,34200,卖盘
398,09:57:34,42.75,0.0,19,81225,卖盘
399,09:57:37,42.76,0.01,19,81241,买盘
400,09:57:40,42.75,-0.01,27,115425,卖盘
401,09:57:43,42.75,0.0,7,29925,卖盘
402,09:57:46,42.73,-0.02,6,25642,卖盘
403,09:57:48,42.73,0.0,2,8546,卖盘
404,09:57:52,42.73,0.0,4,17092,卖盘
405,09:57:55,42.73,0.0,7,29911,卖盘
406,09:57:58,42.7,-0.03,2,8540,卖盘
407,09:58:01,42.59,-0.11,40,170651,卖盘
408,09:58:16,42.6,0.01,2,8520,卖盘
409,09:58:22,42.68,0.08,7,29844,买盘
410,09:58:25,42.6,-0.08,36,153366,卖盘
411,09:58:28,42.6,0.0,125,532500,买盘
412,09:58:31,42.6,0.0,2,8520,买盘
413,09:58:37,42.59,-0.01,3,12777,卖盘
414,09:58:40,42.55,-0.04,15,63848,卖盘
415,09:58:46,42.55,0.0,1,4255,买盘
416,09:58:49,42.55,0.0,4,17020,买盘
417,09:58:52,42.55,0.0,5,21277,卖盘
418,09:58:55,42.6,0.05,5,21300,买盘
419,09:58:58,42.6,0.0,5,21300,买盘
420,09:59:00,42.55,-0.05,33,140495,卖盘
421,09:59:04,42.6,0.05,15,63900,买盘
422,09:59:07,42.6,0.0,5,21300,买盘
423,09:59:10,42.6,0.0,10,42600,买盘
424,09:59:13,42.6,0.0,31,132025,买盘
425,09:59:16,42.6,0.0,7,29820,买盘
426,09:59:19,42.68,0.08,4,17072,买盘
427,09:59:21,42.67,-0.01,2,8534,买盘
428,09:59:25,42.67,0.0,1,4267,买盘
429,09:59:28,42.7,0.03,19,81099,买盘
430,09:59:31,42.71,0.01,3,12813,买盘
431,09:59:34,42.75,0.04,12,51265,买盘
432,09:59:37,42.76,0.01,4,17104,买盘
433,09:59:40,42.79,0.03,9,38500,买盘
434,09:59:43,42.77,-0.02,3,12836,中性盘
435,09:59:46,42.7,-0.07,10,42750,卖盘
436,09:59:49,42.75,0.05,1,4275,买盘
437,09:59:52,42.76,0.01,11,47047,中性盘
438,09:59:58,42.76,0.0,1,4276,买盘
439,10:00:01,42.75,-0.01,1,4275,买盘
440,10:00:04,42.75,0.0,5,21375,买盘
441,10:00:13,42.76,0.01,45,192487,卖盘
442,10:00:16,42.8,0.04,1,4280,买盘
443,10:00:19,42.77,-0.03,2,8554,中性盘
444,10:00:22,42.79,0.02,3,12833,买盘
445,10:00:25,42.8,0.01,8,34237,买盘
446,10:00:28,42.8,0.0,2,8560,买盘
447,10:00:31,42.8,0.0,11,47080,买盘
448,10:00:34,42.88,0.08,1,4288,买盘
449,10:00:43,42.89,0.01,8,34275,买盘
450,10:00:49,42.86,-0.03,2,8572,中性盘
451,10:00:55,42.89,0.03,16,68615,买盘
452,10:00:58,42.9,0.01,6,25736,买盘
453,10:01:01,42.9,0.0,5,21450,买盘
454,10:01:04,42.8,-0.1,13,55670,卖盘
455,10:01:16,42.87,0.07,6,25722,买盘
456,10:01:19,42.89,0.02,6,25714,买盘
457,10:01:22,42.89,0.0,7,30023,买盘
458,10:01:25,43.0,0.11,275,1181782,买盘
459,10:01:28,43.0,0.0,7,30110,卖盘
460,10:01:31,43.01,0.01,75,323210,中性盘
461,10:01:34,43.17,0.16,8,34534,买盘
462,10:01:37,43.0,-0.17,102,438699,卖盘
463,10:01:40,43.2,0.2,32,138230,买盘
464,10:01:43,43.25,0.05,5,21607,买盘
465,10:01:46,43.2,-0.05,5,21603,卖盘
466,10:01:49,43.27,0.07,17,73530,买盘
467,10:01:51,43.27,0.0,5,21635,卖盘
468,10:01:54,43.27,0.0,9,38945,卖盘
469,10:01:57,43.3,0.03,47,204180,买盘
470,10:02:01,43.27,-0.03,85,368553,卖盘
471,10:02:04,43.28,0.01,54,233696,卖盘
472,10:02:10,43.35,0.07,1,4335,卖盘
473,10:02:13,43.38,0.03,2,8676,买盘
474,10:02:16,43.38,0.0,3,12994,买盘
475,10:02:19,43.38,0.0,4,17352,买盘
476,10:02:21,43.4,0.02,81,351434,买盘
477,10:02:25,43.35,-0.05,14,60648,中性盘
478,10:02:28,43.31,-0.04,2,8666,卖盘
479,10:02:31,43.35,0.04,7,30329,买盘
480,10:02:34,43.36,0.01,8,34668,买盘
481,10:02:37,43.28,-0.08,26,112704,卖盘
482,10:02:40,43.28,0.0,10,43283,卖盘
483,10:02:43,43.37,0.09,19,82335,买盘
484,10:02:46,43.4,0.03,100,433911,买盘
485,10:02:48,43.31,-0.09,5,21655,卖盘
486,10:02:52,43.31,0.0,4,17334,卖盘
487,10:02:55,43.35,0.04,3,12997,买盘
488,10:02:58,43.39,0.04,13,56335,买盘
489,10:03:00,43.36,-0.03,26,112736,卖盘
490,10:03:04,43.4,0.04,11,47738,买盘
491,10:03:07,43.4,0.0,1,4340,卖盘
492,10:03:10,43.43,0.03,2,8683,买盘
493,10:03:13,43.53,0.1,269,1169849,买盘
494,10:03:16,43.53,0.0,12,52236,卖盘
495,10:03:19,43.58,0.05,92,400882,买盘
496,10:03:22,43.6,0.02,67,291995,买盘
497,10:03:25,43.6,0.0,13,56680,卖盘
498,10:03:28,43.61,0.01,85,370817,中性盘
499,10:03:31,43.72,0.11,22,96144,买盘
500,10:03:33,43.62,-0.1,2,8724,卖盘
501,10:03:36,43.7,0.08,70,305732,中性盘
502,10:03:40,43.75,0.05,18,78739,买盘
503,10:03:43,43.77,0.02,59,258169,买盘
504,10:03:46,43.71,-0.06,71,310171,卖盘
505,10:03:48,43.71,0.0,12,52442,买盘
506,10:03:52,43.71,0.0,15,65539,买盘
507,10:03:55,43.7,-0.01,1,4370,中性盘
508,10:03:58,43.7,0.0,65,283958,买盘
509,10:04:04,43.62,-0.08,3,13091,中性盘
510,10:04:06,43.66,0.04,35,152653,买盘
511,10:04:10,43.61,-0.05,3,13083,中性盘
512,10:04:13,43.6,-0.01,10,43600,卖盘
513,10:04:16,43.6,0.0,18,78480,买盘
514,10:04:19,43.59,-0.01,3,13077,卖盘
515,10:04:22,43.6,0.01,5,21796,买盘
516,10:04:25,43.59,-0.01,29,126307,中性盘
517,10:04:28,43.53,-0.06,14,60954,卖盘
518,10:04:30,43.55,0.02,35,152453,买盘
519,10:04:34,43.47,-0.08,29,126104,卖盘
520,10:04:37,43.46,-0.01,2,8692,卖盘
521,10:04:40,43.46,0.0,1,4346,买盘
522,10:04:43,43.4,-0.06,17,73792,卖盘
523,10:04:46,43.4,0.0,7,30380,卖盘
524,10:04:49,43.4,0.0,19,82476,卖盘
525,10:04:52,43.37,-0.03,4,17351,卖盘
526,10:04:55,43.37,0.0,3,13014,卖盘
527,10:05:00,43.4,0.03,18,78064,买盘
528,10:05:04,43.38,-0.02,2,8676,卖盘
529,10:05:10,43.36,-0.02,22,95447,卖盘
530,10:05:13,43.38,0.02,36,156162,中性盘
531,10:05:16,43.38,0.0,24,104094,买盘
532,10:05:19,43.37,-0.01,14,60705,中性盘
533,10:05:22,43.36,-0.01,17,73712,卖盘
534,10:05:25,43.36,0.0,26,112737,卖盘
535,10:05:28,43.36,0.0,19,82387,卖盘
536,10:05:31,43.32,-0.04,3,13000,卖盘
537,10:05:34,43.38,0.06,38,164829,买盘
538,10:05:37,43.36,-0.02,11,47694,卖盘
539,10:05:40,43.36,0.0,31,134415,买盘
540,10:05:43,43.32,-0.04,1,4332,卖盘
541,10:05:48,43.3,-0.02,16,69302,卖盘
542,10:05:55,43.27,-0.03,18,77921,卖盘
543,10:06:00,43.22,-0.05,26,112378,卖盘
544,10:06:07,43.2,-0.02,35,151315,卖盘
545,10:06:10,43.25,0.05,7,30269,买盘
546,10:06:13,43.2,-0.05,33,142560,卖盘
547,10:06:15,43.2,0.0,1,4320,买盘
548,10:06:18,43.2,0.0,13,56160,买盘
549,10:06:21,43.17,-0.03,1,4317,卖盘
550,10:06:25,43.14,-0.03,3,12948,卖盘
551,10:06:28,43.17,0.03,5,21575,买盘
552,10:06:30,43.06,-0.11,5,21530,中性盘
553,10:06:37,43.1,0.04,5,21550,卖盘
554,10:06:40,43.1,0.0,1,4310,买盘
555,10:06:42,43.06,-0.04,12,51677,卖盘
556,10:06:49,43.1,0.04,9,38790,买盘
557,10:06:58,43.1,0.0,28,120689,卖盘
558,10:07:04,43.16,0.06,1,4316,买盘
559,10:07:07,43.16,0.0,2,8632,买盘
560,10:07:16,43.16,0.0,3,12948,买盘
561,10:07:19,43.12,-0.04,10,43122,卖盘
562,10:07:22,43.18,0.06,3,12954,买盘
563,10:07:28,43.18,0.0,7,30226,买盘
564,10:07:31,43.2,0.02,1,4320,买盘
565,10:07:34,43.2,0.0,16,69120,买盘
566,10:07:37,43.2,0.0,29,125288,买盘
567,10:07:39,43.2,0.0,3,12960,卖盘
568,10:07:46,43.3,0.1,11,49766,买盘
569,10:07:58,43.36,0.06,10,43360,买盘
570,10:08:01,43.36,0.0,32,138752,买盘
571,10:08:04,43.33,-0.03,5,21665,卖盘
572,10:08:06,43.36,0.03,1,4336,买盘
573,10:08:10,43.39,0.03,1,4339,买盘
574,10:08:13,43.36,-0.03,2,8672,卖盘
575,10:08:19,43.4,0.04,4,17360,买盘
576,10:08:21,43.4,0.0,37,160580,买盘
577,10:08:24,43.4,0.0,19,82460,卖盘
578,10:08:27,43.4,0.0,26,112840,卖盘
579,10:08:31,43.4,0.0,3,13024,卖盘
580,10:08:37,43.42,0.02,9,39078,买盘
581,10:08:39,43.48,0.06,31,134716,买盘
582,10:08:49,43.45,-0.03,5,21725,买盘
583,10:08:55,43.45,0.0,10,43450,买盘
584,10:08:58,43.45,0.0,1,4345,卖盘
585,10:09:01,43.46,0.01,10,43451,买盘
586,10:09:04,43.46,0.0,8,34759,买盘
587,10:09:07,43.42,-0.04,32,138962,卖盘
588,10:09:10,43.45,0.03,3,13033,买盘
589,10:09:13,43.44,-0.01,26,112930,中性盘
590,10:09:16,43.36,-0.08,5,21688,卖盘
591,10:09:19,43.44,0.08,80,347243,买盘
592,10:09:22,43.22,-0.22,21,90912,卖盘
593,10:09:25,43.35,0.13,3,13002,买盘
594,10:09:37,43.39,0.04,22,95374,买盘
595,10:09:46,43.23,-0.16,12,51962,卖盘
596,10:09:58,43.35,0.12,1,4335,买盘
597,10:10:07,43.3,-0.05,4,17320,卖盘
598,10:10:10,43.3,0.0,1,4330,中性盘
599,10:10:13,43.3,0.0,5,21650,卖盘
600,10:10:16,43.25,-0.05,10,43250,卖盘
601,10:10:22,43.25,0.0,1,4325,卖盘
602,10:10:25,43.24,-0.01,37,160022,卖盘
603,10:10:28,43.25,0.01,16,69187,买盘
604,10:10:31,43.23,-0.02,10,43232,卖盘
605,10:10:34,43.13,-0.1,65,280742,卖盘
606,10:10:37,43.13,0.0,12,51756,买盘
607,10:10:43,43.11,-0.02,15,64691,卖盘
608,10:10:46,43.1,-0.01,7,30176,卖盘
609,10:10:49,43.13,0.03,1,4313,买盘
610,10:10:52,43.11,-0.02,1,4311,中性盘
611,10:10:58,43.15,0.04,12,51780,买盘
612,10:11:01,43.09,-0.06,28,120698,卖盘
613,10:11:07,43.24,0.15,2,8642,买盘
614,10:11:10,43.13,-0.11,5,21565,卖盘
615,10:11:13,43.11,-0.02,4,17246,卖盘
616,10:11:16,43.09,-0.02,1,4309,卖盘
617,10:11:28,43.08,-0.01,3,12930,卖盘
618,10:11:34,43.07,-0.01,1,4307,卖盘
619,10:11:40,43.1,0.03,5,21546,买盘
620,10:11:43,43.08,-0.02,3,12924,卖盘
621,10:11:46,43.07,-0.01,1,4307,买盘
622,10:11:49,43.07,0.0,2,8614,买盘
623,10:11:52,43.06,-0.01,14,60291,卖盘
624,10:12:13,43.04,-0.02,10,43041,卖盘
625,10:12:19,43.05,0.01,7,30134,买盘
626,10:12:25,43.04,-0.01,1,4304,买盘
627,10:12:28,43.04,0.0,4,17216,买盘
628,10:12:31,43.03,-0.01,10,43036,卖盘
629,10:12:43,43.03,0.0,2,8606,买盘
630,10:12:46,43.02,-0.01,4,17208,卖盘
631,10:12:49,42.96,-0.06,66,283805,卖盘
632,10:12:52,42.99,0.03,6,25794,买盘
633,10:12:55,42.9,-0.09,5,21468,卖盘
634,10:12:58,42.88,-0.02,21,90085,卖盘
635,10:13:01,42.99,0.11,3,12891,买盘
636,10:13:04,42.9,-0.09,3,12870,买盘
637,10:13:07,42.97,0.07,14,60154,买盘
638,10:13:19,42.97,0.0,3,12891,买盘
639,10:13:22,42.97,0.0,3,12891,买盘
640,10:13:25,42.97,0.0,9,38673,卖盘
641,10:13:31,42.97,0.0,2,8594,买盘
642,10:13:37,43.0,0.03,19,81684,买盘
643,10:13:40,42.99,-0.01,4,17196,中性盘
644,10:13:43,42.99,0.0,3,12897,买盘
645,10:13:52,42.99,0.0,6,25797,卖盘
646,10:13:55,43.0,0.01,151,649300,买盘
647,10:13:58,43.0,0.0,60,258000,买盘
648,10:14:01,43.0,0.0,39,167700,买盘
649,10:14:07,43.02,0.02,92,395784,买盘
650,10:14:10,43.03,0.01,12,51647,卖盘
651,10:14:13,43.05,0.02,48,206599,买盘
652,10:14:16,43.05,0.0,1,4305,买盘
653,10:14:19,43.07,0.02,5,21543,卖盘
654,10:14:22,43.05,-0.02,11,47372,卖盘
655,10:14:25,43.11,0.06,3,12932,买盘
656,10:14:28,43.11,0.0,42,181062,买盘
657,10:14:43,43.18,0.07,12,51815,买盘
658,10:14:46,43.18,0.0,27,116448,买盘
659,10:14:49,43.18,0.0,2,8636,买盘
660,10:14:55,43.04,-0.14,84,362042,卖盘
661,10:14:58,43.03,-0.01,2,8606,买盘
662,10:15:01,43.02,-0.01,113,486218,卖盘
663,10:15:04,43.02,0.0,1,4302,卖盘
664,10:15:07,43.02,0.0,3,12906,卖盘
665,10:15:10,43.03,0.01,8,34422,买盘
666,10:15:13,43.02,-0.01,36,154887,卖盘
667,10:15:16,43.03,0.01,15,64536,买盘
668,10:15:19,43.02,-0.01,12,51624,卖盘
669,10:15:22,43.02,0.0,22,94644,卖盘
670,10:15:25,43.02,0.0,1,4302,买盘
671,10:15:28,43.02,0.0,12,51624,买盘
672,10:15:31,43.0,-0.02,14,60203,卖盘
673,10:15:34,43.01,0.01,5,21505,买盘
674,10:15:37,43.02,0.01,2,8604,买盘
675,10:15:40,43.01,-0.01,2,8602,中性盘
676,10:15:43,43.02,0.01,4,17205,买盘
677,10:15:49,43.01,-0.01,2,8602,卖盘
678,10:15:52,43.01,0.0,4,17204,卖盘
679,10:15:58,43.02,0.01,2,8604,买盘
680,10:16:01,43.02,0.0,5,21510,买盘
681,10:16:04,43.01,-0.01,29,124729,卖盘
682,10:16:10,43.0,-0.01,1,4300,卖盘
683,10:16:15,43.01,0.01,5,21505,买盘
684,10:16:22,43.01,0.0,1,4301,买盘
685,10:16:25,43.0,-0.01,11,47300,卖盘
686,10:16:28,43.01,0.01,1,4301,买盘
687,10:16:37,43.01,0.0,10,43010,买盘
688,10:16:40,43.01,0.0,20,86019,买盘
689,10:16:46,43.02,0.01,14,60228,买盘
690,10:16:48,43.03,0.01,66,283998,买盘
691,10:16:55,43.03,0.0,2,8606,买盘
692,10:16:58,43.03,0.0,217,933751,买盘
693,10:17:00,43.03,0.0,71,305513,买盘
694,10:17:04,43.03,0.0,1,4303,卖盘
695,10:17:07,43.18,0.15,2,8636,买盘
696,10:17:10,43.2,0.02,1,4320,买盘
697,10:17:22,43.18,-0.02,1,4318,卖盘
698,10:17:25,43.2,0.02,9,38880,买盘
699,10:17:28,43.18,-0.02,30,129564,卖盘
700,10:17:31,43.18,0.0,3,12931,买盘
701,10:17:34,43.18,0.0,2,8636,买盘
702,10:17:37,43.18,0.0,30,129540,买盘
703,10:17:39,43.18,0.0,13,56134,买盘
704,10:17:46,43.05,-0.13,2,8622,卖盘
705,10:17:49,43.18,0.13,100,431778,买盘
706,10:17:52,43.2,0.02,20,86390,买盘
707,10:17:55,43.17,-0.03,4,17265,中性盘
708,10:17:58,43.06,-0.11,43,185158,卖盘
709,10:18:01,43.17,0.11,3,12951,买盘
710,10:18:10,43.17,0.0,1,4317,买盘
711,10:18:13,43.1,-0.07,1,4310,卖盘
712,10:18:16,43.17,0.07,5,21585,买盘
713,10:18:19,43.17,0.0,40,172680,买盘
714,10:18:22,43.17,0.0,3,12951,买盘
715,10:18:33,43.16,-0.01,10,43160,买盘
716,10:18:37,43.17,0.01,12,51801,买盘
717,10:18:49,43.17,0.0,10,43170,买盘
718,10:18:52,43.17,0.0,17,70324,买盘
719,10:18:55,43.16,-0.01,5,24648,卖盘
720,10:18:58,43.16,0.0,5,21580,买盘
721,10:19:01,43.16,0.0,2,8632,买盘
722,10:19:04,43.16,0.0,22,91888,买盘
723,10:19:07,43.18,0.02,11,47498,买盘
724,10:19:10,43.13,-0.05,34,149795,卖盘
725,10:19:13,43.13,0.0,3,12939,买盘
726,10:19:16,43.13,0.0,4,17252,买盘
727,10:19:18,43.13,0.0,36,155268,买盘
728,10:19:25,43.13,0.0,3,12939,买盘
729,10:19:31,43.13,0.0,18,77634,买盘
730,10:19:34,43.1,-0.03,13,56040,卖盘
731,10:19:37,43.1,0.0,1,4310,买盘
732,10:19:43,43.1,0.0,1,4310,买盘
733,10:19:46,43.07,-0.03,15,64632,卖盘
734,10:19:49,43.03,-0.04,93,400208,卖盘
735,10:19:52,43.13,0.1,23,99179,买盘
736,10:20:04,43.13,0.0,44,189772,买盘
737,10:20:19,43.13,0.0,1,4313,买盘
738,10:20:22,43.13,0.0,5,21565,买盘
739,10:20:34,43.09,-0.04,2,8622,卖盘
740,10:20:37,43.13,0.04,1,4313,买盘
741,10:20:40,43.09,-0.04,1,4309,卖盘
742,10:20:43,43.13,0.04,1,1251,卖盘
743,10:20:57,43.13,0.0,7,33253,卖盘
744,10:21:13,43.13,0.0,1,4313,买盘
745,10:21:19,43.1,-0.03,6,25860,卖盘
746,10:21:22,43.13,0.03,9,38817,买盘
747,10:21:25,43.13,0.0,2,8626,买盘
748,10:21:28,43.1,-0.03,10,43108,卖盘
749,10:21:33,43.13,0.03,4,17252,买盘
750,10:21:36,43.13,0.0,10,40068,买盘
751,10:21:40,43.13,0.0,20,86260,卖盘
752,10:21:43,43.2,0.07,21,90718,买盘
753,10:21:46,43.13,-0.07,25,107951,卖盘
754,10:21:52,43.19,0.06,2,8638,中性盘
755,10:21:54,43.28,0.09,33,142684,买盘
756,10:21:57,43.28,0.0,1,4328,买盘
757,10:22:01,43.29,0.01,5,21645,买盘
758,10:22:04,43.3,0.01,1,4330,买盘
759,10:22:07,43.19,-0.11,34,146880,卖盘
760,10:22:10,43.19,0.0,3,12957,买盘
761,10:22:13,43.3,0.11,5,21649,买盘
762,10:22:16,43.29,-0.01,1,4329,中性盘
763,10:22:19,43.35,0.06,30,130015,买盘
764,10:22:22,43.3,-0.05,1,4330,卖盘
765,10:22:31,43.2,-0.1,79,341385,卖盘
766,10:22:34,43.2,0.0,1,4320,买盘
767,10:22:37,43.35,0.15,24,103734,买盘
768,10:22:40,43.3,-0.05,16,69310,中性盘
769,10:22:46,43.3,0.0,33,142890,买盘
770,10:22:52,43.3,0.0,31,133930,买盘
771,10:22:55,43.3,0.0,4,17320,买盘
772,10:22:58,43.3,0.0,6,25980,买盘
773,10:23:10,43.25,-0.05,6,25954,卖盘
774,10:23:13,43.3,0.05,213,924426,买盘
775,10:23:15,43.3,0.0,1,4330,买盘
776,10:23:21,43.3,0.0,71,307430,买盘
777,10:23:24,43.3,0.0,115,497950,买盘
778,10:23:28,43.3,0.0,94,407000,买盘
779,10:23:34,43.46,0.16,13,56356,买盘
780,10:23:43,43.43,-0.03,1,4343,卖盘
781,10:23:46,43.48,0.05,10,43463,买盘
782,10:23:54,43.49,0.01,11,47832,买盘
783,10:24:01,43.49,0.0,1,4349,买盘
784,10:24:04,43.5,0.01,18,78291,买盘
785,10:24:07,43.5,0.0,6,26100,买盘
786,10:24:10,43.5,0.0,38,165300,买盘
787,10:24:12,43.5,0.0,20,87024,买盘
788,10:24:16,43.52,0.02,6,26108,买盘
789,10:24:19,43.51,-0.01,11,47851,中性盘
790,10:24:22,43.52,0.01,1,4352,买盘
791,10:24:25,43.52,0.0,12,52221,买盘
792,10:24:28,43.51,-0.01,4,17404,卖盘
793,10:24:31,43.52,0.01,31,134865,买盘
794,10:24:34,43.49,-0.03,8,34792,卖盘
795,10:24:37,43.51,0.02,38,165301,买盘
796,10:24:40,43.48,-0.03,3,13044,中性盘
797,10:24:43,43.48,0.0,1,4348,买盘
798,10:24:46,43.47,-0.01,25,108685,卖盘
799,10:24:49,43.46,-0.01,4,17384,卖盘
800,10:24:52,43.46,0.0,3,13040,卖盘
801,10:24:55,43.45,-0.01,12,52150,卖盘
802,10:24:58,43.4,-0.05,4,17360,买盘
803,10:25:01,43.4,0.0,1,4340,买盘
804,10:25:07,43.4,0.0,4,17360,买盘
805,10:25:13,43.38,-0.02,1,4338,中性盘
806,10:25:16,43.4,0.02,61,264696,买盘
807,10:25:19,43.4,0.0,10,43401,卖盘
808,10:25:25,43.4,0.0,100,434054,卖盘
809,10:25:27,43.4,0.0,3,13020,卖盘
810,10:25:31,43.4,0.0,5,21700,卖盘
811,10:25:37,43.41,0.01,22,95481,买盘
812,10:25:40,43.41,0.0,3,13023,买盘
813,10:25:43,43.4,-0.01,53,230027,卖盘
814,10:25:46,43.38,-0.02,1,4338,买盘
815,10:25:48,43.4,0.02,10,43394,买盘
816,10:26:01,43.39,-0.01,1,4339,买盘
817,10:26:07,43.35,-0.04,5,21675,卖盘
818,10:26:10,43.35,0.0,1,4335,买盘
819,10:26:13,43.35,0.0,6,26010,买盘
820,10:26:19,43.34,-0.01,2,8668,卖盘
821,10:26:22,43.35,0.01,23,99700,买盘
822,10:26:25,43.36,0.01,1,4336,中性盘
823,10:26:27,43.35,-0.01,12,52021,卖盘
824,10:26:31,43.35,0.0,1,4335,卖盘
825,10:26:34,43.35,0.0,36,156070,卖盘
826,10:26:37,43.35,0.0,2,8670,卖盘
827,10:26:40,43.4,0.05,21,91129,买盘
828,10:26:43,43.4,0.0,44,190960,卖盘
829,10:26:46,43.43,0.03,2,8683,买盘
830,10:26:49,43.4,-0.03,32,138880,卖盘
831,10:26:52,43.4,0.0,17,73780,卖盘
832,10:26:57,43.4,0.0,24,104160,卖盘
833,10:27:00,43.4,0.0,3,13020,买盘
834,10:27:04,43.4,0.0,1,4340,买盘
835,10:27:15,43.39,-0.01,8,34712,买盘
836,10:27:18,43.39,0.0,9,39051,买盘
837,10:27:25,43.36,-0.03,12,52033,卖盘
838,10:27:28,43.4,0.04,66,286432,买盘
839,10:27:34,43.4,0.0,3,13020,卖盘
840,10:27:37,43.42,0.02,111,481575,买盘
841,10:27:40,43.44,0.02,7,30401,买盘
842,10:27:49,43.44,0.0,17,73848,卖盘
843,10:27:52,43.4,-0.04,24,104232,卖盘
844,10:28:04,43.4,0.0,13,56420,买盘
845,10:28:13,43.4,0.0,9,39060,卖盘
846,10:28:22,43.43,0.03,1,4343,买盘
847,10:28:25,43.41,-0.02,17,73808,卖盘
848,10:28:28,43.41,0.0,12,52092,买盘
849,10:28:37,43.45,0.04,29,125958,买盘
850,10:28:40,43.48,0.03,41,178157,买盘
851,10:28:49,43.45,-0.03,1,4345,买盘
852,10:28:52,43.48,0.03,8,34784,买盘
853,10:28:55,43.42,-0.06,13,56458,卖盘
854,10:28:58,43.48,0.06,20,86960,买盘
855,10:29:01,43.43,-0.05,15,65152,卖盘
856,10:29:04,43.45,0.02,6,26070,卖盘
857,10:29:07,43.45,0.0,1,4345,买盘
858,10:29:13,43.45,0.0,6,26070,买盘
859,10:29:16,43.45,0.0,4,17380,卖盘
860,10:29:22,43.49,0.04,9,39141,买盘
861,10:29:25,43.49,0.0,10,43490,卖盘
862,10:29:28,43.48,-0.01,18,78268,卖盘
863,10:29:40,43.5,0.02,16,69580,买盘
864,10:29:46,43.5,0.0,5,21749,买盘
865,10:29:49,43.5,0.0,4,17400,买盘
866,10:29:55,43.48,-0.02,19,82644,卖盘
867,10:29:58,43.5,0.02,10,43500,卖盘
868,10:30:04,43.51,0.01,1,4351,买盘
869,10:30:07,43.5,-0.01,5,21750,卖盘
870,10:30:10,43.5,0.0,34,147907,卖盘
871,10:30:13,43.51,0.01,6,26106,买盘
872,10:30:16,43.51,0.0,4,17404,卖盘
873,10:30:18,43.51,0.0,33,143583,卖盘
874,10:30:22,43.51,0.0,18,78318,卖盘
875,10:30:25,43.5,-0.01,48,208813,卖盘
876,10:30:31,43.5,0.0,52,226208,卖盘
877,10:30:34,43.48,-0.02,31,134870,卖盘
878,10:30:37,43.5,0.02,7,30450,买盘
879,10:30:40,43.5,0.0,15,65250,买盘
880,10:30:43,43.48,-0.02,5,21740,卖盘
881,10:30:46,43.49,0.01,4,17390,买盘
882,10:30:49,43.47,-0.02,4,17388,卖盘
883,10:30:52,43.49,0.02,21,91319,买盘
884,10:30:58,43.46,-0.03,1,4346,卖盘
885,10:31:01,43.46,0.0,1,4346,卖盘
886,10:31:04,43.46,0.0,44,191246,卖盘
887,10:31:07,43.46,0.0,23,99971,卖盘
888,10:31:10,43.46,0.0,6,26076,卖盘
889,10:31:19,43.45,-0.01,3,13035,卖盘
890,10:31:22,43.42,-0.03,50,217220,卖盘
891,10:31:31,43.42,0.0,10,43420,卖盘
892,10:31:37,43.42,0.0,48,208416,卖盘
893,10:31:40,43.42,0.0,28,121576,卖盘
894,10:31:43,43.42,0.0,3,13026,买盘
895,10:31:51,43.4,-0.02,13,56429,卖盘
896,10:31:58,43.4,0.0,10,43400,卖盘
897,10:32:01,43.41,0.01,31,134571,买盘
898,10:32:04,43.4,-0.01,20,86803,卖盘
899,10:32:13,43.4,0.0,17,73780,卖盘
900,10:32:16,43.4,0.0,6,26040,卖盘
901,10:32:19,43.4,0.0,36,156294,买盘
902,10:32:25,43.4,0.0,3,13020,卖盘
903,10:32:30,43.4,0.0,49,212660,卖盘
904,10:32:34,43.4,0.0,4,17360,卖盘
905,10:32:52,43.4,0.0,14,60760,买盘
906,10:33:01,43.3,-0.1,50,216649,卖盘
907,10:33:16,43.3,0.0,10,43304,卖盘
908,10:33:31,43.35,0.05,4,17340,卖盘
909,10:33:40,43.35,0.0,117,507542,卖盘
910,10:33:43,43.35,0.0,10,43350,卖盘
911,10:33:52,43.35,0.0,5,21675,卖盘
912,10:33:55,43.35,0.0,20,86700,卖盘
913,10:33:58,43.35,0.0,8,34680,卖盘
914,10:34:01,43.35,0.0,8,34680,卖盘
915,10:34:04,43.35,0.0,5,21675,买盘
916,10:34:07,43.31,-0.04,3,12993,卖盘
917,10:34:19,43.3,-0.01,31,134231,卖盘
918,10:34:22,43.3,0.0,1,4330,卖盘
919,10:34:28,43.3,0.0,2,8660,卖盘
920,10:34:34,43.3,0.0,7,30310,卖盘
921,10:34:36,43.34,0.04,8,34668,买盘
922,10:34:43,43.3,-0.04,14,60620,卖盘
923,10:34:49,43.3,0.0,21,90930,卖盘
924,10:35:24,43.3,0.0,5,21650,卖盘
925,10:35:43,43.2,-0.1,4,17280,中性盘
926,10:36:22,43.22,0.02,4,17288,中性盘
927,10:36:31,43.21,-0.01,5,21609,卖盘
928,10:36:40,43.22,0.01,1,4322,中性盘
929,10:36:46,43.22,0.0,1,4322,买盘
930,10:36:49,43.22,0.0,8,34576,买盘
931,10:36:55,43.22,0.0,6,25932,卖盘
932,10:37:01,43.22,0.0,2,8644,卖盘
933,10:37:07,43.2,-0.02,30,129651,卖盘
934,10:37:22,43.2,0.0,2,8640,卖盘
935,10:37:31,43.2,0.0,10,43200,卖盘
936,10:37:34,43.2,0.0,30,129600,买盘
937,10:37:43,43.2,0.0,15,64798,买盘
938,10:37:49,43.2,0.0,5,21600,买盘
939,10:37:52,43.2,0.0,22,95040,买盘
940,10:37:55,43.2,0.0,26,112315,买盘
941,10:37:57,43.2,0.0,153,660960,买盘
942,10:38:01,43.27,0.07,1,4327,买盘
943,10:38:04,43.21,-0.06,5,21605,卖盘
944,10:38:07,43.29,0.08,6,25974,买盘
945,10:38:13,43.3,0.01,2,8660,买盘
946,10:38:15,43.31,0.01,1,4331,买盘
947,10:38:18,43.31,0.0,1,4331,买盘
948,10:38:21,43.33,0.02,1,4333,中性盘
949,10:38:27,43.32,-0.01,1,4332,买盘
950,10:38:31,43.3,-0.02,1,4330,买盘
951,10:38:34,43.3,0.0,8,34640,买盘
952,10:38:40,43.29,-0.01,1,4329,买盘
953,10:38:43,43.22,-0.07,3,12968,卖盘
954,10:38:46,43.22,0.0,1,4322,买盘
955,10:38:49,43.29,0.07,3,12973,买盘
956,10:38:51,43.28,-0.01,1,4328,中性盘
957,10:38:55,43.29,0.01,3,12987,买盘
958,10:39:04,43.3,0.01,372,1610772,买盘
959,10:39:10,43.4,0.1,48,208266,买盘
960,10:39:13,43.4,0.0,25,108500,买盘
961,10:39:15,43.4,0.0,8,34720,买盘
962,10:39:19,43.4,0.0,5,21700,买盘
963,10:39:22,43.4,0.0,10,43400,买盘
964,10:39:28,43.42,0.02,2,8684,买盘
965,10:39:31,43.45,0.03,8,34753,买盘
966,10:39:34,43.42,-0.03,1,4342,卖盘
967,10:39:37,43.42,0.0,2,8684,卖盘
968,10:39:45,43.42,0.0,5,21710,卖盘
969,10:39:48,43.45,0.03,26,112968,买盘
970,10:39:55,43.45,0.0,2,8690,卖盘
971,10:39:58,43.46,0.01,21,91266,买盘
972,10:40:01,43.46,0.0,26,112996,卖盘
973,10:40:04,43.46,0.0,27,117342,卖盘
974,10:40:06,43.46,0.0,51,221646,卖盘
975,10:40:13,43.45,-0.01,19,82600,卖盘
976,10:40:19,43.44,-0.01,26,112975,卖盘
977,10:40:22,43.42,-0.02,13,56479,卖盘
978,10:40:25,43.4,-0.02,67,290798,卖盘
979,10:40:28,43.49,0.09,89,386984,买盘
980,10:40:31,43.49,0.0,13,56537,卖盘
981,10:40:33,43.48,-0.01,4,17393,卖盘
982,10:40:36,43.4,-0.08,2,8680,卖盘
983,10:40:39,43.5,0.1,200,869511,买盘
984,10:40:43,43.49,-0.01,10,43490,买盘
985,10:40:52,43.49,0.0,4,17387,买盘
986,10:41:10,43.4,-0.09,2,8680,买盘
987,10:41:16,43.4,0.0,4,17360,买盘
988,10:41:22,43.47,0.07,3,13041,买盘
989,10:41:40,43.46,-0.01,10,43456,买盘
990,10:41:54,43.45,-0.01,43,186710,买盘
991,10:42:07,43.4,-0.05,2,8680,买盘
992,10:42:13,43.41,0.01,4,17364,卖盘
993,10:42:25,43.42,0.01,7,30400,中性盘
994,10:42:33,43.44,0.02,8,34752,买盘
995,10:42:36,43.42,-0.02,1,4342,卖盘
996,10:42:46,43.41,-0.01,7,30387,卖盘
997,10:43:09,43.4,-0.01,8,34720,买盘
998,10:43:13,43.4,0.0,11,47740,卖盘
999,10:43:19,43.4,0.0,1,4340,卖盘
1000,10:43:22,43.4,0.0,9,39060,卖盘
1001,10:43:25,43.41,0.01,1,4341,买盘
1002,10:43:34,43.4,-0.01,1,4340,卖盘
1003,10:44:04,43.4,0.0,2,8680,买盘
1004,10:44:16,43.39,-0.01,2,8678,卖盘
1005,10:44:22,43.38,-0.01,2,8677,卖盘
1006,10:44:28,43.39,0.01,1,4339,买盘
1007,10:45:10,43.39,0.0,12,52068,买盘
1008,10:45:13,43.39,0.0,4,17353,买盘
1009,10:45:19,43.39,0.0,1,4339,买盘
1010,10:45:22,43.4,0.01,25,108499,买盘
1011,10:45:40,43.39,-0.01,3,13018,卖盘
1012,10:45:58,43.39,0.0,1,4339,卖盘
1013,10:46:15,43.35,-0.04,10,43354,卖盘
1014,10:46:24,43.4,0.05,2,8680,买盘
1015,10:46:34,43.35,-0.05,4,17340,卖盘
1016,10:46:40,43.39,0.04,9,39027,买盘
1017,10:47:04,43.39,0.0,10,43390,卖盘
1018,10:47:28,43.35,-0.04,1,4335,卖盘
1019,10:47:42,43.34,-0.01,8,34673,卖盘
1020,10:47:49,43.34,0.0,1,4334,买盘
1021,10:47:52,43.34,0.0,1,4334,买盘
1022,10:47:55,43.39,0.05,2,8678,买盘
1023,10:48:04,43.39,0.0,4,17356,买盘
1024,10:48:28,43.39,0.0,10,43390,买盘
1025,10:48:31,43.39,0.0,6,26034,买盘
1026,10:48:33,43.39,0.0,20,86780,买盘
1027,10:48:37,43.39,0.0,7,30373,买盘
1028,10:48:43,43.39,0.0,2,8678,卖盘
1029,10:48:49,43.41,0.02,123,533905,买盘
1030,10:48:52,43.41,0.0,23,99861,卖盘
1031,10:48:58,43.44,0.03,20,86880,买盘
1032,10:49:00,43.42,-0.02,41,178112,卖盘
1033,10:49:04,43.43,0.01,2,8686,买盘
1034,10:49:07,43.49,0.06,100,434738,买盘
1035,10:49:22,43.49,0.0,36,156564,买盘
1036,10:49:24,43.49,0.0,5,21745,卖盘
1037,10:49:27,43.49,0.0,6,26094,卖盘
1038,10:49:31,43.49,0.0,50,217450,买盘
1039,10:49:34,43.49,0.0,5,21745,买盘
1040,10:49:37,43.49,0.0,6,26094,买盘
1041,10:49:40,43.49,0.0,9,39141,买盘
1042,10:49:43,43.49,0.0,2,8698,买盘
1043,10:49:48,43.47,-0.02,10,43482,卖盘
1044,10:49:52,43.5,0.03,27,117450,买盘
1045,10:49:55,43.5,0.0,31,134845,买盘
1046,10:49:58,43.56,0.06,165,717855,买盘
1047,10:50:01,43.53,-0.03,2,8706,卖盘
1048,10:50:04,43.57,0.04,85,370265,买盘
1049,10:50:07,43.6,0.03,36,156955,买盘
1050,10:50:10,43.65,0.05,58,252905,买盘
1051,10:50:13,43.65,0.0,11,48015,买盘
1052,10:50:16,43.66,0.01,40,174635,买盘
1053,10:50:22,43.7,0.04,16,69889,买盘
1054,10:50:25,43.68,-0.02,18,78635,卖盘
1055,10:50:27,43.7,0.02,29,126708,买盘
1056,10:50:31,43.7,0.0,3,13108,买盘
1057,10:50:34,43.7,0.0,8,34956,买盘
1058,10:50:37,43.7,0.0,93,406409,买盘
1059,10:50:40,43.7,0.0,7,30590,卖盘
1060,10:50:43,43.74,0.04,37,161724,买盘
1061,10:50:46,43.74,0.0,18,78720,卖盘
1062,10:50:48,43.74,0.0,16,69994,卖盘
1063,10:50:52,43.74,0.0,4,17498,买盘
1064,10:50:58,43.75,0.01,66,288713,买盘
1065,10:51:01,43.74,-0.01,2,8748,买盘
1066,10:51:04,43.74,0.0,12,52488,卖盘
1067,10:51:07,43.75,0.01,104,454987,买盘
1068,10:51:10,43.75,0.0,13,56875,卖盘
1069,10:51:13,43.75,0.0,6,26250,卖盘
1070,10:51:15,43.75,0.0,19,83125,卖盘
1071,10:51:18,43.78,0.03,40,175051,买盘
1072,10:51:21,43.74,-0.04,1,4374,卖盘
1073,10:51:25,43.74,0.0,25,109359,卖盘
1074,10:51:28,43.72,-0.02,37,161808,卖盘
1075,10:51:31,43.72,0.0,30,131164,卖盘
1076,10:51:34,43.71,-0.01,38,166152,卖盘
1077,10:51:39,43.7,-0.01,75,327911,卖盘
1078,10:51:43,43.7,0.0,1,4370,卖盘
1079,10:51:45,43.7,0.0,5,21850,卖盘
1080,10:51:49,43.7,0.0,29,126730,卖盘
1081,10:51:52,43.72,0.02,15,65555,买盘
1082,10:51:54,43.7,-0.02,3,13110,中性盘
1083,10:51:57,43.69,-0.01,3,13107,卖盘
1084,10:52:04,43.7,0.01,47,205350,买盘
1085,10:52:10,43.7,0.0,19,83030,卖盘
1086,10:52:13,43.68,-0.02,2,8736,卖盘
1087,10:52:16,43.7,0.02,8,34960,买盘
1088,10:52:19,43.7,0.0,2,8740,卖盘
1089,10:52:22,43.7,0.0,1,4370,卖盘
1090,10:52:24,43.7,0.0,14,61180,卖盘
1091,10:52:27,43.7,0.0,3,13110,卖盘
1092,10:52:31,43.7,0.0,5,21850,卖盘
1093,10:52:34,43.7,0.0,6,26220,卖盘
1094,10:52:39,43.68,-0.02,40,174780,卖盘
1095,10:52:43,43.7,0.02,7,30590,买盘
1096,10:52:46,43.7,0.0,77,336436,买盘
1097,10:52:52,43.68,-0.02,2,8736,卖盘
1098,10:52:55,43.68,0.0,4,17472,卖盘
1099,10:53:04,43.69,0.01,2,8738,买盘
1100,10:53:07,43.69,0.0,3,13107,卖盘
1101,10:53:10,43.68,-0.01,9,39317,卖盘
1102,10:53:13,43.68,0.0,9,39312,卖盘
1103,10:53:16,43.68,0.0,21,91728,卖盘
1104,10:53:19,43.68,0.0,10,43680,买盘
1105,10:53:31,43.65,-0.03,1,4365,卖盘
1106,10:53:36,43.65,0.0,3,13095,卖盘
1107,10:53:43,43.65,0.0,1,4365,卖盘
1108,10:53:46,43.58,-0.07,8,34883,卖盘
1109,10:53:49,43.65,0.07,3,13095,中性盘
1110,10:53:54,43.56,-0.09,1,4356,卖盘
1111,10:53:58,43.64,0.08,2,8728,买盘
1112,10:54:01,43.56,-0.08,4,17424,卖盘
1113,10:54:04,43.57,0.01,3,13071,中性盘
1114,10:54:07,43.64,0.07,5,21820,买盘
1115,10:54:13,43.64,0.0,3,13092,卖盘
1116,10:54:15,43.64,0.0,1,4364,卖盘
1117,10:54:19,43.64,0.0,2,8728,卖盘
1118,10:54:22,43.64,0.0,2,8728,卖盘
1119,10:54:25,43.65,0.01,8,34916,买盘
1120,10:54:31,43.65,0.0,3,13095,卖盘
1121,10:54:46,43.56,-0.09,5,21782,卖盘
1122,10:54:49,43.64,0.08,6,26184,买盘
1123,10:54:52,43.64,0.0,1,4364,卖盘
1124,10:54:58,43.68,0.04,45,196536,买盘
1125,10:55:01,43.64,-0.04,5,21820,卖盘
1126,10:55:13,43.65,0.01,32,139673,买盘
1127,10:55:22,43.65,0.0,2,8730,卖盘
1128,10:55:31,43.65,0.0,16,69840,卖盘
1129,10:55:37,43.64,-0.01,8,34918,中性盘
1130,10:55:57,43.65,0.01,50,218219,买盘
1131,10:56:09,43.64,-0.01,6,26179,买盘
1132,10:57:01,43.63,-0.01,5,21815,卖盘
1133,10:57:07,43.6,-0.03,1,4360,卖盘
1134,10:57:22,43.63,0.03,2,8726,买盘
1135,10:57:24,43.6,-0.03,1,4360,卖盘
1136,10:57:39,43.6,0.0,3,13081,卖盘
1137,10:57:43,43.62,0.02,14,61044,买盘
1138,10:57:49,43.63,0.01,30,130878,买盘
1139,10:57:54,43.6,-0.03,7,30521,卖盘
1140,10:58:04,43.59,-0.01,26,113354,卖盘
1141,10:58:07,43.62,0.03,10,43609,买盘
1142,10:58:21,43.6,-0.02,2,8720,卖盘
1143,10:58:24,43.6,0.0,6,26160,卖盘
1144,10:58:27,43.6,0.0,19,82840,卖盘
1145,10:58:31,43.6,0.0,1,4360,卖盘
1146,10:58:34,43.6,0.0,9,39240,卖盘
1147,10:58:39,43.59,-0.01,4,17436,卖盘
1148,10:58:43,43.58,-0.01,17,74086,卖盘
1149,10:58:52,43.58,0.0,3,13074,卖盘
1150,10:58:54,43.59,0.01,9,39231,买盘
1151,10:59:01,43.58,-0.01,18,78456,卖盘
1152,10:59:07,43.59,0.01,1,4359,卖盘
1153,10:59:13,43.59,0.0,1,4359,卖盘
1154,10:59:19,43.59,0.0,7,30513,卖盘
1155,10:59:28,43.57,-0.02,19,82799,卖盘
1156,10:59:49,43.57,0.0,8,34856,买盘
1157,11:00:21,43.53,-0.04,2,8706,卖盘
1158,11:00:39,43.55,0.02,11,47885,买盘
1159,11:00:43,43.55,0.0,2,8710,买盘
1160,11:00:46,43.53,-0.02,2,8706,买盘
1161,11:00:52,43.52,-0.01,3,13057,卖盘
1162,11:01:24,43.57,0.05,16,69704,买盘
1163,11:01:31,43.55,-0.02,9,39196,卖盘
1164,11:01:34,43.57,0.02,1,4357,买盘
1165,11:01:49,43.57,0.0,3,13071,买盘
1166,11:02:03,43.58,0.01,11,47938,买盘
1167,11:02:21,43.59,0.01,1,4359,买盘
1168,11:02:24,43.59,0.0,10,43590,买盘
1169,11:02:27,43.59,0.0,5,21795,买盘
1170,11:02:31,43.59,0.0,6,26151,买盘
1171,11:02:39,43.58,-0.01,3,13074,卖盘
1172,11:02:46,43.59,0.01,5,21795,买盘
1173,11:02:49,43.59,0.0,4,17436,买盘
1174,11:02:51,43.58,-0.01,10,43582,卖盘
1175,11:03:01,43.59,0.01,2,8718,中性盘
1176,11:03:06,43.59,0.0,3,13077,卖盘
1177,11:03:09,43.59,0.0,11,47949,卖盘
1178,11:03:13,43.59,0.0,2,8718,卖盘
1179,11:03:25,43.59,0.0,6,26154,买盘
1180,11:03:31,43.59,0.0,1,4359,卖盘
1181,11:03:37,43.58,-0.01,1,4358,卖盘
1182,11:03:40,43.58,0.0,3,13074,卖盘
1183,11:03:49,43.58,0.0,8,34864,卖盘
1184,11:03:58,43.58,0.0,10,43581,卖盘
1185,11:04:13,43.58,0.0,3,13074,买盘
1186,11:04:16,43.57,-0.01,5,21786,卖盘
1187,11:04:19,43.57,0.0,4,17431,卖盘
1188,11:04:34,43.58,0.01,17,74086,买盘
1189,11:04:37,43.58,0.0,14,61012,卖盘
1190,11:04:40,43.59,0.01,12,52308,买盘
1191,11:04:49,43.58,-0.01,15,65372,卖盘
1192,11:04:57,43.58,0.0,5,21790,卖盘
1193,11:05:01,43.58,0.0,1,4358,卖盘
1194,11:05:07,43.59,0.01,5,21795,买盘
1195,11:05:15,43.59,0.0,1,4359,买盘
1196,11:05:24,43.58,-0.01,1,4358,卖盘
1197,11:05:31,43.58,0.0,10,43580,卖盘
1198,11:05:39,43.58,0.0,26,113308,卖盘
1199,11:05:46,43.58,0.0,1,4358,卖盘
1200,11:05:48,43.58,0.0,1,4358,中性盘
1201,11:05:51,43.57,-0.01,15,65355,卖盘
1202,11:05:58,43.56,-0.01,31,135036,卖盘
1203,11:06:04,43.55,-0.01,42,182931,卖盘
1204,11:06:15,43.55,0.0,1,4355,卖盘
1205,11:06:21,43.55,0.0,4,17420,卖盘
1206,11:06:28,43.55,0.0,2,8710,卖盘
1207,11:06:33,43.55,0.0,35,152425,卖盘
1208,11:06:46,43.53,-0.02,2,8706,卖盘
1209,11:06:52,43.53,0.0,4,17412,买盘
1210,11:06:57,43.51,-0.02,2,8703,卖盘
1211,11:07:04,43.54,0.03,1,4354,买盘
1212,11:07:07,43.51,-0.03,20,87023,卖盘
1213,11:07:19,43.51,0.0,9,39159,卖盘
1214,11:07:28,43.51,0.0,10,43510,买盘
1215,11:07:34,43.5,-0.01,5,21750,卖盘
1216,11:07:37,43.5,0.0,3,13050,卖盘
1217,11:07:39,43.5,0.0,11,47850,卖盘
1218,11:07:46,43.5,0.0,6,26100,卖盘
1219,11:07:48,43.5,0.0,6,26100,卖盘
1220,11:07:52,43.53,0.03,11,47875,买盘
1221,11:07:55,43.51,-0.02,1,4351,中性盘
1222,11:07:58,43.5,-0.01,4,17401,卖盘
1223,11:08:01,43.5,0.0,27,117450,卖盘
1224,11:08:06,43.5,0.0,57,247950,卖盘
1225,11:08:12,43.5,0.0,19,82650,卖盘
1226,11:08:18,43.5,0.0,9,39150,卖盘
1227,11:08:22,43.5,0.0,2,8700,卖盘
1228,11:08:25,43.5,0.0,10,43500,卖盘
1229,11:08:42,43.47,-0.03,1,4347,卖盘
1230,11:09:19,43.47,0.0,1,4347,卖盘
1231,11:09:22,43.47,0.0,5,21735,中性盘
1232,11:09:34,43.45,-0.02,6,26070,卖盘
1233,11:09:40,43.45,0.0,2,8690,卖盘
1234,11:09:52,43.4,-0.05,30,130233,卖盘
1235,11:09:58,43.4,0.0,11,47740,卖盘
1236,11:10:01,43.39,-0.01,15,65085,卖盘
1237,11:10:16,43.39,0.0,1,4339,买盘
1238,11:10:19,43.34,-0.05,10,43385,卖盘
1239,11:10:34,43.31,-0.03,1,4331,卖盘
1240,11:10:39,43.3,-0.01,13,56309,卖盘
1241,11:11:04,43.3,0.0,1,4330,卖盘
1242,11:11:06,43.3,0.0,3,12990,卖盘
1243,11:11:09,43.3,0.0,1,4330,买盘
1244,11:11:12,43.31,0.01,11,47640,买盘
1245,11:11:21,43.31,0.0,2,8662,买盘
1246,11:11:30,43.31,0.0,7,30317,卖盘
1247,11:11:36,43.33,0.02,6,25998,买盘
1248,11:11:46,43.33,0.0,1,4333,买盘
1249,11:12:09,43.37,0.04,1,4337,买盘
1250,11:12:31,43.33,-0.04,29,125657,卖盘
1251,11:12:34,43.33,0.0,6,25998,买盘
1252,11:12:37,43.37,0.04,96,415996,买盘
1253,11:12:51,43.39,0.02,3,13017,买盘
1254,11:13:04,43.39,0.0,5,21695,买盘
1255,11:13:07,43.4,0.01,17,73769,买盘
1256,11:13:10,43.4,0.0,12,52078,买盘
1257,11:13:16,43.4,0.0,6,26040,买盘
1258,11:13:19,43.4,0.0,1,4340,卖盘
1259,11:13:22,43.4,0.0,1,4340,卖盘
1260,11:13:37,43.39,-0.01,6,26036,卖盘
1261,11:13:40,43.39,0.0,4,17356,卖盘
1262,11:13:43,43.43,0.04,21,91146,买盘
1263,11:13:46,43.39,-0.04,20,86812,卖盘
1264,11:13:52,43.39,0.0,17,73763,卖盘
1265,11:13:55,43.39,0.0,3,13018,卖盘
1266,11:13:58,43.38,-0.01,5,21691,卖盘
1267,11:14:01,43.38,0.0,1,4338,卖盘
1268,11:14:07,43.37,-0.01,17,73729,卖盘
1269,11:14:13,43.37,0.0,10,43370,卖盘
1270,11:14:19,43.39,0.02,2,8678,买盘
1271,11:14:27,43.38,-0.01,1,4338,卖盘
1272,11:14:33,43.37,-0.01,20,86747,卖盘
1273,11:14:40,43.37,0.0,16,69392,卖盘
1274,11:14:46,43.39,0.02,8,34712,买盘
1275,11:14:55,43.39,0.0,1,4339,卖盘
1276,11:14:58,43.39,0.0,1,4339,卖盘
1277,11:15:04,43.4,0.01,5,21700,买盘
1278,11:15:13,43.44,0.04,8,34752,买盘
1279,11:15:19,43.4,-0.04,195,846300,卖盘
1280,11:15:22,43.4,0.0,2,8680,卖盘
1281,11:15:25,43.4,0.0,1,4340,卖盘
1282,11:15:28,43.45,0.05,146,634352,买盘
1283,11:15:31,43.4,-0.05,40,173600,卖盘
1284,11:15:34,43.4,0.0,1,4340,买盘
1285,11:15:40,43.39,-0.01,2,8678,卖盘
1286,11:15:58,43.37,-0.02,7,30359,卖盘
1287,11:16:13,43.39,0.02,21,91109,买盘
1288,11:16:18,43.39,0.0,16,69424,卖盘
1289,11:16:22,43.45,0.06,10,43450,买盘
1290,11:16:25,43.45,0.0,14,60776,买盘
1291,11:16:28,43.45,0.0,17,73865,买盘
1292,11:16:31,43.45,0.0,3,13035,买盘
1293,11:16:34,43.4,-0.05,10,43428,卖盘
1294,11:16:36,43.45,0.05,7,30415,买盘
1295,11:16:43,43.45,0.0,1,4345,买盘
1296,11:16:49,43.45,0.0,1,4345,买盘
1297,11:16:55,43.45,0.0,1,4345,买盘
1298,11:16:57,43.45,0.0,5,21725,买盘
1299,11:17:04,43.42,-0.03,5,21713,卖盘
1300,11:17:07,43.42,0.0,5,21710,买盘
1301,11:17:13,43.42,0.0,1,4342,买盘
1302,11:17:16,43.42,0.0,9,39078,买盘
1303,11:17:25,43.47,0.05,1,4347,买盘
1304,11:17:27,43.45,-0.02,1,4345,中性盘
1305,11:17:31,43.45,0.0,1,4345,买盘
1306,11:17:34,43.45,0.0,2,8690,买盘
1307,11:17:37,43.45,0.0,1,4345,买盘
1308,11:17:40,43.45,0.0,3,13035,买盘
1309,11:17:43,43.47,0.02,6,26080,买盘
1310,11:17:48,43.47,0.0,2,8694,买盘
1311,11:17:51,43.49,0.02,3,13045,买盘
1312,11:17:55,43.5,0.01,1,4350,买盘
1313,11:17:58,43.5,0.0,1,4350,买盘
1314,11:18:04,43.5,0.0,4,17400,卖盘
1315,11:18:07,43.5,0.0,1,4350,卖盘
1316,11:18:13,43.52,0.02,1,4352,买盘
1317,11:18:15,43.54,0.02,1,4354,买盘
1318,11:18:24,43.5,-0.04,3,13050,买盘
1319,11:18:27,43.5,0.0,121,526350,买盘
1320,11:18:30,43.54,0.04,3,13062,买盘
1321,11:18:34,43.54,0.0,1,4354,买盘
1322,11:18:37,43.54,0.0,1,4354,买盘
1323,11:18:40,43.55,0.01,6,26126,买盘
1324,11:18:43,43.55,0.0,1,4355,买盘
1325,11:18:46,43.55,0.0,1,4355,买盘
1326,11:18:49,43.55,0.0,1,4355,买盘
1327,11:18:52,43.55,0.0,10,43550,买盘
1328,11:18:58,43.55,0.0,2,8710,卖盘
1329,11:19:10,43.54,-0.01,1,4354,买盘
1330,11:19:16,43.48,-0.06,1,4348,卖盘
1331,11:19:21,43.55,0.07,13,56610,买盘
1332,11:19:24,43.55,0.0,3,13065,卖盘
1333,11:19:30,43.55,0.0,18,78390,卖盘
1334,11:19:33,43.55,0.0,7,30485,卖盘
1335,11:19:37,43.55,0.0,64,278933,卖盘
1336,11:19:40,43.55,0.0,5,21775,卖盘
1337,11:19:43,43.56,0.01,1,4356,中性盘
1338,11:19:49,43.55,-0.01,12,52264,卖盘
1339,11:19:52,43.6,0.05,23,100276,买盘
1340,11:20:12,43.49,-0.11,8,34792,卖盘
1341,11:20:19,43.49,0.0,20,86980,买盘
1342,11:20:37,43.48,-0.01,20,86960,卖盘
1343,11:20:43,43.49,0.01,2,8698,买盘
1344,11:20:49,43.49,0.0,1,4349,买盘
1345,11:20:54,43.48,-0.01,21,91308,卖盘
1346,11:21:16,43.48,0.0,80,347840,卖盘
1347,11:21:30,43.43,-0.05,5,21715,卖盘
1348,11:21:39,43.43,0.0,1,4343,卖盘
1349,11:21:58,43.42,-0.01,1,4342,卖盘
1350,11:22:00,43.42,0.0,25,108550,卖盘
1351,11:22:34,43.4,-0.02,5,21700,卖盘
1352,11:22:39,43.4,0.0,2,8680,买盘
1353,11:22:43,43.4,0.0,1,4340,卖盘
1354,11:22:58,43.38,-0.02,22,95436,卖盘
1355,11:23:06,43.37,-0.01,68,294916,卖盘
1356,11:23:16,43.37,0.0,10,43370,卖盘
1357,11:23:19,43.37,0.0,16,69392,卖盘
1358,11:23:22,43.37,0.0,5,21685,卖盘
1359,11:23:31,43.37,0.0,42,182154,卖盘
1360,11:23:33,43.36,-0.01,2,8672,买盘
1361,11:23:55,43.37,0.01,10,43338,买盘
1362,11:23:57,43.38,0.01,13,56381,买盘
1363,11:24:01,43.38,0.0,4,17352,买盘
1364,11:24:04,43.33,-0.05,108,468292,卖盘
1365,11:24:06,43.38,0.05,18,78084,买盘
1366,11:24:10,43.38,0.0,66,286305,买盘
1367,11:24:16,43.39,0.01,1,4339,买盘
1368,11:24:24,43.38,-0.01,5,21690,卖盘
1369,11:24:31,43.4,0.02,4,17360,买盘
1370,11:24:46,43.42,0.02,3,13026,买盘
1371,11:24:49,43.42,0.0,1,4342,买盘
1372,11:24:54,43.42,0.0,14,60788,买盘
1373,11:24:57,43.42,0.0,6,26052,买盘
1374,11:25:07,43.42,0.0,6,26052,买盘
1375,11:25:28,43.42,0.0,3,13026,买盘
1376,11:25:36,43.42,0.0,10,43420,买盘
1377,11:25:48,43.4,-0.02,15,65100,卖盘
1378,11:25:52,43.41,0.01,1,4341,买盘
1379,11:25:55,43.42,0.01,60,260519,买盘
1380,11:26:01,43.4,-0.02,30,130205,卖盘
1381,11:26:19,43.45,0.05,14,60830,买盘
1382,11:26:34,43.44,-0.01,60,260640,买盘
1383,11:26:57,43.4,-0.04,11,47746,卖盘
1384,11:27:04,43.4,0.0,5,21700,买盘
1385,11:27:07,43.38,-0.02,7,30366,卖盘
1386,11:27:27,43.35,-0.03,10,43350,卖盘
1387,11:27:30,43.37,0.02,1,4337,买盘
1388,11:27:36,43.32,-0.05,47,203606,卖盘
1389,11:27:43,43.3,-0.02,8,34643,卖盘
1390,11:27:49,43.3,0.0,2,8660,买盘
1391,11:28:00,43.3,0.0,42,181860,买盘
1392,11:28:10,43.3,0.0,9,38970,卖盘
1393,11:28:12,43.32,0.02,1,4332,买盘
1394,11:28:16,43.3,-0.02,2,8660,卖盘
1395,11:28:19,43.26,-0.04,30,129892,卖盘
1396,11:28:25,43.32,0.06,10,43320,卖盘
1397,11:28:43,43.3,-0.02,1,4330,买盘
1398,11:28:45,43.28,-0.02,5,21640,卖盘
1399,11:28:58,43.3,0.02,3,12990,卖盘
1400,11:29:06,43.3,0.0,11,47630,卖盘
1401,11:29:13,43.28,-0.02,3,12986,卖盘
1402,11:29:54,43.36,0.08,1,4336,买盘
1403,13:00:04,43.36,0.0,1,4336,卖盘
1404,13:00:07,43.35,-0.01,21,91063,卖盘
1405,13:00:09,43.35,0.0,14,60645,买盘
1406,13:00:30,43.32,-0.03,2,8664,卖盘
1407,13:00:42,43.32,0.0,18,77948,买盘
1408,13:01:04,43.28,-0.04,11,47608,卖盘
1409,13:01:15,43.28,0.0,6,25968,卖盘
1410,13:01:18,43.28,0.0,10,43280,卖盘
1411,13:01:21,43.28,0.0,2,8656,卖盘
1412,13:01:27,43.3,0.02,1,4330,买盘
1413,13:01:31,43.28,-0.02,3,12984,卖盘
1414,13:01:46,43.28,0.0,2,8656,买盘
1415,13:01:57,43.28,0.0,14,60570,买盘
1416,13:02:04,43.28,0.0,2,8656,买盘
1417,13:02:07,43.28,0.0,2,8656,买盘
1418,13:02:18,43.28,0.0,1,4328,卖盘
1419,13:02:25,43.28,0.0,9,38952,卖盘
1420,13:02:30,43.28,0.0,1,4328,买盘
1421,13:02:39,43.28,0.0,2,8656,卖盘
1422,13:03:00,43.28,0.0,1,4328,买盘
1423,13:03:22,43.28,0.0,5,21640,买盘
1424,13:03:25,43.27,-0.01,5,21635,卖盘
1425,13:03:30,43.27,0.0,2,8654,买盘
1426,13:03:36,43.27,0.0,3,12981,买盘
1427,13:03:42,43.28,0.01,4,17312,买盘
1428,13:03:46,43.28,0.0,3,12984,买盘
1429,13:04:09,43.36,0.08,1,4336,买盘
1430,13:04:52,43.35,-0.01,1,4335,中性盘
1431,13:05:46,43.35,0.0,4,17340,买盘
1432,13:06:42,43.29,-0.06,4,17316,卖盘
1433,13:06:52,43.3,0.01,2,8660,买盘
1434,13:06:57,43.3,0.0,3,12990,买盘
1435,13:07:00,43.29,-0.01,1,4329,卖盘
1436,13:07:09,43.29,0.0,3,12987,卖盘
1437,13:07:12,43.29,0.0,1,4329,买盘
1438,13:07:27,43.28,-0.01,9,38954,卖盘
1439,13:08:01,43.29,0.01,4,17316,买盘
1440,13:08:07,43.29,0.0,9,38961,卖盘
1441,13:08:46,43.29,0.0,10,43292,卖盘
1442,13:08:55,43.3,0.01,5,21650,卖盘
1443,13:08:57,43.3,0.0,1,4330,买盘
1444,13:09:15,43.31,0.01,1,4331,卖盘
1445,13:09:21,43.34,0.03,1,4334,买盘
1446,13:09:24,43.31,-0.03,4,17326,卖盘
1447,13:09:31,43.31,0.0,1,4331,卖盘
1448,13:09:37,43.3,-0.01,1,4330,卖盘
1449,13:10:01,43.3,0.0,1,4330,卖盘
1450,13:10:16,43.34,0.04,7,30326,买盘
1451,13:10:19,43.3,-0.04,10,43300,卖盘
1452,13:10:25,43.3,0.0,3,12990,卖盘
1453,13:10:39,43.29,-0.01,3,12987,卖盘
1454,13:10:57,43.29,0.0,5,21645,买盘
1455,13:11:10,43.28,-0.01,3,12986,卖盘
1456,13:11:18,43.28,0.0,5,21640,卖盘
1457,13:11:22,43.28,0.0,5,21640,卖盘
1458,13:11:25,43.28,0.0,1,4328,卖盘
1459,13:11:28,43.25,-0.03,13,56244,卖盘
1460,13:11:49,43.25,0.0,2,8650,卖盘
1461,13:11:58,43.25,0.0,23,99475,卖盘
1462,13:12:04,43.3,0.05,1,4330,买盘
1463,13:12:15,43.25,-0.05,6,25954,卖盘
1464,13:12:45,43.25,0.0,3,12975,卖盘
1465,13:13:10,43.29,0.04,4,17316,买盘
1466,13:13:13,43.25,-0.04,10,43250,卖盘
1467,13:13:33,43.25,0.0,14,60554,卖盘
1468,13:13:39,43.25,0.0,2,8650,买盘
1469,13:13:43,43.25,0.0,1,4325,买盘
1470,13:14:04,43.24,-0.01,5,21620,卖盘
1471,13:14:07,43.24,0.0,4,17296,卖盘
1472,13:14:10,43.24,0.0,2,8648,买盘
1473,13:14:13,43.24,0.0,2,8648,买盘
1474,13:14:15,43.24,0.0,1,4324,买盘
1475,13:14:21,43.24,0.0,15,64855,买盘
1476,13:14:27,43.24,0.0,2,8648,买盘
1477,13:14:36,43.23,-0.01,1,4323,卖盘
1478,13:14:39,43.24,0.01,2,8648,买盘
1479,13:14:49,43.24,0.0,3,12972,买盘
1480,13:14:54,43.23,-0.01,10,43230,卖盘
1481,13:14:57,43.23,0.0,3,12969,买盘
1482,13:15:37,43.22,-0.01,1,4322,卖盘
1483,13:15:45,43.22,0.0,1,4322,卖盘
1484,13:15:55,43.2,-0.02,20,86409,卖盘
1485,13:16:09,43.19,-0.01,5,21595,卖盘
1486,13:16:16,43.19,0.0,2,8638,买盘
1487,13:16:25,43.18,-0.01,12,51816,卖盘
1488,13:16:31,43.17,-0.01,1,4317,卖盘
1489,13:16:33,43.17,0.0,1,4317,卖盘
1490,13:16:37,43.17,0.0,2,8634,卖盘
1491,13:16:40,43.17,0.0,6,25902,卖盘
1492,13:16:46,43.15,-0.02,1,4315,卖盘
1493,13:16:54,43.14,-0.01,4,17256,卖盘
1494,13:17:01,43.14,0.0,2,8628,卖盘
1495,13:17:07,43.14,0.0,1,4314,买盘
1496,13:17:13,43.13,-0.01,9,38817,卖盘
1497,13:17:19,43.12,-0.01,5,21560,卖盘
1498,13:17:22,43.12,0.0,1,4312,卖盘
1499,13:17:24,43.11,-0.01,6,25871,卖盘
1500,13:17:27,43.11,0.0,1,4311,卖盘
1501,13:17:31,43.1,-0.01,6,25864,卖盘
1502,13:17:34,43.1,0.0,11,47410,卖盘
1503,13:17:37,43.11,0.01,3,12932,买盘
1504,13:17:40,43.09,-0.02,12,51708,卖盘
1505,13:17:43,43.1,0.01,2,8620,买盘
1506,13:17:45,43.09,-0.01,6,25855,卖盘
1507,13:17:49,43.08,-0.01,2,8616,卖盘
1508,13:17:55,43.08,0.0,4,17232,卖盘
1509,13:17:58,43.02,-0.06,12,51645,卖盘
1510,13:18:04,43.02,0.0,18,77436,买盘
1511,13:18:07,43.02,0.0,1,4302,卖盘
1512,13:18:16,43.07,0.05,9,38763,买盘
1513,13:18:18,43.03,-0.04,2,8606,中性盘
1514,13:18:25,43.06,0.03,19,81814,买盘
1515,13:18:34,43.06,0.0,2,8612,卖盘
1516,13:18:43,43.05,-0.01,4,17221,中性盘
1517,13:18:46,43.05,0.0,3,12915,卖盘
1518,13:18:54,43.06,0.01,6,25836,买盘
1519,13:19:01,43.06,0.0,5,21530,卖盘
1520,13:19:19,43.06,0.0,4,17227,卖盘
1521,13:19:24,43.06,0.0,8,34448,卖盘
1522,13:19:28,43.11,0.05,3,12933,买盘
1523,13:19:37,43.06,-0.05,1,4306,卖盘
1524,13:19:40,43.04,-0.02,50,215251,卖盘
1525,13:19:49,43.07,0.03,1,4307,卖盘
1526,13:20:01,43.08,0.01,1,4308,买盘
1527,13:20:06,43.08,0.0,1,4308,卖盘
1528,13:20:40,43.1,0.02,2,8620,买盘
1529,13:20:49,43.11,0.01,3,12933,买盘
1530,13:21:13,43.11,0.0,3,12933,买盘
1531,13:21:16,43.11,0.0,9,38792,买盘
1532,13:21:22,43.11,0.0,5,21555,买盘
1533,13:21:24,43.11,0.0,8,34488,买盘
1534,13:21:34,43.12,0.01,40,172480,买盘
1535,13:21:37,43.13,0.01,2,8626,买盘
1536,13:21:40,43.13,0.0,9,38817,买盘
1537,13:21:49,43.14,0.01,3,12942,买盘
1538,13:21:58,43.14,0.0,6,25884,买盘
1539,13:22:07,43.14,0.0,2,8628,买盘
1540,13:22:16,43.14,0.0,8,34512,买盘
1541,13:22:33,43.13,-0.01,1,4313,卖盘
1542,13:22:40,43.14,0.01,1,4314,买盘
1543,13:22:42,43.14,0.0,1,4314,买盘
1544,13:22:48,43.14,0.0,3,12942,卖盘
1545,13:23:01,43.13,-0.01,5,21565,卖盘
1546,13:24:07,43.2,0.07,9,38880,买盘
1547,13:24:13,43.23,0.03,4,17289,买盘
1548,13:24:27,43.23,0.0,5,21615,买盘
1549,13:24:30,43.2,-0.03,2,8640,卖盘
1550,13:24:33,43.23,0.03,1,4323,买盘
1551,13:24:39,43.25,0.02,3,12975,买盘
1552,13:24:49,43.28,0.03,6,25968,买盘
1553,13:24:58,43.3,0.02,10,43300,买盘
1554,13:25:04,43.3,0.0,6,25980,买盘
1555,13:25:09,43.32,0.02,1,4332,买盘
1556,13:25:21,43.33,0.01,1,4333,买盘
1557,13:25:24,43.33,0.0,2,8666,卖盘
1558,13:25:34,43.3,-0.03,10,43300,卖盘
1559,13:25:40,43.28,-0.02,2,8658,卖盘
1560,13:26:04,43.28,0.0,1,4328,卖盘
1561,13:26:09,43.28,0.0,12,51963,卖盘
1562,13:26:12,43.31,0.03,5,21643,买盘
1563,13:26:24,43.23,-0.08,6,25938,卖盘
1564,13:26:31,43.31,0.08,1,4331,买盘
1565,13:26:43,43.31,0.0,21,90906,买盘
1566,13:26:46,43.25,-0.06,1,4325,卖盘
1567,13:27:13,43.31,0.06,1,4331,买盘
1568,13:27:25,43.31,0.0,2,8662,买盘
1569,13:27:39,43.26,-0.05,10,43266,卖盘
1570,13:28:06,43.26,0.0,1,4326,卖盘
1571,13:28:19,43.26,0.0,18,77868,卖盘
1572,13:28:28,43.26,0.0,9,38934,卖盘
1573,13:28:34,43.3,0.04,37,160119,买盘
1574,13:28:37,43.3,0.0,6,25980,卖盘
1575,13:28:43,43.25,-0.05,9,38965,卖盘
1576,13:28:45,43.3,0.05,2,8660,买盘
1577,13:28:58,43.3,0.0,3,12990,买盘
1578,13:29:33,43.25,-0.05,2,8650,卖盘
1579,13:29:42,43.29,0.04,1,4329,买盘
1580,13:29:52,43.27,-0.02,3,12981,中性盘
1581,13:30:07,43.3,0.03,30,129900,买盘
1582,13:30:33,43.3,0.0,8,34640,卖盘
1583,13:30:40,43.31,0.01,7,30317,买盘
1584,13:31:00,43.3,-0.01,67,290110,卖盘
1585,13:31:07,43.3,0.0,6,25980,卖盘
1586,13:31:09,43.3,0.0,1,4330,卖盘
1587,13:31:12,43.3,0.0,1,4330,卖盘
1588,13:31:16,43.3,0.0,1,4330,卖盘
1589,13:31:19,43.31,0.01,7,30313,买盘
1590,13:31:25,43.3,-0.01,3,12990,买盘
1591,13:31:34,43.3,0.0,3,12990,买盘
1592,13:31:37,43.25,-0.05,20,86500,卖盘
1593,13:31:40,43.25,0.0,1,4325,卖盘
1594,13:31:52,43.23,-0.02,34,147042,卖盘
1595,13:32:25,43.15,-0.08,3,12945,卖盘
1596,13:32:28,43.15,0.0,3,12945,卖盘
1597,13:32:37,43.14,-0.01,3,12944,卖盘
1598,13:32:49,43.14,0.0,10,43140,卖盘
1599,13:32:52,43.15,0.01,12,51780,买盘
1600,13:32:55,43.15,0.0,2,8630,卖盘
1601,13:33:04,43.15,0.0,30,129450,卖盘
1602,13:33:07,43.15,0.0,56,241640,卖盘
1603,13:33:12,43.14,-0.01,4,17256,卖盘
1604,13:33:19,43.13,-0.01,3,12939,卖盘
1605,13:33:22,43.13,0.0,1,4313,卖盘
1606,13:33:31,43.13,0.0,1,4313,卖盘
1607,13:33:34,43.13,0.0,6,25878,卖盘
1608,13:33:58,43.12,-0.01,50,215600,卖盘
1609,13:34:22,43.12,0.0,22,94864,卖盘
1610,13:34:25,43.12,0.0,22,94864,卖盘
1611,13:34:28,43.13,0.01,1,4313,买盘
1612,13:34:31,43.12,-0.01,7,30189,卖盘
1613,13:34:36,43.13,0.01,1,4313,卖盘
1614,13:34:51,43.13,0.0,3,12939,卖盘
1615,13:34:54,43.12,-0.01,4,17251,卖盘
1616,13:35:07,43.12,0.0,1,4312,卖盘
1617,13:35:13,43.12,0.0,18,77616,卖盘
1618,13:35:25,43.13,0.01,1,4313,买盘
1619,13:35:28,43.13,0.0,10,43129,买盘
1620,13:35:30,43.13,0.0,4,17252,卖盘
1621,13:35:37,43.13,0.0,1,4313,卖盘
1622,13:35:52,43.15,0.02,3,12943,买盘
1623,13:35:55,43.13,-0.02,19,81947,卖盘
1624,13:36:01,43.13,0.0,1,4313,买盘
1625,13:36:04,43.13,0.0,1,4313,买盘
1626,13:36:13,43.13,0.0,10,43130,买盘
1627,13:36:22,43.18,0.05,20,86309,买盘
1628,13:36:24,43.18,0.0,11,47498,卖盘
1629,13:36:31,43.18,0.0,9,38862,卖盘
1630,13:36:34,43.19,0.01,5,21594,买盘
1631,13:36:37,43.18,-0.01,2,8636,卖盘
1632,13:37:01,43.18,0.0,8,34543,买盘
1633,13:37:07,43.18,0.0,2,8636,卖盘
1634,13:37:25,43.16,-0.02,4,17264,卖盘
1635,13:37:30,43.16,0.0,4,17264,卖盘
1636,13:37:46,43.17,0.01,53,228765,买盘
1637,13:37:48,43.17,0.0,3,12951,卖盘
1638,13:37:54,43.17,0.0,9,38853,卖盘
1639,13:38:04,43.13,-0.04,14,60402,卖盘
1640,13:38:09,43.13,0.0,4,17252,卖盘
1641,13:38:16,43.12,-0.01,10,43120,卖盘
1642,13:38:25,43.08,-0.04,4,17232,卖盘
1643,13:38:28,43.08,0.0,1,4308,卖盘
1644,13:38:34,43.04,-0.04,13,55952,卖盘
1645,13:38:39,43.03,-0.01,11,47343,卖盘
1646,13:38:45,43.03,0.0,4,17212,卖盘
1647,13:38:55,43.03,0.0,7,30123,卖盘
1648,13:38:58,43.0,-0.03,50,215045,卖盘
1649,13:39:10,43.0,0.0,50,215030,卖盘
1650,13:39:12,43.01,0.01,8,34408,卖盘
1651,13:39:15,43.01,0.0,2,8602,卖盘
1652,13:39:34,43.01,0.0,12,51612,卖盘
1653,13:39:37,43.0,-0.01,7,30102,卖盘
1654,13:39:46,43.01,0.01,8,34405,买盘
1655,13:39:48,43.01,0.0,1,4301,买盘
1656,13:39:51,43.0,-0.01,19,81700,卖盘
1657,13:39:55,43.01,0.01,11,47311,买盘
1658,13:39:58,43.0,-0.01,12,51611,卖盘
1659,13:40:01,43.0,0.0,51,219301,卖盘
1660,13:40:04,43.01,0.01,11,47310,买盘
1661,13:40:07,43.0,-0.01,6,25802,卖盘
1662,13:40:09,43.0,0.0,25,107500,卖盘
1663,13:40:13,43.01,0.01,22,94612,买盘
1664,13:40:16,43.01,0.0,15,64515,买盘
1665,13:40:19,43.0,-0.01,5,21500,卖盘
1666,13:40:21,43.0,0.0,8,34400,卖盘
1667,13:40:25,43.0,0.0,14,60202,卖盘
1668,13:40:28,43.0,0.0,1,4300,买盘
1669,13:40:34,42.99,-0.01,1,4299,卖盘
1670,13:40:37,43.0,0.01,1,4300,买盘
1671,13:40:40,43.0,0.0,5,21500,买盘
1672,13:40:49,43.0,0.0,8,34400,买盘
1673,13:40:52,42.99,-0.01,7,30093,卖盘
1674,13:41:04,42.98,-0.01,5,21490,卖盘
1675,13:41:06,42.98,0.0,5,21490,买盘
1676,13:41:13,42.99,0.01,2,8598,买盘
1677,13:41:34,42.99,0.0,13,55887,卖盘
1678,13:41:40,43.0,0.01,2,8600,买盘
1679,13:41:46,42.99,-0.01,26,111774,卖盘
1680,13:41:52,43.0,0.01,33,141895,买盘
1681,13:42:01,42.99,-0.01,1,4299,卖盘
1682,13:42:04,43.0,0.01,7,30100,买盘
1683,13:42:07,42.98,-0.02,18,77383,卖盘
1684,13:42:10,43.01,0.03,4,17204,买盘
1685,13:42:25,43.03,0.02,3,12909,买盘
1686,13:42:31,43.03,0.0,10,43020,买盘
1687,13:42:43,43.03,0.0,11,47333,买盘
1688,13:42:49,43.03,0.0,1,4303,卖盘
1689,13:43:00,43.1,0.07,1,4310,中性盘
1690,13:43:12,43.1,0.0,1,4310,买盘
1691,13:43:27,43.1,0.0,3,12930,买盘
1692,13:43:46,43.1,0.0,1,4310,卖盘
1693,13:43:49,43.12,0.02,1,4312,买盘
1694,13:43:55,43.12,0.0,2,8624,买盘
1695,13:43:57,43.1,-0.02,2,8620,卖盘
1696,13:44:05,43.12,0.02,3,12936,买盘
1697,13:44:27,43.12,0.0,22,94864,买盘
1698,13:44:31,43.13,0.01,2,8626,买盘
1699,13:44:49,43.2,0.07,146,630599,买盘
1700,13:45:06,43.2,0.0,3,13046,买盘
1701,13:45:21,43.27,0.07,1,4327,买盘
1702,13:45:25,43.28,0.01,2,8656,买盘
1703,13:45:28,43.27,-0.01,1,4327,卖盘
1704,13:45:46,43.25,-0.02,7,30275,中性盘
1705,13:45:49,43.2,-0.05,1,4320,卖盘
1706,13:45:55,43.2,0.0,1,4320,卖盘
1707,13:45:58,43.2,0.0,2,8640,卖盘
1708,13:46:00,43.2,0.0,2,8640,卖盘
1709,13:46:04,43.2,0.0,1,4320,卖盘
1710,13:46:07,43.2,0.0,6,25834,卖盘
1711,13:46:19,43.16,-0.04,1,4316,卖盘
1712,13:46:25,43.14,-0.02,7,30198,卖盘
1713,13:46:30,43.13,-0.01,4,17252,卖盘
1714,13:46:33,43.16,0.03,23,99227,买盘
1715,13:46:37,43.12,-0.04,13,56064,卖盘
1716,13:46:39,43.12,0.0,3,12936,买盘
1717,13:46:45,43.16,0.04,5,21568,买盘
1718,13:47:04,43.16,0.0,13,56108,买盘
1719,13:47:07,43.16,0.0,3,12948,卖盘
1720,13:47:39,43.16,0.0,5,21580,卖盘
1721,13:47:46,43.16,0.0,1,4316,卖盘
1722,13:48:16,43.16,0.0,4,17264,卖盘
1723,13:48:22,43.12,-0.04,1,4312,卖盘
1724,13:48:33,43.16,0.04,3,12948,买盘
1725,13:48:46,43.15,-0.01,6,25880,买盘
1726,13:48:55,43.16,0.01,5,21580,买盘
1727,13:48:58,43.16,0.0,12,51792,买盘
1728,13:49:22,43.15,-0.01,1,4315,买盘
1729,13:49:25,43.16,0.01,5,21580,买盘
1730,13:49:34,43.16,0.0,2,8632,买盘
1731,13:49:36,43.18,0.02,77,332334,买盘
1732,13:49:42,43.2,0.02,16,69120,买盘
1733,13:49:46,43.2,0.0,22,95040,买盘
1734,13:49:49,43.24,0.04,10,43228,买盘
1735,13:49:52,43.25,0.01,5,21621,买盘
1736,13:49:55,43.25,0.0,6,25950,买盘
1737,13:50:01,43.25,0.0,6,25950,买盘
1738,13:50:19,43.31,0.06,28,121221,买盘
1739,13:50:28,43.26,-0.05,1,4326,卖盘
1740,13:50:34,43.31,0.05,10,43308,买盘
1741,13:50:37,43.31,0.0,5,21655,卖盘
1742,13:50:40,43.31,0.0,2,8662,卖盘
1743,13:50:43,43.3,-0.01,10,43308,卖盘
1744,13:50:46,43.3,0.0,4,17320,买盘
1745,13:50:52,43.3,0.0,3,12990,卖盘
1746,13:50:55,43.3,0.0,2,8660,卖盘
1747,13:50:58,43.3,0.0,5,21650,卖盘
1748,13:51:01,43.3,0.0,26,112580,卖盘
1749,13:51:04,43.3,0.0,15,64934,买盘
1750,13:51:07,43.3,0.0,16,69292,买盘
1751,13:51:10,43.31,0.01,16,69287,买盘
1752,13:51:13,43.3,-0.01,30,129900,卖盘
1753,13:51:16,43.31,0.01,82,355142,买盘
1754,13:51:19,43.31,0.0,13,56303,卖盘
1755,13:51:33,43.31,0.0,1,4331,卖盘
1756,13:51:37,43.31,0.0,3,12993,卖盘
1757,13:51:39,43.31,0.0,1,4331,卖盘
1758,13:51:55,43.3,-0.01,30,129900,卖盘
1759,13:52:01,43.3,0.0,10,43300,买盘
1760,13:52:10,43.26,-0.04,1,4326,卖盘
1761,13:52:21,43.3,0.04,5,21650,买盘
1762,13:52:24,43.26,-0.04,1,4326,卖盘
1763,13:52:28,43.25,-0.01,1,4325,卖盘
1764,13:52:36,43.26,0.01,2,8652,卖盘
1765,13:52:43,43.26,0.0,1,4326,卖盘
1766,13:53:18,43.29,0.03,1,4329,买盘
1767,13:53:28,43.29,0.0,9,38956,买盘
1768,13:53:42,43.29,0.0,1,4329,买盘
1769,13:53:45,43.29,0.0,6,25974,买盘
1770,13:53:55,43.27,-0.02,1,4327,卖盘
1771,13:53:58,43.29,0.02,2,8658,买盘
1772,13:54:04,43.27,-0.02,63,272601,卖盘
1773,13:54:07,43.27,0.0,1,4327,卖盘
1774,13:54:13,43.27,0.0,1,4327,卖盘
1775,13:54:22,43.29,0.02,5,21645,买盘
1776,13:55:00,43.28,-0.01,11,47608,卖盘
1777,13:55:22,43.28,0.0,2,8656,卖盘
1778,13:55:25,43.28,0.0,2,8656,卖盘
1779,13:55:31,43.29,0.01,18,77922,买盘
1780,13:55:34,43.29,0.0,4,17316,买盘
1781,13:55:49,43.28,-0.01,20,86560,卖盘
1782,13:55:52,43.28,0.0,8,34627,卖盘
1783,13:56:01,43.28,0.0,20,86560,卖盘
1784,13:56:04,43.28,0.0,15,64920,买盘
1785,13:56:07,43.27,-0.01,7,30289,卖盘
1786,13:56:10,43.28,0.01,60,259680,买盘
1787,13:56:13,43.27,-0.01,2,8654,卖盘
1788,13:56:15,43.27,0.0,5,21638,卖盘
1789,13:56:28,43.27,0.0,4,17308,卖盘
1790,13:56:33,43.27,0.0,3,12981,卖盘
1791,13:56:37,43.27,0.0,5,21635,卖盘
1792,13:56:46,43.27,0.0,3,12981,卖盘
1793,13:57:00,43.27,0.0,2,8654,卖盘
1794,13:57:16,43.27,0.0,1,4327,卖盘
1795,13:57:19,43.27,0.0,2,8654,卖盘
1796,13:57:25,43.27,0.0,11,47593,买盘
1797,13:57:31,43.27,0.0,3,12981,卖盘
1798,13:57:34,43.28,0.01,1,4328,买盘
1799,13:57:36,43.27,-0.01,1,4327,卖盘
1800,13:57:39,43.27,0.0,14,60578,卖盘
1801,13:57:43,43.26,-0.01,1,4326,卖盘
1802,13:57:46,43.2,-0.06,4,17282,卖盘
1803,13:58:10,43.22,0.02,1,4322,中性盘
1804,13:59:04,43.22,0.0,1,4322,卖盘
1805,13:59:06,43.26,0.04,2,8648,买盘
1806,13:59:43,43.26,0.0,3,12978,买盘
1807,13:59:49,43.26,0.0,3,12978,买盘
1808,13:59:52,43.26,0.0,1,4326,买盘
1809,13:59:58,43.28,0.02,20,86552,买盘
1810,14:00:04,43.28,0.0,1,4328,买盘
1811,14:00:07,43.22,-0.06,36,155678,卖盘
1812,14:00:19,43.27,0.05,1,4327,卖盘
1813,14:00:31,43.26,-0.01,3,12978,买盘
1814,14:00:40,43.27,0.01,3,12981,买盘
1815,14:01:04,43.28,0.01,2,8655,买盘
1816,14:01:21,43.27,-0.01,4,17308,卖盘
1817,14:01:40,43.27,0.0,1,4327,买盘
1818,14:01:43,43.27,0.0,5,21635,卖盘
1819,14:01:51,43.27,0.0,5,21635,卖盘
1820,14:01:57,43.27,0.0,2,8654,卖盘
1821,14:02:30,43.27,0.0,3,12981,卖盘
1822,14:03:04,43.27,0.0,3,12981,买盘
1823,14:03:22,43.26,-0.01,2,8652,卖盘
1824,14:03:58,43.26,0.0,1,4326,卖盘
1825,14:05:07,43.24,-0.02,5,21620,卖盘
1826,14:05:10,43.25,0.01,5,21625,买盘
1827,14:05:16,43.25,0.0,5,21625,卖盘
1828,14:05:19,43.25,0.0,5,21625,卖盘
1829,14:05:31,43.25,0.0,4,17300,卖盘
1830,14:05:36,43.25,0.0,1,4325,卖盘
1831,14:05:40,43.25,0.0,4,17300,卖盘
1832,14:05:46,43.26,0.01,1,4326,买盘
1833,14:05:52,43.25,-0.01,2,8650,卖盘
1834,14:06:04,43.25,0.0,2,8650,卖盘
1835,14:06:10,43.25,0.0,1,4325,卖盘
1836,14:06:21,43.26,0.01,3,12978,买盘
1837,14:06:33,43.26,0.0,3,12978,买盘
1838,14:06:43,43.26,0.0,7,30282,买盘
1839,14:06:52,43.27,0.01,14,60578,买盘
1840,14:06:55,43.3,0.03,50,216437,买盘
1841,14:07:01,43.3,0.0,9,38970,买盘
1842,14:07:04,43.3,0.0,2,8660,买盘
1843,14:07:10,43.3,0.0,10,43300,买盘
1844,14:07:18,43.3,0.0,1,4330,买盘
1845,14:07:37,43.31,0.01,1,4331,买盘
1846,14:07:43,43.31,0.0,21,90951,买盘
1847,14:07:48,43.32,0.01,5,21660,买盘
1848,14:07:51,43.32,0.0,4,17328,买盘
1849,14:07:55,43.31,-0.01,8,34653,卖盘
1850,14:07:58,43.32,0.01,15,64980,买盘
1851,14:08:01,43.35,0.03,14,60673,买盘
1852,14:08:04,43.35,0.0,28,121380,买盘
1853,14:08:07,43.35,0.0,17,73695,买盘
1854,14:08:10,43.35,0.0,12,52020,买盘
1855,14:08:12,43.35,0.0,13,56355,买盘
1856,14:08:16,43.35,0.0,11,47685,买盘
1857,14:08:19,43.35,0.0,14,60690,买盘
1858,14:08:22,43.36,0.01,13,56368,买盘
1859,14:08:25,43.38,0.02,5,21690,买盘
1860,14:08:31,43.4,0.02,1,4340,买盘
1861,14:08:37,43.4,0.0,5,21700,买盘
1862,14:08:43,43.43,0.03,16,69488,买盘
1863,14:08:46,43.43,0.0,20,86845,买盘
1864,14:08:49,43.43,0.0,11,47773,买盘
1865,14:08:52,43.4,-0.03,8,34720,买盘
1866,14:08:58,43.4,0.0,2,8680,买盘
1867,14:09:01,43.4,0.0,1,4340,买盘
1868,14:09:04,43.43,0.03,6,26049,买盘
1869,14:09:07,43.4,-0.03,7,30395,中性盘
1870,14:09:25,43.4,0.0,2,8683,卖盘
1871,14:09:46,43.41,0.01,3,13023,卖盘
1872,14:09:52,43.4,-0.01,3,13021,卖盘
1873,14:09:58,43.41,0.01,3,13023,买盘
1874,14:10:01,43.4,-0.01,2,8680,卖盘
1875,14:10:07,43.41,0.01,7,30385,买盘
1876,14:10:12,43.4,-0.01,4,17363,卖盘
1877,14:10:16,43.41,0.01,3,13023,买盘
1878,14:10:19,43.4,-0.01,5,21703,卖盘
1879,14:10:22,43.4,0.0,5,21700,卖盘
1880,14:10:28,43.41,0.01,29,125889,买盘
1881,14:10:34,43.41,0.0,3,13023,买盘
1882,14:10:42,43.4,-0.01,2,8680,卖盘
1883,14:10:52,43.4,0.0,2,8680,卖盘
1884,14:10:55,43.41,0.01,2,8682,买盘
1885,14:10:58,43.4,-0.01,3,13020,卖盘
1886,14:11:01,43.4,0.0,24,104160,卖盘
1887,14:11:04,43.4,0.0,6,26040,卖盘
1888,14:11:37,43.35,-0.05,5,21675,卖盘
1889,14:11:57,43.39,0.04,1,4339,买盘
1890,14:12:33,43.36,-0.03,1,4336,卖盘
1891,14:12:36,43.39,0.03,1,4339,买盘
1892,14:12:52,43.36,-0.03,1,4336,卖盘
1893,14:12:55,43.36,0.0,1,4336,卖盘
1894,14:12:58,43.36,0.0,1,4336,卖盘
1895,14:13:04,43.38,0.02,8,34696,买盘
1896,14:13:06,43.36,-0.02,2,8672,卖盘
1897,14:13:25,43.38,0.02,5,21690,买盘
1898,14:13:55,43.36,-0.02,5,21680,卖盘
1899,14:13:58,43.36,0.0,5,21680,买盘
1900,14:14:01,43.38,0.02,1,4338,买盘
1901,14:14:15,43.36,-0.02,3,13008,买盘
1902,14:14:28,43.36,0.0,1,4336,卖盘
1903,14:14:31,43.38,0.02,18,78080,买盘
1904,14:15:16,43.36,-0.02,1,4336,卖盘
1905,14:15:18,43.37,0.01,5,21685,卖盘
1906,14:15:31,43.37,0.0,6,26022,买盘
1907,14:15:34,43.38,0.01,3,13014,买盘
1908,14:15:43,43.37,-0.01,4,17348,卖盘
1909,14:15:46,43.37,0.0,3,13011,卖盘
1910,14:16:19,43.37,0.0,22,95414,买盘
1911,14:16:43,43.36,-0.01,24,104064,卖盘
1912,14:16:46,43.37,0.01,10,43364,买盘
1913,14:16:49,43.35,-0.02,31,134385,卖盘
1914,14:17:19,43.35,0.0,10,43350,买盘
1915,14:17:52,43.34,-0.01,1,4334,卖盘
1916,14:18:07,43.34,0.0,60,260084,卖盘
1917,14:18:10,43.34,0.0,10,43340,卖盘
1918,14:18:19,43.34,0.0,1,4334,卖盘
1919,14:18:24,43.35,0.01,9,39010,买盘
1920,14:18:31,43.35,0.0,3,13004,买盘
1921,14:18:34,43.34,-0.01,3,13002,卖盘
1922,14:18:40,43.34,0.0,5,21670,卖盘
1923,14:18:43,43.34,0.0,52,225368,卖盘
1924,14:18:49,43.34,0.0,8,34670,买盘
1925,14:19:04,43.32,-0.02,6,25992,卖盘
1926,14:19:07,43.32,0.0,1,4332,卖盘
1927,14:19:09,43.32,0.0,5,21660,卖盘
1928,14:19:13,43.32,0.0,8,34656,买盘
1929,14:19:15,43.3,-0.02,3,12990,卖盘
1930,14:19:19,43.3,0.0,12,51960,卖盘
1931,14:19:43,43.28,-0.02,2,8656,卖盘
1932,14:19:54,43.28,0.0,11,47608,卖盘
1933,14:20:06,43.26,-0.02,3,12978,卖盘
1934,14:20:19,43.26,0.0,1,4326,卖盘
1935,14:20:21,43.26,0.0,10,43260,卖盘
1936,14:20:25,43.26,0.0,5,21630,卖盘
1937,14:20:30,43.25,-0.01,1,4325,卖盘
1938,14:20:34,43.25,0.0,4,17300,卖盘
1939,14:20:37,43.25,0.0,2,8650,卖盘
1940,14:20:43,43.26,0.01,18,77859,买盘
1941,14:20:46,43.25,-0.01,1,4325,卖盘
1942,14:21:37,43.26,0.01,1,4326,卖盘
1943,14:21:46,43.26,0.0,2,8652,卖盘
1944,14:21:52,43.27,0.01,13,56251,买盘
1945,14:22:19,43.27,0.0,10,43270,卖盘
1946,14:22:51,43.28,0.01,1,4328,卖盘
1947,14:23:22,43.28,0.0,1,4328,卖盘
1948,14:23:34,43.3,0.02,10,43297,买盘
1949,14:24:04,43.3,0.0,10,43298,买盘
1950,14:24:06,43.23,-0.07,200,864957,卖盘
1951,14:24:15,43.29,0.06,1,4329,买盘
1952,14:24:21,43.32,0.03,3,12994,买盘
1953,14:24:25,43.32,0.0,9,38984,买盘
1954,14:24:28,43.34,0.02,9,38994,买盘
1955,14:24:40,43.31,-0.03,5,21655,买盘
1956,14:24:43,43.31,0.0,1,4331,买盘
1957,14:24:55,43.35,0.04,10,43347,买盘
1958,14:25:01,43.26,-0.09,5,21630,卖盘
1959,14:25:07,43.38,0.12,54,234099,买盘
1960,14:25:31,43.38,0.0,1,4338,买盘
1961,14:25:36,43.38,0.0,5,21690,买盘
1962,14:26:04,43.39,0.01,1,4339,买盘
1963,14:26:07,43.38,-0.01,23,99774,卖盘
1964,14:26:10,43.39,0.01,1,4339,买盘
1965,14:26:15,43.39,0.0,2,8678,买盘
1966,14:26:24,43.39,0.0,13,56407,买盘
1967,14:26:28,43.38,-0.01,3,13015,卖盘
1968,14:26:31,43.38,0.0,1,4338,卖盘
1969,14:26:34,43.38,0.0,7,30366,卖盘
1970,14:26:37,43.39,0.01,4,17353,买盘
1971,14:26:40,43.38,-0.01,4,17354,卖盘
1972,14:26:43,43.38,0.0,2,8676,卖盘
1973,14:26:46,43.38,0.0,3,13014,卖盘
1974,14:26:49,43.4,0.02,18,78096,买盘
1975,14:27:01,43.39,-0.01,1,4339,中性盘
1976,14:27:12,43.38,-0.01,2,8676,买盘
1977,14:27:16,43.38,0.0,8,34704,买盘
1978,14:27:19,43.4,0.02,3,13020,买盘
1979,14:27:22,43.39,-0.01,2,8679,卖盘
1980,14:27:25,43.4,0.01,15,65100,买盘
1981,14:27:28,43.4,0.0,3,13020,卖盘
1982,14:27:31,43.41,0.01,3,13023,买盘
1983,14:27:33,43.4,-0.01,6,26040,卖盘
1984,14:27:43,43.41,0.01,1,4341,买盘
1985,14:27:46,43.4,-0.01,3,13020,卖盘
1986,14:27:49,43.4,0.0,5,21700,买盘
1987,14:27:52,43.4,0.0,10,43400,卖盘
1988,14:27:54,43.41,0.01,1,4341,买盘
1989,14:28:07,43.41,0.0,6,26046,买盘
1990,14:28:16,43.42,0.01,1,4342,买盘
1991,14:28:27,43.42,0.0,2,8683,买盘
1992,14:28:34,43.42,0.0,52,225759,买盘
1993,14:28:37,43.42,0.0,1,4342,买盘
1994,14:28:40,43.4,-0.02,5,21700,卖盘
1995,14:28:52,43.42,0.02,1,4342,买盘
1996,14:28:57,43.4,-0.02,10,43400,卖盘
1997,14:29:00,43.42,0.02,2,8683,买盘
1998,14:29:07,43.4,-0.02,1,4340,卖盘
1999,14:29:10,43.4,0.0,1,4340,卖盘
2000,14:29:13,43.41,0.01,5,21701,买盘
2001,14:29:22,43.41,0.0,2,8682,买盘
2002,14:29:24,43.4,-0.01,4,17360,卖盘
2003,14:29:33,43.41,0.01,1,4341,买盘
2004,14:29:37,43.4,-0.01,5,21700,卖盘
2005,14:29:49,43.41,0.01,3,13021,买盘
2006,14:29:57,43.41,0.0,2,8682,买盘
2007,14:30:10,43.4,-0.01,32,138910,卖盘
2008,14:30:13,43.42,0.02,7,30382,买盘
2009,14:30:16,43.41,-0.01,3,13023,卖盘
2010,14:30:19,43.42,0.01,2,8684,买盘
2011,14:30:25,43.41,-0.01,2,8682,卖盘
2012,14:30:30,43.41,0.0,1,4341,买盘
2013,14:30:39,43.38,-0.03,69,299360,卖盘
2014,14:30:55,43.34,-0.04,1,4334,卖盘
2015,14:31:01,43.38,0.04,5,21690,买盘
2016,14:31:07,43.38,0.0,41,177843,买盘
2017,14:31:13,43.36,-0.02,5,21680,卖盘
2018,14:31:25,43.36,0.0,1,4336,卖盘
2019,14:31:36,43.36,0.0,7,30352,卖盘
2020,14:31:46,43.34,-0.02,23,99682,卖盘
2021,14:31:49,43.34,0.0,41,177694,买盘
2022,14:32:01,43.29,-0.05,4,17316,卖盘
2023,14:32:16,43.26,-0.03,158,684122,卖盘
2024,14:32:25,43.26,0.0,5,21633,卖盘
2025,14:32:28,43.26,0.0,1,4326,卖盘
2026,14:32:39,43.26,0.0,1,4326,卖盘
2027,14:32:46,43.26,0.0,1,4326,买盘
2028,14:32:58,43.26,0.0,11,47586,卖盘
2029,14:33:00,43.24,-0.02,53,229186,卖盘
2030,14:33:06,43.23,-0.01,26,112400,卖盘
2031,14:33:10,43.24,0.01,37,159988,买盘
2032,14:33:13,43.23,-0.01,113,488501,卖盘
2033,14:33:19,43.2,-0.03,36,155569,卖盘
2034,14:33:22,43.2,0.0,8,34560,卖盘
2035,14:33:25,43.2,0.0,5,21600,卖盘
2036,14:33:28,43.2,0.0,3,12960,卖盘
2037,14:33:31,43.16,-0.04,2,8632,卖盘
2038,14:33:34,43.11,-0.05,3,12933,卖盘
2039,14:33:40,43.21,0.1,11,47537,卖盘
2040,14:33:43,43.21,0.0,1,4321,卖盘
2041,14:33:46,43.21,0.0,1,4321,卖盘
2042,14:33:49,43.21,0.0,1,4321,卖盘
2043,14:33:52,43.21,0.0,1,4321,卖盘
2044,14:33:55,43.21,0.0,3,12963,卖盘
2045,14:33:58,43.21,0.0,2,8642,卖盘
2046,14:34:13,43.21,0.0,10,43210,买盘
2047,14:34:19,43.21,0.0,2,8642,卖盘
2048,14:34:22,43.11,-0.1,200,862216,卖盘
2049,14:34:43,43.14,0.03,1,4314,卖盘
2050,14:34:46,43.14,0.0,5,21570,卖盘
2051,14:34:52,43.14,0.0,4,17256,卖盘
2052,14:35:10,43.14,0.0,1,4314,卖盘
2053,14:35:25,43.18,0.04,1,4318,买盘
2054,14:35:28,43.18,0.0,1,4318,卖盘
2055,14:35:34,43.18,0.0,4,17272,卖盘
2056,14:35:46,43.2,0.02,6,25916,买盘
2057,14:35:51,43.22,0.02,10,43202,买盘
2058,14:35:55,43.22,0.0,50,216100,买盘
2059,14:36:18,43.24,0.02,13,56192,买盘
2060,14:36:21,43.24,0.0,6,25936,买盘
2061,14:36:24,43.24,0.0,2,8648,买盘
2062,14:36:28,43.22,-0.02,1,4322,卖盘
2063,14:36:37,43.23,0.01,2,8646,卖盘
2064,14:36:43,43.23,0.0,5,21615,卖盘
2065,14:36:51,43.23,0.0,11,47554,卖盘
2066,14:37:00,43.23,0.0,10,43230,卖盘
2067,14:37:04,43.24,0.01,84,363192,买盘
2068,14:37:16,43.22,-0.02,1,6009,卖盘
2069,14:37:22,43.22,0.0,5,21610,卖盘
2070,14:37:28,43.22,0.0,1,4322,卖盘
2071,14:37:31,43.23,0.01,1,4323,买盘
2072,14:37:40,43.23,0.0,5,21615,买盘
2073,14:37:52,43.22,-0.01,7,30254,卖盘
2074,14:38:03,43.22,0.0,1,4322,卖盘
2075,14:38:07,43.22,0.0,4,17288,卖盘
2076,14:38:10,43.22,0.0,3,12966,卖盘
2077,14:38:16,43.22,0.0,1,4322,卖盘
2078,14:38:40,43.22,0.0,2,8644,卖盘
2079,14:38:46,43.22,0.0,1,4322,卖盘
2080,14:38:51,43.22,0.0,2,8644,卖盘
2081,14:38:55,43.23,0.01,2,8646,买盘
2082,14:38:58,43.23,0.0,2,8646,卖盘
2083,14:39:01,43.23,0.0,1,4323,中性盘
2084,14:39:06,43.22,-0.01,2,8644,卖盘
2085,14:39:22,43.22,0.0,1,2636,买盘
2086,14:39:46,43.21,-0.01,3,12963,卖盘
2087,14:39:49,43.21,0.0,1,4321,卖盘
2088,14:39:52,43.21,0.0,1,4321,卖盘
2089,14:39:58,43.21,0.0,8,34564,买盘
2090,14:40:04,43.19,-0.02,1,4319,卖盘
2091,14:40:10,43.21,0.02,4,17282,买盘
2092,14:40:16,43.2,-0.01,1,4320,中性盘
2093,14:40:25,43.17,-0.03,2,8634,卖盘
2094,14:40:31,43.17,0.0,1,4317,买盘
2095,14:40:46,43.18,0.01,9,38862,卖盘
2096,14:40:49,43.16,-0.02,1,4316,卖盘
2097,14:40:52,43.18,0.02,1,4318,买盘
2098,14:40:58,43.18,0.0,3,12954,卖盘
2099,14:41:07,43.18,0.0,74,319532,卖盘
2100,14:41:22,43.18,0.0,11,47498,卖盘
2101,14:41:25,43.18,0.0,1,4318,卖盘
2102,14:41:28,43.18,0.0,1,4318,卖盘
2103,14:41:31,43.18,0.0,1,3368,买盘
2104,14:41:37,43.18,0.0,4,17272,买盘
2105,14:41:40,43.18,0.0,14,61402,买盘
2106,14:41:43,43.16,-0.02,16,68120,卖盘
2107,14:42:01,43.15,-0.01,1,4315,卖盘
2108,14:42:04,43.15,0.0,2,8630,卖盘
2109,14:42:10,43.14,-0.01,1,4314,卖盘
2110,14:42:19,43.14,0.0,5,21570,卖盘
2111,14:42:25,43.14,0.0,3,12942,卖盘
2112,14:42:27,43.14,0.0,1,4314,买盘
2113,14:42:31,43.12,-0.02,13,56070,卖盘
2114,14:42:40,43.12,0.0,1,4312,买盘
2115,14:42:45,43.12,0.0,4,17248,买盘
2116,14:42:49,43.12,0.0,5,21560,买盘
2117,14:42:52,43.12,0.0,3,12936,买盘
2118,14:42:55,43.12,0.0,1,4312,买盘
2119,14:43:01,43.11,-0.01,5,22507,卖盘
2120,14:43:07,43.12,0.01,1,4312,卖盘
2121,14:43:15,43.12,0.0,5,21560,买盘
2122,14:43:25,43.12,0.0,15,64680,卖盘
2123,14:43:40,43.15,0.03,2,8630,买盘
2124,14:43:55,43.15,0.0,3,12945,卖盘
2125,14:43:58,43.15,0.0,1,4315,买盘
2126,14:44:01,43.11,-0.04,65,280370,卖盘
2127,14:44:04,43.16,0.05,2,8632,买盘
2128,14:44:13,43.11,-0.05,3,12933,卖盘
2129,14:44:19,43.16,0.05,5,21580,买盘
2130,14:44:21,43.16,0.0,2,8632,买盘
2131,14:44:31,43.18,0.02,22,94966,买盘
2132,14:44:34,43.11,-0.07,100,431166,卖盘
2133,14:44:37,43.18,0.07,1,4318,中性盘
2134,14:44:46,43.13,-0.05,6,25876,买盘
2135,14:45:07,43.13,0.0,8,34520,卖盘
2136,14:45:25,43.14,0.01,2,8628,卖盘
2137,14:45:28,43.16,0.02,1,4316,买盘
2138,14:45:33,43.16,0.0,2,8632,卖盘
2139,14:45:37,43.16,0.0,1,4316,卖盘
2140,14:45:46,43.16,0.0,2,8632,卖盘
2141,14:45:52,43.17,0.01,2,8634,买盘
2142,14:45:55,43.16,-0.01,1,4316,卖盘
2143,14:46:04,43.2,0.04,45,194342,买盘
2144,14:46:07,43.2,0.0,12,51840,买盘
2145,14:46:19,43.2,0.0,1,4320,买盘
2146,14:46:22,43.2,0.0,2,8640,卖盘
2147,14:46:28,43.21,0.01,200,864197,买盘
2148,14:47:00,43.19,-0.02,2,8637,买盘
2149,14:47:16,43.2,0.01,1,4320,买盘
2150,14:47:34,43.19,-0.01,1,4319,卖盘
2151,14:47:37,43.2,0.01,6,25920,买盘
2152,14:47:46,43.19,-0.01,36,155484,卖盘
2153,14:47:48,43.19,0.0,4,17277,卖盘
2154,14:47:52,43.17,-0.02,1,4317,卖盘
2155,14:47:58,43.17,0.0,2,8634,卖盘
2156,14:48:04,43.17,0.0,7,30219,卖盘
2157,14:48:07,43.16,-0.01,1,4316,卖盘
2158,14:48:16,43.16,0.0,1,4316,卖盘
2159,14:48:19,43.17,0.01,19,82007,买盘
2160,14:48:21,43.17,0.0,4,17268,卖盘
2161,14:48:24,43.15,-0.02,5,21576,卖盘
2162,14:48:28,43.15,0.0,1,4315,卖盘
2163,14:48:37,43.15,0.0,1,4315,买盘
2164,14:48:46,43.14,-0.01,12,51775,卖盘
2165,14:48:55,43.15,0.01,2,8630,买盘
2166,14:48:57,43.13,-0.02,20,86261,卖盘
2167,14:49:01,43.1,-0.03,79,339624,卖盘
2168,14:49:04,43.1,0.0,4,17240,买盘
2169,14:49:07,43.08,-0.02,1,4308,卖盘
2170,14:49:10,43.1,0.02,3,12928,买盘
2171,14:49:13,43.08,-0.02,11,47394,卖盘
2172,14:49:19,43.06,-0.02,1,4306,卖盘
2173,14:49:22,43.06,0.0,4,17224,卖盘
2174,14:49:31,43.04,-0.02,2,8608,卖盘
2175,14:49:34,43.02,-0.02,13,55929,卖盘
2176,14:49:43,43.0,-0.02,163,700939,卖盘
2177,14:49:46,43.0,0.0,6,25800,买盘
2178,14:49:49,42.99,-0.01,9,38696,卖盘
2179,14:49:52,43.01,0.02,1,4301,买盘
2180,14:49:58,42.99,-0.02,2,8599,卖盘
2181,14:50:01,42.99,0.0,1,4299,买盘
2182,14:50:04,42.99,0.0,6,25794,买盘
2183,14:50:10,42.99,0.0,1,4299,买盘
2184,14:50:13,42.99,0.0,21,90259,买盘
2185,14:50:16,42.98,-0.01,28,120347,卖盘
2186,14:50:28,42.97,-0.01,8,34376,卖盘
2187,14:50:31,42.97,0.0,1,4297,卖盘
2188,14:50:34,42.97,0.0,4,17188,买盘
2189,14:50:37,42.97,0.0,5,21488,卖盘
2190,14:50:40,42.97,0.0,4,17188,买盘
2191,14:50:46,42.98,0.01,38,163274,买盘
2192,14:50:49,42.97,-0.01,1,4297,卖盘
2193,14:50:52,42.97,0.0,1,4297,卖盘
2194,14:50:55,42.97,0.0,3,12891,卖盘
2195,14:50:58,42.98,0.01,4,17192,买盘
2196,14:51:01,42.96,-0.02,25,107425,卖盘
2197,14:51:04,42.97,0.01,5,21485,买盘
2198,14:51:13,42.96,-0.01,3,12889,卖盘
2199,14:51:19,42.96,0.0,2,8592,买盘
2200,14:51:22,42.96,0.0,2,8592,买盘
2201,14:51:25,42.96,0.0,2,8592,买盘
2202,14:51:28,42.95,-0.01,1,4295,卖盘
2203,14:51:31,42.95,0.0,1,4295,卖盘
2204,14:51:34,42.95,0.0,40,171830,卖盘
2205,14:51:40,42.95,0.0,10,42951,卖盘
2206,14:51:43,42.95,0.0,4,17180,买盘
2207,14:51:49,42.94,-0.01,15,64415,卖盘
2208,14:51:52,42.95,0.01,2,8590,买盘
2209,14:51:55,42.95,0.0,4,17181,卖盘
2210,14:51:58,42.92,-0.03,40,171727,卖盘
2211,14:52:07,42.91,-0.01,6,25746,卖盘
2212,14:52:10,42.91,0.0,4,17164,卖盘
2213,14:52:13,42.91,0.0,10,42910,卖盘
2214,14:52:16,42.9,-0.01,20,85808,卖盘
2215,14:52:19,42.9,0.0,90,386100,买盘
2216,14:52:22,42.88,-0.02,2,8576,卖盘
2217,14:52:28,42.9,0.02,5,21450,买盘
2218,14:52:31,42.9,0.0,10,42900,买盘
2219,14:52:33,42.88,-0.02,16,68608,卖盘
2220,14:52:37,42.87,-0.01,4,17149,卖盘
2221,14:52:40,42.88,0.01,6,25738,卖盘
2222,14:52:46,42.88,0.0,10,42880,买盘
2223,14:52:49,42.88,0.0,5,21440,买盘
2224,14:52:52,42.85,-0.03,19,81431,卖盘
2225,14:52:58,42.88,0.03,20,85712,买盘
2226,14:53:01,42.88,0.0,2,8576,买盘
2227,14:53:04,42.8,-0.08,59,252607,卖盘
2228,14:53:07,42.8,0.0,8,34240,买盘
2229,14:53:10,42.8,0.0,3,12840,买盘
2230,14:53:13,42.81,0.01,5,21403,买盘
2231,14:53:16,42.75,-0.06,26,111212,卖盘
2232,14:53:22,42.75,0.0,7,29925,买盘
2233,14:53:25,42.75,0.0,2,8550,买盘
2234,14:53:28,42.75,0.0,1,4275,买盘
2235,14:53:31,42.74,-0.01,55,235223,卖盘
2236,14:53:34,42.77,0.03,14,59878,买盘
2237,14:53:37,42.75,-0.02,5,21375,卖盘
2238,14:53:40,42.77,0.02,1,4277,买盘
2239,14:53:43,42.77,0.0,6,25660,买盘
2240,14:53:46,42.75,-0.02,45,192415,卖盘
2241,14:53:55,42.77,0.02,13,55601,卖盘
2242,14:54:01,42.77,0.0,27,115479,卖盘
2243,14:54:04,42.8,0.03,30,128361,买盘
2244,14:54:07,42.81,0.01,12,51372,买盘
2245,14:54:13,42.8,-0.01,37,159302,卖盘
2246,14:54:19,42.95,0.15,2,8590,买盘
2247,14:54:25,42.81,-0.14,4,17124,卖盘
2248,14:54:28,42.92,0.11,1,4292,买盘
2249,14:54:34,42.92,0.0,18,77256,买盘
2250,14:54:37,42.88,-0.04,7,30016,卖盘
2251,14:54:43,42.92,0.04,10,42915,买盘
2252,14:54:46,42.92,0.0,1,4292,买盘
2253,14:54:49,42.92,0.0,2,8584,买盘
2254,14:54:52,42.9,-0.02,1,4290,卖盘
2255,14:54:58,42.91,0.01,1,4291,卖盘
2256,14:55:04,42.92,0.01,5,21460,买盘
2257,14:55:07,42.92,0.0,8,34335,买盘
2258,14:55:10,42.92,0.0,9,38628,买盘
2259,14:55:13,42.92,0.0,6,25752,卖盘
2260,14:55:16,42.95,0.03,10,42950,买盘
2261,14:55:19,42.95,0.0,2,8590,买盘
2262,14:55:25,42.95,0.0,3,12885,买盘
2263,14:55:28,42.95,0.0,5,21475,买盘
2264,14:55:31,42.95,0.0,1,4295,买盘
2265,14:55:37,42.93,-0.02,2,8586,中性盘
2266,14:55:49,42.94,0.01,3,12882,买盘
2267,14:55:55,42.94,0.0,7,30058,卖盘
2268,14:56:01,42.94,0.0,8,36028,卖盘
2269,14:56:10,42.95,0.01,12,51539,买盘
2270,14:56:13,42.95,0.0,31,133144,买盘
2271,14:56:16,42.95,0.0,6,25770,买盘
2272,14:56:19,42.95,0.0,13,55823,买盘
2273,14:56:22,42.95,0.0,1,4295,买盘
2274,14:56:25,42.94,-0.01,5,21474,卖盘
2275,14:56:28,42.95,0.01,16,68720,买盘
2276,14:56:34,42.94,-0.01,50,214703,卖盘
2277,14:56:37,42.94,0.0,8,34357,卖盘
2278,14:56:52,42.97,0.03,2,8594,买盘
2279,14:56:55,42.92,-0.05,45,193225,卖盘
2280,14:56:58,42.93,0.01,13,55833,卖盘
2281,14:57:00,42.94,0.01,5,21466,买盘
2282,14:57:04,42.95,0.01,1,4295,买盘
2283,15:00:05,42.99,0.04,337,1448763,卖盘
