,time,price,change,volume,amount,type
0,09:25:05,4.55,0.01,7144,3250520,卖盘
1,09:30:01,4.54,-0.01,1225,556192,卖盘
2,09:30:04,4.54,0.0,12567,5701731,买盘
3,09:30:07,4.54,0.0,2425,1100647,买盘
4,09:30:10,4.53,-0.01,1443,654381,中性盘
5,09:30:13,4.51,-0.02,881,398792,卖盘
6,09:30:16,4.52,0.01,295,133083,买盘
7,09:30:19,4.5,-0.02,470,212577,卖盘
8,09:30:22,4.5,0.0,1223,551190,卖盘
9,09:30:25,4.5,0.0,532,239648,卖盘
10,09:30:27,4.5,0.0,459,206549,买盘
11,09:30:31,4.5,0.0,774,348392,买盘
12,09:30:34,4.5,0.0,991,445634,卖盘
13,09:30:37,4.49,-0.01,313,140552,卖盘
14,09:30:40,4.48,-0.01,152,68237,卖盘
15,09:30:43,4.49,0.01,188,84455,买盘
16,09:30:46,4.48,-0.01,491,220485,卖盘
17,09:30:49,4.47,-0.01,445,199454,卖盘
18,09:30:51,4.48,0.01,449,201388,买盘
19,09:30:55,4.48,0.0,475,213264,卖盘
20,09:30:58,4.47,-0.01,934,419168,卖盘
21,09:31:01,4.49,0.02,339,152455,中性盘
22,09:31:04,4.51,0.02,623,279038,买盘
23,09:31:06,4.48,-0.03,248,111620,卖盘
24,09:31:10,4.5,0.02,220,98934,买盘
25,09:31:13,4.5,0.0,207,93049,买盘
26,09:31:15,4.5,0.0,369,166317,买盘
27,09:31:19,4.51,0.01,346,155711,中性盘
28,09:31:22,4.5,-0.01,83,37427,卖盘
29,09:31:25,4.51,0.01,102,46110,中性盘
30,09:31:28,4.52,0.01,312,140798,买盘
31,09:31:31,4.52,0.0,136,61472,卖盘
32,09:31:34,4.52,0.0,91,41148,卖盘
33,09:31:37,4.53,0.01,326,147429,买盘
34,09:31:40,4.52,-0.01,638,288793,卖盘
35,09:31:42,4.53,0.01,410,185705,买盘
36,09:31:46,4.52,-0.01,482,218304,卖盘
37,09:31:49,4.53,0.01,570,257924,买盘
38,09:31:51,4.53,0.0,260,117799,买盘
39,09:31:55,4.52,-0.01,1001,453207,卖盘
40,09:31:58,4.51,-0.01,70,31628,卖盘
41,09:32:01,4.52,0.01,79,35708,买盘
42,09:32:04,4.51,-0.01,568,256366,卖盘
43,09:32:07,4.51,0.0,204,92004,买盘
44,09:32:09,4.5,-0.01,791,356076,卖盘
45,09:32:13,4.5,0.0,97,43639,买盘
46,09:32:15,4.49,-0.01,208,93547,卖盘
47,09:32:18,4.49,0.0,151,67865,卖盘
48,09:32:22,4.49,0.0,48,21549,买盘
49,09:32:25,4.49,0.0,265,118815,买盘
50,09:32:27,4.47,-0.02,548,245648,卖盘
51,09:32:31,4.49,0.02,670,300706,买盘
52,09:32:34,4.48,-0.01,328,147171,卖盘
53,09:32:37,4.47,-0.01,287,128693,卖盘
54,09:32:40,4.49,0.02,239,107231,买盘
55,09:32:43,4.49,0.0,202,90640,卖盘
56,09:32:46,4.47,-0.02,350,156760,卖盘
57,09:32:49,4.47,0.0,453,202717,卖盘
58,09:32:51,4.48,0.01,196,87798,买盘
59,09:32:55,4.48,0.0,326,145924,买盘
60,09:32:57,4.48,0.0,323,144612,买盘
61,09:33:00,4.48,0.0,377,168639,买盘
62,09:33:04,4.45,-0.03,1097,489037,卖盘
63,09:33:07,4.45,0.0,140,62300,买盘
64,09:33:10,4.44,-0.01,493,219017,卖盘
65,09:33:12,4.45,0.01,344,152902,买盘
66,09:33:16,4.44,-0.01,223,99083,卖盘
67,09:33:19,4.44,0.0,461,204809,卖盘
68,09:33:22,4.44,0.0,831,369466,卖盘
69,09:33:25,4.44,0.0,528,234808,卖盘
70,09:33:28,4.43,-0.01,290,128792,卖盘
71,09:33:31,4.44,0.01,351,155852,卖盘
72,09:33:34,4.47,0.03,1280,571854,买盘
73,09:33:37,4.45,-0.02,45,20010,中性盘
74,09:33:40,4.45,0.0,201,89450,卖盘
75,09:33:43,4.45,0.0,324,144086,买盘
76,09:33:46,4.45,0.0,397,176605,买盘
77,09:33:48,4.45,0.0,238,105916,买盘
78,09:33:52,4.44,-0.01,193,85751,卖盘
79,09:33:55,4.45,0.01,751,334185,买盘
80,09:33:58,4.45,0.0,317,141064,买盘
81,09:34:01,4.45,0.0,329,146455,卖盘
82,09:34:04,4.45,0.0,168,74825,卖盘
83,09:34:07,4.45,0.0,16,7126,卖盘
84,09:34:10,4.47,0.02,111,49617,买盘
85,09:34:13,4.46,-0.01,513,228378,卖盘
86,09:34:16,4.45,-0.01,32,14240,卖盘
87,09:34:19,4.46,0.01,358,159647,买盘
88,09:34:22,4.47,0.01,606,270201,买盘
89,09:34:25,4.46,-0.01,347,154739,中性盘
90,09:34:28,4.47,0.01,117,52203,买盘
91,09:34:31,4.47,0.0,6,2680,买盘
92,09:34:34,4.47,0.0,478,213600,买盘
93,09:34:36,4.47,0.0,1225,546193,卖盘
94,09:34:40,4.48,0.01,1060,472097,买盘
95,09:34:43,4.48,0.0,48,21489,买盘
96,09:34:46,4.47,-0.01,121,54089,卖盘
97,09:34:49,4.49,0.02,401,179678,买盘
98,09:34:52,4.47,-0.02,46,20582,卖盘
99,09:34:55,4.46,-0.01,171,76327,卖盘
100,09:34:58,4.5,0.04,3360,1509322,买盘
101,09:35:01,4.5,0.0,228,102600,卖盘
102,09:35:04,4.5,0.0,211,94953,卖盘
103,09:35:06,4.5,0.0,29,13050,卖盘
104,09:35:10,4.51,0.01,192,86566,买盘
105,09:35:12,4.5,-0.01,4097,1854682,卖盘
106,09:35:16,4.51,0.01,2980,1356667,中性盘
107,09:35:19,4.51,0.0,1934,886687,卖盘
108,09:35:22,4.57,0.06,96,43499,买盘
109,09:35:25,4.63,0.06,1268,583569,买盘
110,09:35:28,4.63,0.0,138,63912,卖盘
111,09:35:31,4.62,-0.01,492,228194,卖盘
112,09:35:34,4.63,0.01,137,63387,买盘
113,09:35:37,4.62,-0.01,182,83807,中性盘
114,09:35:40,4.6,-0.02,432,198761,中性盘
115,09:35:43,4.57,-0.03,386,177515,卖盘
116,09:35:46,4.57,0.0,667,302304,卖盘
117,09:35:49,4.59,0.02,234,107296,买盘
118,09:35:52,4.59,0.0,423,193730,买盘
119,09:35:55,4.58,-0.01,417,191070,中性盘
120,09:35:58,4.58,0.0,887,406173,买盘
121,09:36:01,4.57,-0.01,139,63521,卖盘
122,09:36:04,4.54,-0.03,544,247789,卖盘
123,09:36:07,4.57,0.03,211,95924,买盘
124,09:36:10,4.53,-0.04,416,189490,卖盘
125,09:36:13,4.57,0.04,423,192153,买盘
126,09:36:16,4.55,-0.02,181,82707,卖盘
127,09:36:19,4.57,0.02,419,191443,中性盘
128,09:36:21,4.58,0.01,62,28369,买盘
129,09:36:24,4.58,0.0,843,384680,买盘
130,09:36:28,4.57,-0.01,223,101659,买盘
131,09:36:30,4.59,0.02,650,297628,买盘
132,09:36:34,4.58,-0.01,533,243492,买盘
133,09:36:37,4.55,-0.03,640,292340,卖盘
134,09:36:39,4.55,0.0,518,237098,卖盘
135,09:36:42,4.58,0.03,513,234900,买盘
136,09:36:46,4.57,-0.01,355,162587,卖盘
137,09:36:49,4.59,0.02,1390,638112,买盘
138,09:36:52,4.58,-0.01,766,350617,买盘
139,09:36:55,4.58,0.0,696,318720,买盘
140,09:36:57,4.58,0.0,447,204562,买盘
141,09:37:01,4.58,0.0,1000,456781,买盘
142,09:37:04,4.58,0.0,237,108114,买盘
143,09:37:07,4.57,-0.01,174,79608,中性盘
144,09:37:10,4.58,0.01,1080,494138,买盘
145,09:37:13,4.57,-0.01,1029,470147,卖盘
146,09:37:16,4.56,-0.01,138,63066,卖盘
147,09:37:18,4.57,0.01,297,135528,中性盘
148,09:37:22,4.57,0.0,768,350745,卖盘
149,09:37:24,4.57,0.0,195,89025,买盘
150,09:37:27,4.57,0.0,171,78138,买盘
151,09:37:30,4.57,0.0,135,61683,买盘
152,09:37:34,4.58,0.01,427,195389,买盘
153,09:37:37,4.57,-0.01,245,112190,卖盘
154,09:37:40,4.58,0.01,935,427863,买盘
155,09:37:43,4.58,0.0,154,70532,卖盘
156,09:37:45,4.59,0.01,1854,848455,买盘
157,09:37:49,4.59,0.0,1158,531202,买盘
158,09:37:52,4.59,0.0,197,90331,买盘
159,09:37:55,4.6,0.01,495,227688,买盘
160,09:37:58,4.59,-0.01,737,338820,卖盘
161,09:38:01,4.6,0.01,419,192669,买盘
162,09:38:04,4.6,0.0,173,79539,买盘
163,09:38:06,4.6,0.0,993,455953,买盘
164,09:38:10,4.59,-0.01,444,203796,卖盘
165,09:38:13,4.59,0.0,597,273954,买盘
166,09:38:16,4.59,0.0,350,160612,买盘
167,09:38:19,4.58,-0.01,647,296599,卖盘
168,09:38:22,4.59,0.01,566,259327,买盘
169,09:38:25,4.58,-0.01,230,105339,中性盘
170,09:38:28,4.57,-0.01,84,38428,卖盘
171,09:38:31,4.57,0.0,239,109354,卖盘
172,09:38:34,4.56,-0.01,598,273186,卖盘
173,09:38:37,4.58,0.02,74,33809,买盘
174,09:38:40,4.57,-0.01,536,244886,卖盘
175,09:38:43,4.55,-0.02,539,246149,卖盘
176,09:38:46,4.57,0.02,127,58034,中性盘
177,09:38:49,4.55,-0.02,1157,526801,卖盘
178,09:38:52,4.55,0.0,110,50050,买盘
179,09:38:55,4.55,0.0,178,80960,买盘
180,09:38:58,4.55,0.0,39,17738,买盘
181,09:39:01,4.54,-0.01,151,68627,卖盘
182,09:39:04,4.55,0.01,109,49588,买盘
183,09:39:07,4.56,0.01,15,6840,买盘
184,09:39:10,4.56,0.0,99,45144,买盘
185,09:39:13,4.55,-0.01,425,193635,卖盘
186,09:39:16,4.56,0.01,13,5928,中性盘
187,09:39:19,4.55,-0.01,281,128094,卖盘
188,09:39:22,4.57,0.02,123,56197,买盘
189,09:39:25,4.57,0.0,192,87643,买盘
190,09:39:28,4.56,-0.01,96,43796,中性盘
191,09:39:31,4.57,0.01,191,87287,买盘
192,09:39:34,4.57,0.0,264,120713,买盘
193,09:39:37,4.57,0.0,526,240402,卖盘
194,09:39:39,4.59,0.02,2714,1241471,买盘
195,09:39:43,4.59,0.0,243,111464,买盘
196,09:39:46,4.59,0.0,233,106947,卖盘
197,09:39:49,4.59,0.0,503,231079,卖盘
198,09:39:52,4.6,0.01,190,87371,买盘
199,09:39:55,4.6,0.0,480,220745,买盘
200,09:39:58,4.6,0.0,1479,679444,买盘
201,09:40:01,4.61,0.01,1494,686543,买盘
202,09:40:04,4.6,-0.01,859,395686,卖盘
203,09:40:07,4.59,-0.01,934,429324,卖盘
204,09:40:10,4.6,0.01,590,270777,买盘
205,09:40:13,4.6,0.0,477,219365,买盘
206,09:40:16,4.56,-0.04,1163,532700,卖盘
207,09:40:19,4.56,0.0,294,134758,卖盘
208,09:40:22,4.6,0.04,165,75821,买盘
209,09:40:25,4.58,-0.02,38,17414,卖盘
210,09:40:27,4.58,0.0,48,21978,买盘
211,09:40:31,4.56,-0.02,178,81391,卖盘
212,09:40:33,4.57,0.01,183,83591,买盘
213,09:40:36,4.57,0.0,117,53447,买盘
214,09:40:40,4.57,0.0,871,397453,买盘
215,09:40:43,4.57,0.0,849,387493,买盘
216,09:40:46,4.57,0.0,120,54786,买盘
217,09:40:49,4.57,0.0,913,418009,买盘
218,09:40:51,4.57,0.0,780,356460,卖盘
219,09:40:54,4.57,0.0,244,111548,卖盘
220,09:40:58,4.57,0.0,317,144884,卖盘
221,09:41:01,4.58,0.01,344,157539,买盘
222,09:41:04,4.58,0.0,1065,486883,卖盘
223,09:41:07,4.58,0.0,167,76640,卖盘
224,09:41:09,4.59,0.01,206,94489,买盘
225,09:41:12,4.58,-0.01,1324,607553,卖盘
226,09:41:16,4.6,0.02,708,325146,买盘
227,09:41:19,4.59,-0.01,286,131478,卖盘
228,09:41:22,4.6,0.01,145,66691,买盘
229,09:41:25,4.6,0.0,249,114490,买盘
230,09:41:28,4.6,0.0,220,101170,买盘
231,09:41:31,4.6,0.0,152,69920,买盘
232,09:41:33,4.6,0.0,536,246560,买盘
233,09:41:36,4.6,0.0,453,208375,买盘
234,09:41:39,4.61,0.01,240,110540,买盘
235,09:41:42,4.6,-0.01,310,142600,卖盘
236,09:41:46,4.61,0.01,898,413347,买盘
237,09:41:49,4.61,0.0,196,90331,买盘
238,09:41:52,4.61,0.0,198,91238,买盘
239,09:41:54,4.62,0.01,286,131765,买盘
240,09:41:58,4.62,0.0,57,26323,买盘
241,09:42:00,4.61,-0.01,226,104386,卖盘
242,09:42:04,4.62,0.01,535,247166,买盘
243,09:42:07,4.62,0.0,393,181421,买盘
244,09:42:10,4.62,0.0,563,259706,买盘
245,09:42:13,4.62,0.0,526,243012,买盘
246,09:42:16,4.63,0.01,345,159352,买盘
247,09:42:19,4.62,-0.01,1111,513926,卖盘
248,09:42:22,4.62,0.0,528,244364,卖盘
249,09:42:25,4.63,0.01,844,390473,买盘
250,09:42:28,4.62,-0.01,738,341573,卖盘
251,09:42:31,4.63,0.01,563,260398,买盘
252,09:42:34,4.63,0.0,619,286597,买盘
253,09:42:36,4.63,0.0,695,321224,买盘
254,09:42:40,4.62,-0.01,339,156566,中性盘
255,09:42:43,4.62,0.0,1558,718705,买盘
256,09:42:46,4.62,0.0,539,248945,买盘
257,09:42:49,4.6,-0.02,955,440092,卖盘
258,09:42:52,4.61,0.01,383,176621,中性盘
259,09:42:55,4.6,-0.01,231,106258,卖盘
260,09:42:57,4.6,0.0,127,58420,买盘
261,09:43:01,4.6,0.0,168,77277,买盘
262,09:43:04,4.6,0.0,890,410185,买盘
263,09:43:06,4.61,0.01,658,302779,买盘
264,09:43:10,4.6,-0.01,317,145869,卖盘
265,09:43:13,4.61,0.01,329,151598,买盘
266,09:43:16,4.6,-0.01,843,387764,卖盘
267,09:43:19,4.6,0.0,88,40480,买盘
268,09:43:22,4.6,0.0,30,13800,买盘
269,09:43:25,4.6,0.0,29,13340,买盘
270,09:43:28,4.59,-0.01,662,303907,卖盘
271,09:43:31,4.59,0.0,3011,1378901,买盘
272,09:43:33,4.58,-0.01,277,127141,中性盘
273,09:43:36,4.59,0.01,29,13288,买盘
274,09:43:40,4.57,-0.02,90,41130,卖盘
275,09:43:43,4.57,0.0,903,412709,卖盘
276,09:43:46,4.57,0.0,170,77689,卖盘
277,09:43:49,4.57,0.0,20,9140,买盘
278,09:43:52,4.57,0.0,402,183639,买盘
279,09:43:54,4.56,-0.01,67,30614,卖盘
280,09:43:58,4.57,0.01,72,32894,买盘
281,09:44:01,4.56,-0.01,1061,484187,卖盘
282,09:44:04,4.56,0.0,69,31461,买盘
283,09:44:07,4.56,0.0,118,53799,买盘
284,09:44:09,4.56,0.0,47,21412,买盘
285,09:44:12,4.55,-0.01,624,284191,卖盘
286,09:44:16,4.56,0.01,82,37379,买盘
287,09:44:19,4.57,0.01,386,175942,买盘
288,09:44:22,4.56,-0.01,653,297141,卖盘
289,09:44:25,4.57,0.01,303,138007,买盘
290,09:44:27,4.56,-0.01,21,9576,卖盘
291,09:44:31,4.57,0.01,74,33776,买盘
292,09:44:33,4.55,-0.02,240,109462,卖盘
293,09:44:37,4.56,0.01,102,46512,买盘
294,09:44:39,4.56,0.0,62,28264,买盘
295,09:44:43,4.55,-0.01,1314,597993,卖盘
296,09:44:46,4.55,0.0,202,91910,买盘
297,09:44:49,4.55,0.0,38,17275,买盘
298,09:44:52,4.55,0.0,204,92617,买盘
299,09:44:55,4.55,0.0,158,71796,买盘
300,09:44:58,4.54,-0.01,57,25903,卖盘
301,09:45:01,4.55,0.01,44,20005,买盘
302,09:45:04,4.53,-0.02,177,80391,卖盘
303,09:45:07,4.55,0.02,125,56865,买盘
304,09:45:10,4.55,0.0,68,30868,买盘
305,09:45:13,4.54,-0.01,223,101252,中性盘
306,09:45:16,4.54,0.0,180,81720,买盘
307,09:45:19,4.55,0.01,190,86435,买盘
308,09:45:22,4.54,-0.01,82,37269,卖盘
309,09:45:25,4.54,0.0,39,17706,卖盘
310,09:45:27,4.54,0.0,40,18160,卖盘
311,09:45:31,4.54,0.0,51,23154,卖盘
312,09:45:34,4.54,0.0,607,275586,卖盘
313,09:45:37,4.55,0.01,550,250249,买盘
314,09:45:40,4.54,-0.01,938,425852,卖盘
315,09:45:43,4.54,0.0,324,147096,买盘
316,09:45:46,4.54,0.0,341,154814,买盘
317,09:45:48,4.53,-0.01,231,104814,卖盘
318,09:45:52,4.53,0.0,138,62631,卖盘
319,09:45:55,4.54,0.01,64,28829,买盘
320,09:45:58,4.53,-0.01,290,131630,卖盘
321,09:46:01,4.53,0.0,59,26792,卖盘
322,09:46:04,4.54,0.01,2800,1263514,买盘
323,09:46:07,4.54,0.0,337,152826,买盘
324,09:46:10,4.54,0.0,45,20391,买盘
325,09:46:13,4.54,0.0,6,2724,买盘
326,09:46:15,4.53,-0.01,48,21744,卖盘
327,09:46:19,4.53,0.0,82,37176,卖盘
328,09:46:22,4.53,0.0,374,169748,卖盘
329,09:46:25,4.53,0.0,152,68857,卖盘
330,09:46:28,4.54,0.01,165,74901,买盘
331,09:46:30,4.52,-0.02,447,202466,卖盘
332,09:46:33,4.54,0.02,119,53887,买盘
333,09:46:37,4.54,0.0,5,2270,卖盘
334,09:46:39,4.54,0.0,55,24970,卖盘
335,09:46:43,4.52,-0.02,86,38984,卖盘
336,09:46:46,4.52,0.0,29,13108,买盘
337,09:46:49,4.52,0.0,45,20340,买盘
338,09:46:52,4.51,-0.01,65,29347,卖盘
339,09:46:55,4.52,0.01,101,45680,买盘
340,09:46:58,4.52,0.0,81,36612,卖盘
341,09:47:01,4.52,0.0,26,11752,卖盘
342,09:47:04,4.53,0.01,32,14496,买盘
343,09:47:06,4.53,0.0,155,70215,买盘
344,09:47:10,4.52,-0.01,176,79598,卖盘
345,09:47:13,4.54,0.02,1,454,买盘
346,09:47:16,4.53,-0.01,50,22650,卖盘
347,09:47:19,4.53,0.0,34,15417,卖盘
348,09:47:22,4.53,0.0,274,124110,卖盘
349,09:47:25,4.53,0.0,19,8597,买盘
350,09:47:28,4.53,0.0,128,58059,买盘
351,09:47:31,4.53,0.0,53,23995,买盘
352,09:47:34,4.53,0.0,124,56226,卖盘
353,09:47:40,4.54,0.01,218,98872,买盘
354,09:47:43,4.54,0.0,72,32648,买盘
355,09:47:45,4.54,0.0,154,69916,买盘
356,09:47:49,4.54,0.0,173,78439,买盘
357,09:47:52,4.53,-0.01,631,285921,卖盘
358,09:47:55,4.53,0.0,169,76557,买盘
359,09:47:57,4.53,0.0,126,57066,买盘
360,09:48:01,4.53,0.0,202,91506,买盘
361,09:48:07,4.53,0.0,270,122552,卖盘
362,09:48:10,4.55,0.02,11,5005,买盘
363,09:48:16,4.53,-0.02,223,101457,卖盘
364,09:48:19,4.53,0.0,5,2265,卖盘
365,09:48:22,4.54,0.01,143,65045,中性盘
366,09:48:25,4.53,-0.01,144,65272,卖盘
367,09:48:28,4.54,0.01,32,14528,买盘
368,09:48:31,4.53,-0.01,9,4077,卖盘
369,09:48:34,4.54,0.01,63,28602,买盘
370,09:48:37,4.54,0.0,123,55842,卖盘
371,09:48:40,4.54,0.0,10,4540,卖盘
372,09:48:43,4.54,0.0,301,136923,卖盘
373,09:48:46,4.56,0.02,169,76949,买盘
374,09:48:49,4.54,-0.02,200,90959,卖盘
375,09:48:51,4.55,0.01,63,28695,卖盘
376,09:48:55,4.56,0.01,15,6830,买盘
377,09:48:58,4.56,0.0,50,22797,买盘
378,09:49:01,4.55,-0.01,18,8190,卖盘
379,09:49:04,4.54,-0.01,388,176316,卖盘
380,09:49:10,4.53,-0.01,84,38086,卖盘
381,09:49:16,4.53,0.0,11,4988,卖盘
382,09:49:19,4.54,0.01,116,52664,买盘
383,09:49:22,4.54,0.0,18,8161,买盘
384,09:49:25,4.53,-0.01,116,52554,卖盘
385,09:49:28,4.54,0.01,102,46307,买盘
386,09:49:31,4.53,-0.01,500,226700,卖盘
387,09:49:34,4.54,0.01,83,37616,买盘
388,09:49:37,4.53,-0.01,3,1359,买盘
389,09:49:42,4.53,0.0,32,14466,买盘
390,09:49:46,4.53,0.0,62,28086,买盘
391,09:49:49,4.53,0.0,5,2265,卖盘
392,09:49:52,4.53,0.0,4,1812,卖盘
393,09:49:58,4.53,0.0,24,10872,卖盘
394,09:50:01,4.53,0.0,197,89295,卖盘
395,09:50:04,4.54,0.01,80,36310,买盘
396,09:50:07,4.53,-0.01,46,20858,中性盘
397,09:50:10,4.52,-0.01,76,34454,卖盘
398,09:50:13,4.52,0.0,26,11769,卖盘
399,09:50:16,4.53,0.01,71,32160,买盘
400,09:50:19,4.53,0.0,190,85887,买盘
401,09:50:22,4.52,-0.01,551,249052,卖盘
402,09:50:24,4.52,0.0,68,30736,买盘
403,09:50:28,4.52,0.0,5,2260,买盘
404,09:50:31,4.52,0.0,133,59993,买盘
405,09:50:34,4.52,0.0,135,60920,买盘
406,09:50:37,4.51,-0.01,117,52833,卖盘
407,09:50:40,4.51,0.0,31,13981,卖盘
408,09:50:43,4.5,-0.01,68,30601,卖盘
409,09:50:45,4.5,0.0,43,19362,卖盘
410,09:50:49,4.5,0.0,210,94511,卖盘
411,09:50:52,4.49,-0.01,201,90660,卖盘
412,09:50:55,4.49,0.0,306,137394,卖盘
413,09:50:58,4.49,0.0,11,4939,买盘
414,09:51:01,4.48,-0.01,125,56057,卖盘
415,09:51:04,4.48,0.0,146,65410,卖盘
416,09:51:06,4.47,-0.01,128,57269,卖盘
417,09:51:09,4.48,0.01,140,62569,买盘
418,09:51:13,4.46,-0.02,987,440531,卖盘
419,09:51:16,4.46,0.0,72,32062,买盘
420,09:51:19,4.46,0.0,327,145558,买盘
421,09:51:22,4.46,0.0,933,414738,买盘
422,09:51:25,4.46,0.0,138,61541,买盘
423,09:51:27,4.44,-0.02,117,51988,卖盘
424,09:51:30,4.44,0.0,80,35520,买盘
425,09:51:34,4.5,0.06,339,150769,买盘
426,09:51:36,4.45,-0.05,907,402882,卖盘
427,09:51:40,4.44,-0.01,2,889,卖盘
428,09:51:43,4.45,0.01,142,63188,买盘
429,09:51:46,4.45,0.0,284,126157,买盘
430,09:51:49,4.45,0.0,533,236710,买盘
431,09:51:52,4.44,-0.01,408,181042,卖盘
432,09:51:55,4.44,0.0,365,162059,买盘
433,09:51:57,4.44,0.0,21,9318,买盘
434,09:52:01,4.43,-0.01,143,63468,卖盘
435,09:52:04,4.44,0.01,996,441934,买盘
436,09:52:06,4.43,-0.01,511,226440,卖盘
437,09:52:09,4.44,0.01,49,21788,卖盘
438,09:52:12,4.44,0.0,88,39073,卖盘
439,09:52:16,4.45,0.01,76,33820,买盘
440,09:52:19,4.45,0.0,11,4895,卖盘
441,09:52:22,4.46,0.01,49,21825,买盘
442,09:52:25,4.46,0.0,426,189620,买盘
443,09:52:28,4.46,0.0,3,1338,买盘
444,09:52:31,4.46,0.0,5,2230,卖盘
445,09:52:34,4.48,0.02,1,448,买盘
446,09:52:36,4.45,-0.03,226,100708,卖盘
447,09:52:40,4.48,0.03,62,27776,买盘
448,09:52:43,4.46,-0.02,179,79903,卖盘
449,09:52:45,4.48,0.02,10,4480,买盘
450,09:52:49,4.45,-0.03,861,383417,卖盘
451,09:52:52,4.44,-0.01,266,118252,卖盘
452,09:52:55,4.46,0.02,13,5804,卖盘
453,09:52:58,4.47,0.01,12,5364,中性盘
454,09:53:01,4.46,-0.01,17,7582,卖盘
455,09:53:04,4.46,0.0,30,13380,卖盘
456,09:53:07,4.48,0.02,100,44788,买盘
457,09:53:09,4.46,-0.02,680,303326,卖盘
458,09:53:13,4.46,0.0,16,7141,卖盘
459,09:53:16,4.47,0.01,89,39822,中性盘
460,09:53:19,4.46,-0.01,200,89240,卖盘
461,09:53:22,4.46,0.0,28,12542,卖盘
462,09:53:25,4.46,0.0,71,31708,卖盘
463,09:53:28,4.47,0.01,210,93670,中性盘
464,09:53:33,4.48,0.01,239,106760,买盘
465,09:53:40,4.48,0.0,22,9856,买盘
466,09:53:43,4.46,-0.02,101,45140,卖盘
467,09:53:46,4.48,0.02,207,92541,买盘
468,09:53:49,4.47,-0.01,41,18315,中性盘
469,09:53:55,4.47,0.0,252,112312,买盘
470,09:53:58,4.46,-0.01,30,13380,买盘
471,09:54:00,4.47,0.01,72,32144,买盘
472,09:54:04,4.45,-0.02,45,20027,卖盘
473,09:54:07,4.45,0.0,50,22250,卖盘
474,09:54:10,4.46,0.01,439,195794,买盘
475,09:54:13,4.45,-0.01,501,223166,卖盘
476,09:54:16,4.46,0.01,23,10255,中性盘
477,09:54:19,4.45,-0.01,650,289502,卖盘
478,09:54:22,4.47,0.02,750,333248,买盘
479,09:54:25,4.46,-0.01,2870,1271417,买盘
480,09:54:28,4.46,0.0,224,100089,买盘
481,09:54:31,4.46,0.0,338,150608,买盘
482,09:54:34,4.47,0.01,3,1341,买盘
483,09:54:37,4.46,-0.01,16,7136,卖盘
484,09:54:40,4.46,0.0,4,1784,卖盘
485,09:54:43,4.45,-0.01,30,13377,卖盘
486,09:54:46,4.46,0.01,19,8465,中性盘
487,09:54:48,4.46,0.0,5,2230,卖盘
488,09:54:52,4.45,-0.01,3,1335,卖盘
489,09:54:55,4.45,0.0,5,2225,卖盘
490,09:54:58,4.44,-0.01,86,38263,卖盘
491,09:55:01,4.46,0.02,10,4454,买盘
492,09:55:04,4.44,-0.02,300,133200,卖盘
493,09:55:06,4.44,0.0,11,4894,卖盘
494,09:55:10,4.45,0.01,328,145743,买盘
495,09:55:12,4.46,0.01,36,16030,买盘
496,09:55:16,4.45,-0.01,35,15592,卖盘
497,09:55:19,4.45,0.0,70,31150,卖盘
498,09:55:21,4.44,-0.01,108,48005,卖盘
499,09:55:25,4.46,0.02,40,17830,买盘
500,09:55:28,4.44,-0.02,99,43998,卖盘
501,09:55:34,4.45,0.01,55,24475,买盘
502,09:55:37,4.45,0.0,19,8455,买盘
503,09:55:40,4.45,0.0,9,4001,买盘
504,09:55:43,4.45,0.0,110,48950,买盘
505,09:55:46,4.45,0.0,3,1335,卖盘
506,09:55:48,4.45,0.0,19,8465,卖盘
507,09:55:52,4.46,0.01,231,102679,买盘
508,09:55:55,4.46,0.0,10,4460,买盘
509,09:56:01,4.45,-0.01,97,43165,中性盘
510,09:56:04,4.44,-0.01,226,100402,卖盘
511,09:56:06,4.45,0.01,56,24920,中性盘
512,09:56:09,4.44,-0.01,23,10212,卖盘
513,09:56:13,4.44,0.0,203,90132,卖盘
514,09:56:16,4.43,-0.01,9,3994,卖盘
515,09:56:19,4.45,0.02,125,55625,买盘
516,09:56:21,4.45,0.0,27,11997,买盘
517,09:56:25,4.44,-0.01,44,19536,卖盘
518,09:56:28,4.43,-0.01,617,273715,卖盘
519,09:56:31,4.44,0.01,127,56344,中性盘
520,09:56:34,4.43,-0.01,90,39947,卖盘
521,09:56:37,4.44,0.01,223,98812,中性盘
522,09:56:40,4.43,-0.01,9,3987,卖盘
523,09:56:43,4.43,0.0,66,29247,卖盘
524,09:56:46,4.44,0.01,90,39940,买盘
525,09:56:49,4.43,-0.01,316,139994,卖盘
526,09:56:52,4.43,0.0,11,4873,卖盘
527,09:56:55,4.43,0.0,143,63294,买盘
528,09:56:58,4.42,-0.01,415,183430,卖盘
529,09:57:01,4.42,0.0,719,318004,卖盘
530,09:57:04,4.41,-0.01,183,80791,卖盘
531,09:57:07,4.41,0.0,1372,605056,卖盘
532,09:57:10,4.4,-0.01,1090,479603,卖盘
533,09:57:13,4.41,0.01,459,201970,买盘
534,09:57:15,4.4,-0.01,324,142561,卖盘
535,09:57:18,4.4,0.0,193,84920,卖盘
536,09:57:22,4.41,0.01,327,144010,买盘
537,09:57:25,4.4,-0.01,832,366090,卖盘
538,09:57:28,4.41,0.01,401,176590,买盘
539,09:57:31,4.4,-0.01,402,176815,卖盘
540,09:57:33,4.4,0.0,71,31240,买盘
541,09:57:37,4.4,0.0,59,25958,买盘
542,09:57:40,4.4,0.0,105,46167,买盘
543,09:57:43,4.38,-0.02,1319,578246,卖盘
544,09:57:46,4.38,0.0,479,209440,买盘
545,09:57:49,4.38,0.0,84,36780,买盘
546,09:57:52,4.37,-0.01,855,374199,卖盘
547,09:57:55,4.38,0.01,1107,482857,中性盘
548,09:57:57,4.36,-0.02,454,198361,中性盘
549,09:58:01,4.36,0.0,227,98877,买盘
550,09:58:04,4.36,0.0,8,3488,买盘
551,09:58:07,4.36,0.0,112,48730,买盘
552,09:58:10,4.35,-0.01,424,184827,卖盘
553,09:58:12,4.36,0.01,992,431936,买盘
554,09:58:16,4.37,0.01,298,130226,买盘
555,09:58:19,4.38,0.01,2,876,买盘
556,09:58:22,4.38,0.0,273,119324,买盘
557,09:58:25,4.37,-0.01,238,104307,卖盘
558,09:58:28,4.38,0.01,15,6570,卖盘
559,09:58:30,4.39,0.01,46,20187,买盘
560,09:58:37,4.39,0.0,138,60582,买盘
561,09:58:40,4.4,0.01,78,34262,买盘
562,09:58:43,4.4,0.0,1445,633713,买盘
563,09:58:46,4.4,0.0,21,9240,买盘
564,09:58:49,4.4,0.0,106,46640,买盘
565,09:58:51,4.4,0.0,15,6600,卖盘
566,09:58:54,4.4,0.0,90,39620,卖盘
567,09:58:57,4.4,0.0,63,27746,卖盘
568,09:59:01,4.4,0.0,235,103434,卖盘
569,09:59:04,4.4,0.0,109,47960,买盘
570,09:59:07,4.4,0.0,136,59800,买盘
571,09:59:10,4.4,0.0,109,47939,买盘
572,09:59:12,4.4,0.0,23,10108,买盘
573,09:59:16,4.39,-0.01,395,173551,卖盘
574,09:59:19,4.4,0.01,489,215128,买盘
575,09:59:22,4.41,0.01,35,15405,买盘
576,09:59:24,4.41,0.0,63,27739,买盘
577,09:59:28,4.41,0.0,21,9261,买盘
578,09:59:30,4.41,0.0,22,9702,买盘
579,09:59:34,4.41,0.0,50,22050,卖盘
580,09:59:37,4.42,0.01,121,53471,买盘
581,09:59:39,4.41,-0.01,20,8820,卖盘
582,09:59:42,4.42,0.01,116,51220,买盘
583,09:59:49,4.41,-0.01,299,131859,卖盘
584,09:59:52,4.4,-0.01,3,1320,卖盘
585,09:59:55,4.41,0.01,42,18506,买盘
586,09:59:58,4.41,0.0,189,83258,买盘
587,10:00:04,4.4,-0.01,429,188785,卖盘
588,10:00:07,4.4,0.0,77,33880,卖盘
589,10:00:10,4.4,0.0,54,23760,买盘
590,10:00:13,4.4,0.0,16,7040,买盘
591,10:00:16,4.4,0.0,35,15400,买盘
592,10:00:18,4.39,-0.01,9,3951,卖盘
593,10:00:21,4.4,0.01,259,113956,买盘
594,10:00:24,4.4,0.0,13,5717,买盘
595,10:00:28,4.4,0.0,49,21578,买盘
596,10:00:31,4.4,0.0,127,55880,卖盘
597,10:00:37,4.4,0.0,169,74360,卖盘
598,10:00:43,4.41,0.01,84,37031,买盘
599,10:00:46,4.4,-0.01,48,21164,卖盘
600,10:00:49,4.4,0.0,90,39622,卖盘
601,10:00:51,4.4,0.0,34,14963,卖盘
602,10:00:57,4.41,0.01,10,4410,买盘
603,10:01:01,4.41,0.0,11,4851,买盘
604,10:01:04,4.41,0.0,29,12769,买盘
605,10:01:07,4.41,0.0,422,186077,买盘
606,10:01:10,4.41,0.0,10,4410,卖盘
607,10:01:12,4.42,0.01,220,97220,买盘
608,10:01:15,4.42,0.0,42,18564,买盘
609,10:01:19,4.42,0.0,6,2652,买盘
610,10:01:22,4.42,0.0,75,33150,卖盘
611,10:01:24,4.42,0.0,20,8840,买盘
612,10:01:28,4.42,0.0,2,884,买盘
613,10:01:31,4.42,0.0,109,48178,买盘
614,10:01:33,4.41,-0.01,300,132300,卖盘
615,10:01:37,4.4,-0.01,211,93106,卖盘
616,10:01:46,4.42,0.02,590,261065,卖盘
617,10:01:52,4.42,0.0,67,29614,卖盘
618,10:01:55,4.42,0.0,31,13702,买盘
619,10:01:58,4.41,-0.01,152,67144,卖盘
620,10:02:01,4.42,0.01,16,7061,买盘
621,10:02:07,4.42,0.0,52,22934,买盘
622,10:02:09,4.42,0.0,43,19006,买盘
623,10:02:12,4.42,0.0,426,188071,买盘
624,10:02:16,4.43,0.01,1,443,买盘
625,10:02:19,4.41,-0.02,89,39564,卖盘
626,10:02:22,4.42,0.01,12,5304,买盘
627,10:02:24,4.42,0.0,5,2210,买盘
628,10:02:31,4.4,-0.02,883,389126,卖盘
629,10:02:34,4.42,0.02,87,38233,买盘
630,10:02:40,4.42,0.0,113,49946,卖盘
631,10:02:42,4.42,0.0,382,169065,卖盘
632,10:02:45,4.42,0.0,16,7072,买盘
633,10:02:49,4.41,-0.01,100,44100,卖盘
634,10:02:52,4.42,0.01,8,3534,买盘
635,10:02:55,4.42,0.0,120,53040,买盘
636,10:02:58,4.41,-0.01,130,57330,卖盘
637,10:03:01,4.42,0.01,173,76299,买盘
638,10:03:04,4.42,0.0,102,45084,买盘
639,10:03:07,4.42,0.0,120,52819,买盘
640,10:03:10,4.42,0.0,98,43316,卖盘
641,10:03:13,4.42,0.0,17,7735,卖盘
642,10:03:16,4.42,0.0,183,80665,买盘
643,10:03:21,4.42,0.0,84,37112,卖盘
644,10:03:24,4.42,0.0,102,45084,卖盘
645,10:03:28,4.43,0.01,8,3541,买盘
646,10:03:31,4.42,-0.01,50,22064,卖盘
647,10:03:34,4.42,0.0,31,13702,买盘
648,10:03:37,4.41,-0.01,204,90074,卖盘
649,10:03:40,4.41,0.0,277,122578,卖盘
650,10:03:43,4.43,0.02,187,82216,买盘
651,10:03:46,4.4,-0.03,486,214078,卖盘
652,10:03:51,4.4,0.0,500,220060,卖盘
653,10:03:55,4.41,0.01,4,1764,中性盘
654,10:03:57,4.41,0.0,107,47090,买盘
655,10:04:01,4.43,0.02,383,169371,买盘
656,10:04:04,4.4,-0.03,113,49720,卖盘
657,10:04:07,4.4,0.0,55,24200,买盘
658,10:04:10,4.4,0.0,526,230940,买盘
659,10:04:13,4.4,0.0,429,188760,买盘
660,10:04:16,4.39,-0.01,435,191048,卖盘
661,10:04:19,4.39,0.0,5,2195,买盘
662,10:04:22,4.4,0.01,165,72600,卖盘
663,10:04:25,4.39,-0.01,56,24629,卖盘
664,10:04:28,4.41,0.02,3,1323,买盘
665,10:04:37,4.4,-0.01,20,8804,卖盘
666,10:04:40,4.4,0.0,29,12760,卖盘
667,10:04:43,4.41,0.01,42,18488,买盘
668,10:04:46,4.4,-0.01,9,3960,买盘
669,10:04:52,4.4,0.0,27,11880,买盘
670,10:04:55,4.39,-0.01,81,35609,卖盘
671,10:04:57,4.39,0.0,634,278343,卖盘
672,10:05:00,4.4,0.01,60,26396,买盘
673,10:05:04,4.4,0.0,14,6158,中性盘
674,10:05:07,4.4,0.0,17,7480,卖盘
675,10:05:10,4.4,0.0,20,8800,买盘
676,10:05:13,4.39,-0.01,63,27662,卖盘
677,10:05:16,4.38,-0.01,1075,471172,卖盘
678,10:05:19,4.39,0.01,55,24145,中性盘
679,10:05:22,4.39,0.0,10,4390,买盘
680,10:05:25,4.39,0.0,92,40388,买盘
681,10:05:31,4.39,0.0,30,13170,卖盘
682,10:05:39,4.39,0.0,40,17560,卖盘
683,10:05:42,4.39,0.0,220,96580,卖盘
684,10:05:45,4.4,0.01,35,15380,买盘
685,10:05:49,4.38,-0.02,20,8760,卖盘
686,10:05:52,4.39,0.01,49,21511,买盘
687,10:06:01,4.39,0.0,92,40388,买盘
688,10:06:04,4.39,0.0,90,39510,卖盘
689,10:06:13,4.39,0.0,126,55314,卖盘
690,10:06:16,4.39,0.0,81,35515,买盘
691,10:06:19,4.39,0.0,30,13150,买盘
692,10:06:22,4.38,-0.01,130,57040,卖盘
693,10:06:25,4.38,0.0,20,8760,卖盘
694,10:06:28,4.39,0.01,80,35120,买盘
695,10:06:30,4.39,0.0,16,7023,买盘
696,10:06:34,4.39,0.0,48,21072,买盘
697,10:06:37,4.39,0.0,100,43900,卖盘
698,10:06:43,4.39,0.0,30,13170,卖盘
699,10:06:46,4.39,0.0,25,10975,卖盘
700,10:06:51,4.39,0.0,14,6146,卖盘
701,10:06:54,4.4,0.01,16,7036,买盘
702,10:06:58,4.39,-0.01,31,13635,卖盘
703,10:07:04,4.39,0.0,20,8780,卖盘
704,10:07:10,4.4,0.01,90,39550,买盘
705,10:07:15,4.4,0.0,41,18020,买盘
706,10:07:25,4.4,0.0,20,8799,买盘
707,10:07:31,4.4,0.0,10,4400,买盘
708,10:07:33,4.4,0.0,12,5280,买盘
709,10:07:36,4.4,0.0,26,11440,买盘
710,10:07:40,4.4,0.0,1,440,买盘
711,10:07:42,4.39,-0.01,50,21980,卖盘
712,10:07:46,4.4,0.01,10,4400,买盘
713,10:07:58,4.39,-0.01,149,65555,卖盘
714,10:08:01,4.4,0.01,20,8800,买盘
715,10:08:04,4.4,0.0,96,42240,买盘
716,10:08:07,4.4,0.0,132,58080,买盘
717,10:08:09,4.4,0.0,20,8800,买盘
718,10:08:13,4.4,0.0,105,46200,买盘
719,10:08:16,4.39,-0.01,30,13180,卖盘
720,10:08:19,4.4,0.01,70,30800,买盘
721,10:08:22,4.4,0.0,18,7920,买盘
722,10:08:24,4.4,0.0,100,44000,买盘
723,10:08:27,4.4,0.0,72,31680,买盘
724,10:08:31,4.4,0.0,80,35200,买盘
725,10:08:33,4.41,0.01,10,4410,买盘
726,10:08:37,4.41,0.0,10,4410,买盘
727,10:08:43,4.41,0.0,5,2205,买盘
728,10:08:45,4.41,0.0,9,3969,买盘
729,10:08:55,4.42,0.01,109,48174,买盘
730,10:08:58,4.41,-0.01,2,882,卖盘
731,10:09:01,4.41,0.0,43,18973,卖盘
732,10:09:04,4.42,0.01,10,4420,买盘
733,10:09:10,4.41,-0.01,28,12374,卖盘
734,10:09:13,4.41,0.0,153,67473,卖盘
735,10:09:19,4.41,0.0,3,1323,买盘
736,10:09:21,4.42,0.01,22,9707,买盘
737,10:09:25,4.41,-0.01,6,2646,中性盘
738,10:09:31,4.41,0.0,121,53341,买盘
739,10:09:34,4.41,0.0,58,25578,买盘
740,10:09:37,4.41,0.0,31,13671,买盘
741,10:09:39,4.41,0.0,69,30429,买盘
742,10:09:43,4.41,0.0,6,2646,买盘
743,10:09:45,4.41,0.0,17,7497,买盘
744,10:09:49,4.4,-0.01,165,72600,卖盘
745,10:09:58,4.41,0.01,43,18963,买盘
746,10:10:06,4.41,0.0,346,152586,卖盘
747,10:10:12,4.4,-0.01,1,440,卖盘
748,10:10:19,4.41,0.01,16,7056,买盘
749,10:10:22,4.4,-0.01,313,137721,卖盘
750,10:10:25,4.41,0.01,76,33466,买盘
751,10:10:28,4.4,-0.01,12,5280,买盘
752,10:10:31,4.4,0.0,19,8360,买盘
753,10:10:33,4.4,0.0,47,20643,买盘
754,10:10:37,4.4,0.0,46,20240,买盘
755,10:10:42,4.4,0.0,21,9240,卖盘
756,10:10:49,4.4,0.0,137,60283,卖盘
757,10:10:55,4.4,0.0,8,3520,卖盘
758,10:10:58,4.4,0.0,46,20240,卖盘
759,10:11:01,4.4,0.0,100,44000,卖盘
760,10:11:04,4.41,0.01,2,882,买盘
761,10:11:07,4.4,-0.01,43,18920,卖盘
762,10:11:10,4.4,0.0,69,30360,卖盘
763,10:11:13,4.4,0.0,20,8800,卖盘
764,10:11:16,4.4,0.0,14,6160,卖盘
765,10:11:19,4.41,0.01,64,28224,买盘
766,10:11:22,4.4,-0.01,19,8360,卖盘
767,10:11:28,4.4,0.0,5,2200,卖盘
768,10:11:30,4.4,0.0,20,8800,卖盘
769,10:11:34,4.4,0.0,30,13200,卖盘
770,10:11:40,4.4,0.0,10,4400,卖盘
771,10:11:46,4.41,0.01,100,44100,买盘
772,10:11:49,4.4,-0.01,12,5288,卖盘
773,10:11:55,4.41,0.01,11,4844,买盘
774,10:11:58,4.41,0.0,10,4406,买盘
775,10:12:01,4.41,0.0,20,8820,买盘
776,10:12:04,4.4,-0.01,20,8800,卖盘
777,10:12:07,4.41,0.01,673,296793,买盘
778,10:12:10,4.41,0.0,14,6174,买盘
779,10:12:16,4.41,0.0,10,4410,买盘
780,10:12:19,4.41,0.0,3,1323,买盘
781,10:12:22,4.41,0.0,9,3969,买盘
782,10:12:25,4.41,0.0,1,441,买盘
783,10:12:28,4.41,0.0,18,7938,买盘
784,10:12:30,4.4,-0.01,21,9240,卖盘
785,10:12:33,4.41,0.01,48,21168,买盘
786,10:12:36,4.4,-0.01,100,44000,卖盘
787,10:12:40,4.4,0.0,203,89320,卖盘
788,10:12:43,4.41,0.01,99,43659,买盘
789,10:12:46,4.41,0.0,24,10584,买盘
790,10:12:51,4.41,0.0,20,8820,买盘
791,10:12:55,4.41,0.0,10,4410,买盘
792,10:13:01,4.41,0.0,1,441,卖盘
793,10:13:04,4.41,0.0,13,5733,卖盘
794,10:13:10,4.41,0.0,8,3528,卖盘
795,10:13:13,4.42,0.01,240,105900,买盘
796,10:13:15,4.42,0.0,10,4420,买盘
797,10:13:18,4.42,0.0,21,9282,买盘
798,10:13:22,4.42,0.0,66,29172,买盘
799,10:13:25,4.41,-0.01,211,93051,卖盘
800,10:13:28,4.41,0.0,245,108045,买盘
801,10:13:30,4.41,0.0,30,13230,买盘
802,10:13:34,4.42,0.01,20,8826,买盘
803,10:13:40,4.41,-0.01,30,13230,买盘
804,10:13:43,4.42,0.01,10,4420,买盘
805,10:13:46,4.41,-0.01,12,5292,卖盘
806,10:13:48,4.42,0.01,52,22979,买盘
807,10:13:55,4.41,-0.01,6,2646,买盘
808,10:13:58,4.41,0.0,2,882,买盘
809,10:14:13,4.42,0.01,5,2210,买盘
810,10:14:22,4.42,0.0,25,11035,买盘
811,10:14:30,4.41,-0.01,100,44100,卖盘
812,10:14:33,4.42,0.01,8,3536,买盘
813,10:14:37,4.42,0.0,14,6188,买盘
814,10:14:39,4.41,-0.01,223,98343,卖盘
815,10:14:43,4.41,0.0,100,44100,买盘
816,10:14:52,4.41,0.0,3,1323,买盘
817,10:14:54,4.41,0.0,110,48510,买盘
818,10:14:57,4.41,0.0,64,28224,买盘
819,10:15:01,4.4,-0.01,56,24674,卖盘
820,10:15:13,4.41,0.01,21,9261,卖盘
821,10:15:16,4.41,0.0,10,4410,卖盘
822,10:15:19,4.41,0.0,90,39740,卖盘
823,10:15:22,4.41,0.0,6,2646,卖盘
824,10:15:25,4.41,0.0,3,1323,卖盘
825,10:15:27,4.42,0.01,3,1326,买盘
826,10:15:37,4.42,0.0,10,4420,买盘
827,10:15:43,4.42,0.0,20,8840,买盘
828,10:15:49,4.42,0.0,71,31382,买盘
829,10:15:58,4.42,0.0,12,5304,买盘
830,10:16:01,4.42,0.0,220,97240,买盘
831,10:16:06,4.42,0.0,918,405756,买盘
832,10:16:18,4.42,0.0,172,76024,卖盘
833,10:16:22,4.42,0.0,48,21216,买盘
834,10:16:25,4.42,0.0,27,11941,卖盘
835,10:16:27,4.42,0.0,181,80102,卖盘
836,10:16:33,4.43,0.01,56,24808,买盘
837,10:16:46,4.42,-0.01,199,87958,卖盘
838,10:16:49,4.42,0.0,8,3536,买盘
839,10:16:52,4.42,0.0,18,7956,买盘
840,10:16:55,4.42,0.0,10,4420,买盘
841,10:16:58,4.42,0.0,30,13260,买盘
842,10:17:01,4.42,0.0,34,15028,买盘
843,10:17:04,4.41,-0.01,17,7506,卖盘
844,10:17:07,4.43,0.02,65,28795,买盘
845,10:17:15,4.42,-0.01,21,9287,卖盘
846,10:17:19,4.42,0.0,10,4420,买盘
847,10:17:25,4.42,0.0,18,7956,买盘
848,10:17:31,4.42,0.0,29,12818,卖盘
849,10:17:34,4.42,0.0,30,13260,买盘
850,10:17:37,4.42,0.0,1,442,买盘
851,10:17:40,4.42,0.0,41,18122,买盘
852,10:17:43,4.42,0.0,8,3536,卖盘
853,10:17:49,4.42,0.0,88,38896,卖盘
854,10:17:52,4.42,0.0,13,5746,买盘
855,10:17:55,4.42,0.0,6,2652,买盘
856,10:17:58,4.42,0.0,6,2652,买盘
857,10:18:01,4.42,0.0,1,442,买盘
858,10:18:04,4.41,-0.01,320,141406,卖盘
859,10:18:10,4.41,0.0,13,5733,卖盘
860,10:18:13,4.41,0.0,6,2646,卖盘
861,10:18:16,4.41,0.0,30,13235,卖盘
862,10:18:34,4.41,0.0,1141,503199,卖盘
863,10:18:37,4.42,0.01,8,3538,中性盘
864,10:18:43,4.42,0.0,10,4420,买盘
865,10:18:46,4.42,0.0,3,1326,买盘
866,10:18:58,4.41,-0.01,50,22050,卖盘
867,10:19:16,4.42,0.01,48,21216,买盘
868,10:19:25,4.41,-0.01,16,7056,卖盘
869,10:19:27,4.42,0.01,61,26962,买盘
870,10:19:34,4.42,0.0,126,55692,买盘
871,10:19:37,4.42,0.0,2,884,买盘
872,10:19:46,4.4,-0.02,1449,638243,卖盘
873,10:19:52,4.41,0.01,5,2205,卖盘
874,10:19:55,4.41,0.0,5,2205,卖盘
875,10:19:58,4.41,0.0,28,12348,卖盘
876,10:20:04,4.4,-0.01,100,44000,卖盘
877,10:20:07,4.41,0.01,110,48510,买盘
878,10:20:13,4.4,-0.01,40,17600,卖盘
879,10:20:16,4.41,0.01,17,7496,买盘
880,10:20:19,4.41,0.0,114,50174,买盘
881,10:20:25,4.4,-0.01,30,13200,卖盘
882,10:20:37,4.4,0.0,5,2200,卖盘
883,10:20:40,4.41,0.01,164,72324,买盘
884,10:20:43,4.4,-0.01,6,2640,卖盘
885,10:20:46,4.4,0.0,100,44000,卖盘
886,10:20:51,4.4,0.0,106,46640,卖盘
887,10:20:55,4.4,0.0,1,440,卖盘
888,10:20:58,4.41,0.01,26,11443,买盘
889,10:21:06,4.4,-0.01,68,29920,卖盘
890,10:21:13,4.4,0.0,10,4400,买盘
891,10:21:16,4.4,0.0,3,1320,买盘
892,10:21:19,4.4,0.0,18,7920,买盘
893,10:21:22,4.4,0.0,51,22440,卖盘
894,10:21:28,4.4,0.0,35,15400,卖盘
895,10:21:31,4.4,0.0,4,1760,卖盘
896,10:21:34,4.39,-0.01,53,23271,卖盘
897,10:21:37,4.39,0.0,30,13195,卖盘
898,10:21:40,4.39,0.0,53,23267,卖盘
899,10:21:49,4.38,-0.01,1026,449838,卖盘
900,10:21:51,4.39,0.01,205,90000,中性盘
901,10:21:55,4.38,-0.01,124,54312,卖盘
902,10:21:57,4.4,0.02,4,1760,买盘
903,10:22:10,4.39,-0.01,39,17121,买盘
904,10:22:16,4.39,0.0,40,17560,卖盘
905,10:22:18,4.39,0.0,1,439,卖盘
906,10:22:21,4.39,0.0,7,3067,买盘
907,10:22:25,4.38,-0.01,9,3950,卖盘
908,10:22:30,4.39,0.01,50,21927,卖盘
909,10:22:36,4.39,0.0,68,29852,卖盘
910,10:22:52,4.38,-0.01,42,18396,卖盘
911,10:22:55,4.39,0.01,25,10975,中性盘
912,10:22:58,4.38,-0.01,1,438,卖盘
913,10:23:04,4.38,0.0,542,237396,卖盘
914,10:23:06,4.4,0.02,3,1320,买盘
915,10:23:09,4.39,-0.01,17,7463,卖盘
916,10:23:13,4.39,0.0,24,10536,卖盘
917,10:23:19,4.39,0.0,16,7024,卖盘
918,10:23:22,4.4,0.01,24,10548,买盘
919,10:23:27,4.39,-0.01,113,49607,卖盘
920,10:23:34,4.39,0.0,1047,458596,买盘
921,10:23:39,4.39,0.0,27,11853,买盘
922,10:23:42,4.39,0.0,10,4390,买盘
923,10:23:45,4.39,0.0,2,878,买盘
924,10:23:48,4.39,0.0,30,13170,买盘
925,10:23:51,4.39,0.0,10,4390,买盘
926,10:23:55,4.39,0.0,10,4390,买盘
927,10:24:07,4.39,0.0,5,2195,买盘
928,10:24:10,4.39,0.0,40,17560,买盘
929,10:24:19,4.39,0.0,100,43900,卖盘
930,10:24:22,4.4,0.01,10,4400,买盘
931,10:24:25,4.38,-0.02,1015,444727,卖盘
932,10:24:27,4.38,0.0,10,4380,买盘
933,10:24:33,4.38,0.0,62,27156,买盘
934,10:24:37,4.38,0.0,50,21900,买盘
935,10:24:40,4.38,0.0,10,4375,买盘
936,10:24:42,4.38,0.0,100,43800,买盘
937,10:24:45,4.38,0.0,41,17958,买盘
938,10:24:49,4.38,0.0,13,5694,买盘
939,10:24:52,4.37,-0.01,25,10935,卖盘
940,10:24:55,4.38,0.01,205,89790,买盘
941,10:24:58,4.38,0.0,5,2190,买盘
942,10:25:01,4.38,0.0,70,30600,买盘
943,10:25:04,4.38,0.0,52,22776,买盘
944,10:25:07,4.38,0.0,27,11826,买盘
945,10:25:10,4.38,0.0,350,153300,买盘
946,10:25:19,4.38,0.0,113,49501,卖盘
947,10:25:31,4.38,0.0,16,7008,卖盘
948,10:25:39,4.38,0.0,1,438,卖盘
949,10:25:45,4.38,0.0,1,438,卖盘
950,10:25:48,4.39,0.01,211,92629,买盘
951,10:25:52,4.39,0.0,40,17560,卖盘
952,10:25:55,4.39,0.0,5,2195,卖盘
953,10:25:58,4.39,0.0,122,53558,卖盘
954,10:26:07,4.39,0.0,130,57070,买盘
955,10:26:10,4.39,0.0,28,12292,买盘
956,10:26:16,4.39,0.0,10,4390,卖盘
957,10:26:22,4.4,0.01,227,99870,买盘
958,10:26:33,4.4,0.0,20,8800,买盘
959,10:26:37,4.39,-0.01,4,1756,卖盘
960,10:26:40,4.4,0.01,43,18920,买盘
961,10:26:43,4.4,0.0,42,18480,买盘
962,10:26:49,4.4,0.0,4,1760,买盘
963,10:26:55,4.4,0.0,195,85800,买盘
964,10:27:01,4.4,0.0,10,4400,买盘
965,10:27:04,4.39,-0.01,5,2199,卖盘
966,10:27:10,4.39,0.0,130,57070,卖盘
967,10:27:31,4.4,0.01,8,3520,买盘
968,10:27:34,4.39,-0.01,17,7463,卖盘
969,10:27:37,4.4,0.01,15,6600,买盘
970,10:27:40,4.39,-0.01,39,17121,卖盘
971,10:28:04,4.39,0.0,106,46534,卖盘
972,10:28:07,4.4,0.01,32,14080,买盘
973,10:28:13,4.39,-0.01,32,14048,卖盘
974,10:28:21,4.4,0.01,65,28600,买盘
975,10:28:30,4.4,0.0,85,37380,买盘
976,10:28:34,4.4,0.0,2,880,买盘
977,10:28:37,4.4,0.0,50,22000,买盘
978,10:28:40,4.4,0.0,10,4400,买盘
979,10:28:46,4.4,0.0,1,440,买盘
980,10:28:52,4.4,0.0,10,4400,买盘
981,10:28:54,4.4,0.0,11,4840,买盘
982,10:29:01,4.4,0.0,26,11440,买盘
983,10:29:04,4.4,0.0,23,10120,买盘
984,10:29:07,4.4,0.0,19,8360,买盘
985,10:29:12,4.4,0.0,51,22440,买盘
986,10:29:22,4.4,0.0,16,7040,买盘
987,10:29:25,4.4,0.0,43,18920,买盘
988,10:29:27,4.4,0.0,80,35194,买盘
989,10:29:31,4.4,0.0,13,5720,买盘
990,10:29:34,4.4,0.0,7,3080,买盘
991,10:29:36,4.4,0.0,18,7920,买盘
992,10:29:39,4.4,0.0,20,8800,卖盘
993,10:29:49,4.4,0.0,30,13200,卖盘
994,10:29:58,4.4,0.0,104,45760,卖盘
995,10:30:01,4.4,0.0,5,2200,买盘
996,10:30:04,4.39,-0.01,181,79459,卖盘
997,10:30:12,4.39,0.0,130,57073,卖盘
998,10:30:19,4.39,0.0,157,68923,卖盘
999,10:30:22,4.4,0.01,1,440,买盘
1000,10:30:25,4.4,0.0,14,6160,买盘
1001,10:30:45,4.39,-0.01,29,12731,卖盘
1002,10:30:52,4.4,0.01,5,2200,买盘
1003,10:30:55,4.39,-0.01,10,4390,卖盘
1004,10:31:10,4.39,0.0,1,439,卖盘
1005,10:31:13,4.4,0.01,233,102520,买盘
1006,10:31:16,4.39,-0.01,200,87800,卖盘
1007,10:31:18,4.4,0.01,26,11440,买盘
1008,10:31:21,4.4,0.0,210,92400,买盘
1009,10:31:28,4.39,-0.01,5,2195,卖盘
1010,10:31:31,4.4,0.01,16,7040,买盘
1011,10:31:34,4.4,0.0,35,15400,买盘
1012,10:31:37,4.4,0.0,21,9240,买盘
1013,10:31:40,4.4,0.0,2,880,卖盘
1014,10:31:43,4.4,0.0,28,12320,卖盘
1015,10:31:49,4.4,0.0,10,4400,卖盘
1016,10:31:52,4.4,0.0,3,1320,卖盘
1017,10:31:55,4.4,0.0,7,3080,买盘
1018,10:32:04,4.4,0.0,123,54120,卖盘
1019,10:32:06,4.4,0.0,1,440,买盘
1020,10:32:09,4.4,0.0,3,1320,买盘
1021,10:32:16,4.4,0.0,34,14960,买盘
1022,10:32:28,4.41,0.01,3,1323,买盘
1023,10:32:31,4.41,0.0,1,441,买盘
1024,10:32:34,4.4,-0.01,76,33440,卖盘
1025,10:32:40,4.4,0.0,7,3080,买盘
1026,10:32:48,4.4,0.0,8,3520,买盘
1027,10:32:58,4.39,-0.01,23,10097,卖盘
1028,10:33:13,4.39,0.0,73,32047,卖盘
1029,10:33:16,4.39,0.0,30,13170,卖盘
1030,10:33:24,4.4,0.01,628,275698,买盘
1031,10:33:27,4.39,-0.01,24,10536,卖盘
1032,10:33:30,4.39,0.0,67,29413,卖盘
1033,10:33:42,4.39,0.0,9,3951,卖盘
1034,10:33:45,4.4,0.01,60,26390,买盘
1035,10:33:49,4.39,-0.01,50,21950,卖盘
1036,10:33:52,4.39,0.0,183,80337,卖盘
1037,10:34:01,4.38,-0.01,1,438,卖盘
1038,10:34:13,4.39,0.01,14,6134,买盘
1039,10:34:16,4.39,0.0,45,19755,买盘
1040,10:34:18,4.39,0.0,1,439,买盘
1041,10:34:22,4.39,0.0,154,67606,买盘
1042,10:34:25,4.39,0.0,2,878,卖盘
1043,10:34:27,4.39,0.0,1,439,卖盘
1044,10:34:30,4.39,0.0,28,12292,卖盘
1045,10:34:33,4.39,0.0,1,439,卖盘
1046,10:34:40,4.39,0.0,267,117380,卖盘
1047,10:34:43,4.39,0.0,4,1756,卖盘
1048,10:34:46,4.4,0.01,32,14058,买盘
1049,10:34:55,4.39,-0.01,2,878,卖盘
1050,10:34:58,4.4,0.01,5,2200,买盘
1051,10:35:01,4.4,0.0,1,440,买盘
1052,10:35:10,4.39,-0.01,7,3073,卖盘
1053,10:35:28,4.4,0.01,20,8800,买盘
1054,10:35:39,4.39,-0.01,280,122920,卖盘
1055,10:35:55,4.39,0.0,63,27657,卖盘
1056,10:36:04,4.39,0.0,117,51332,买盘
1057,10:36:10,4.39,0.0,12,5268,卖盘
1058,10:36:13,4.38,-0.01,205,89849,卖盘
1059,10:36:28,4.38,0.0,47,20586,卖盘
1060,10:36:31,4.43,0.05,3282,1448910,买盘
1061,10:36:37,4.38,-0.05,4,1752,卖盘
1062,10:36:43,4.38,0.0,91,40248,卖盘
1063,10:37:01,4.43,0.05,50,22145,买盘
1064,10:37:10,4.4,-0.03,40,17605,卖盘
1065,10:37:16,4.39,-0.01,27,11855,卖盘
1066,10:37:19,4.42,0.03,20,8840,买盘
1067,10:37:22,4.42,0.0,310,136287,买盘
1068,10:37:37,4.42,0.0,10,4420,买盘
1069,10:37:43,4.4,-0.02,26,11452,卖盘
1070,10:37:58,4.42,0.02,50,22100,买盘
1071,10:38:04,4.42,0.0,11,4862,买盘
1072,10:38:07,4.42,0.0,1,442,买盘
1073,10:38:13,4.41,-0.01,27,11907,卖盘
1074,10:38:16,4.42,0.01,179,79118,买盘
1075,10:38:19,4.42,0.0,13,5746,买盘
1076,10:38:25,4.42,0.0,459,202878,买盘
1077,10:38:46,4.41,-0.01,26,11486,卖盘
1078,10:38:57,4.43,0.02,54,23922,买盘
1079,10:39:00,4.42,-0.01,14,6188,卖盘
1080,10:39:04,4.43,0.01,3,1329,买盘
1081,10:39:07,4.42,-0.01,50,22100,卖盘
1082,10:39:12,4.42,0.0,27,11934,卖盘
1083,10:39:16,4.43,0.01,7,3095,买盘
1084,10:39:19,4.43,0.0,7,3101,买盘
1085,10:39:25,4.43,0.0,19,8417,卖盘
1086,10:39:28,4.43,0.0,4,1772,买盘
1087,10:39:40,4.43,0.0,41,18163,买盘
1088,10:39:46,4.43,0.0,37,16365,买盘
1089,10:39:54,4.43,0.0,10,4430,买盘
1090,10:40:12,4.43,0.0,90,39870,买盘
1091,10:40:16,4.42,-0.01,26,11492,卖盘
1092,10:40:22,4.43,0.01,4,1772,买盘
1093,10:40:31,4.42,-0.01,296,130832,卖盘
1094,10:40:43,4.42,0.0,1,442,卖盘
1095,10:40:46,4.42,0.0,27,11934,卖盘
1096,10:40:49,4.42,0.0,4,1768,卖盘
1097,10:40:52,4.42,0.0,226,99892,卖盘
1098,10:41:04,4.42,0.0,86,38012,买盘
1099,10:41:16,4.42,0.0,26,11492,卖盘
1100,10:41:55,4.42,0.0,100,44200,卖盘
1101,10:41:58,4.42,0.0,5,2210,卖盘
1102,10:42:01,4.42,0.0,6,2652,卖盘
1103,10:42:04,4.42,0.0,164,72488,卖盘
1104,10:42:13,4.41,-0.01,32,14134,卖盘
1105,10:42:21,4.42,0.01,8,3536,买盘
1106,10:42:34,4.41,-0.01,164,72324,卖盘
1107,10:42:54,4.42,0.01,9,3978,买盘
1108,10:43:13,4.42,0.0,1,442,买盘
1109,10:43:16,4.41,-0.01,35,15435,卖盘
1110,10:43:28,4.41,0.0,10,4410,卖盘
1111,10:43:39,4.41,0.0,1,441,卖盘
1112,10:43:43,4.41,0.0,3,1323,卖盘
1113,10:43:46,4.41,0.0,51,22491,卖盘
1114,10:43:58,4.41,0.0,23,10143,卖盘
1115,10:44:01,4.41,0.0,57,25137,卖盘
1116,10:44:04,4.42,0.01,292,129021,买盘
1117,10:44:07,4.42,0.0,6,2652,卖盘
1118,10:44:16,4.42,0.0,20,8840,卖盘
1119,10:44:19,4.42,0.0,9,3978,卖盘
1120,10:44:22,4.42,0.0,100,44200,卖盘
1121,10:44:25,4.42,0.0,5,2210,卖盘
1122,10:44:28,4.43,0.01,25,11075,买盘
1123,10:44:34,4.42,-0.01,20,8840,卖盘
1124,10:44:43,4.43,0.01,12,5316,买盘
1125,10:44:52,4.43,0.0,40,17720,买盘
1126,10:45:06,4.43,0.0,202,89486,买盘
1127,10:45:13,4.43,0.0,32,14176,买盘
1128,10:45:16,4.43,0.0,2,886,买盘
1129,10:45:21,4.43,0.0,20,8860,买盘
1130,10:45:34,4.43,0.0,8,3540,买盘
1131,10:45:39,4.42,-0.01,13,5748,卖盘
1132,10:45:43,4.42,0.0,7,3094,卖盘
1133,10:46:01,4.42,0.0,100,44200,卖盘
1134,10:46:07,4.42,0.0,10,4420,卖盘
1135,10:46:16,4.43,0.01,23,10189,买盘
1136,10:46:19,4.42,-0.01,116,51338,卖盘
1137,10:46:22,4.42,0.0,11,4862,卖盘
1138,10:46:25,4.43,0.01,102,45086,买盘
1139,10:46:31,4.42,-0.01,38,16796,卖盘
1140,10:46:33,4.42,0.0,32,14164,卖盘
1141,10:46:46,4.43,0.01,84,37212,买盘
1142,10:46:54,4.42,-0.01,6,2652,卖盘
1143,10:46:57,4.43,0.01,2,886,买盘
1144,10:47:07,4.43,0.0,66,29238,买盘
1145,10:47:10,4.43,0.0,92,40756,买盘
1146,10:47:16,4.43,0.0,50,22150,卖盘
1147,10:47:22,4.43,0.0,25,11080,卖盘
1148,10:47:25,4.44,0.01,24,10656,买盘
1149,10:47:36,4.44,0.0,58,25744,买盘
1150,10:47:43,4.44,0.0,113,50172,买盘
1151,10:47:46,4.43,-0.01,30,13290,卖盘
1152,10:47:49,4.44,0.01,15,6660,买盘
1153,10:47:52,4.44,0.0,8,3552,买盘
1154,10:47:55,4.44,0.0,10,4440,买盘
1155,10:47:57,4.44,0.0,77,34188,买盘
1156,10:48:00,4.44,0.0,4,1776,买盘
1157,10:48:04,4.44,0.0,20,8880,买盘
1158,10:48:09,4.44,0.0,20,8880,买盘
1159,10:48:13,4.43,-0.01,5,2215,卖盘
1160,10:48:15,4.44,0.01,15,6660,买盘
1161,10:48:19,4.43,-0.01,5,2215,卖盘
1162,10:48:21,4.44,0.01,45,19980,买盘
1163,10:48:25,4.44,0.0,19,8436,买盘
1164,10:48:34,4.45,0.01,13,5785,买盘
1165,10:48:43,4.44,-0.01,8,3552,卖盘
1166,10:48:52,4.44,0.0,38,16905,卖盘
1167,10:49:00,4.44,0.0,60,26640,卖盘
1168,10:49:04,4.44,0.0,20,8883,卖盘
1169,10:49:07,4.44,0.0,10,4440,卖盘
1170,10:49:10,4.45,0.01,10,4450,买盘
1171,10:49:24,4.45,0.0,21,9345,买盘
1172,10:49:28,4.44,-0.01,5,2220,卖盘
1173,10:49:31,4.45,0.01,20,8900,买盘
1174,10:49:34,4.44,-0.01,20,8880,卖盘
1175,10:49:36,4.45,0.01,30,13350,买盘
1176,10:49:43,4.45,0.0,29,12905,买盘
1177,10:49:55,4.45,0.0,100,44500,买盘
1178,10:49:58,4.45,0.0,183,81435,买盘
1179,10:50:04,4.45,0.0,68,30260,卖盘
1180,10:50:06,4.45,0.0,74,32930,卖盘
1181,10:50:22,4.45,0.0,127,56515,买盘
1182,10:50:28,4.45,0.0,55,24475,卖盘
1183,10:50:31,4.45,0.0,10,4450,卖盘
1184,10:50:34,4.45,0.0,248,110360,卖盘
1185,10:50:43,4.45,0.0,55,24461,买盘
1186,10:50:46,4.45,0.0,17,7565,买盘
1187,10:50:52,4.45,0.0,11,4895,卖盘
1188,10:50:57,4.45,0.0,50,22250,买盘
1189,10:51:04,4.45,0.0,16,7120,买盘
1190,10:51:13,4.45,0.0,66,29356,买盘
1191,10:51:19,4.44,-0.01,171,75924,卖盘
1192,10:51:31,4.44,0.0,10,4440,买盘
1193,10:51:43,4.43,-0.01,15,6646,卖盘
1194,10:51:46,4.43,0.0,18,7974,卖盘
1195,10:51:49,4.44,0.01,50,22200,买盘
1196,10:51:58,4.43,-0.01,1,443,卖盘
1197,10:52:00,4.44,0.01,13,5772,买盘
1198,10:52:10,4.43,-0.01,14,6202,卖盘
1199,10:52:12,4.44,0.01,1,444,买盘
1200,10:52:21,4.43,-0.01,50,22150,卖盘
1201,10:52:25,4.43,0.0,203,89929,卖盘
1202,10:52:28,4.43,0.0,183,81069,买盘
1203,10:52:30,4.43,0.0,1,443,买盘
1204,10:52:34,4.43,0.0,28,12404,买盘
1205,10:52:40,4.42,-0.01,191,84424,卖盘
1206,10:52:45,4.43,0.01,3,1329,买盘
1207,10:52:48,4.43,0.0,5,2215,买盘
1208,10:53:01,4.44,0.01,1,444,买盘
1209,10:53:04,4.42,-0.02,300,132637,卖盘
1210,10:53:10,4.42,0.0,261,115362,卖盘
1211,10:53:13,4.41,-0.01,14,6174,卖盘
1212,10:53:18,4.44,0.03,300,132944,买盘
1213,10:53:27,4.44,0.0,230,102120,卖盘
1214,10:53:30,4.41,-0.03,61,26909,卖盘
1215,10:53:43,4.41,0.0,14,6174,卖盘
1216,10:53:49,4.41,0.0,100,44100,卖盘
1217,10:54:04,4.41,0.0,15,6625,卖盘
1218,10:54:13,4.4,-0.01,74,32631,卖盘
1219,10:54:31,4.41,0.01,13,5733,卖盘
1220,10:54:34,4.41,0.0,1,441,卖盘
1221,10:54:42,4.41,0.0,2,882,卖盘
1222,10:54:49,4.41,0.0,24,10584,卖盘
1223,10:54:55,4.44,0.03,55,24420,买盘
1224,10:55:04,4.42,-0.02,106,46852,卖盘
1225,10:55:18,4.42,0.0,8,3536,买盘
1226,10:55:27,4.42,0.0,77,34034,买盘
1227,10:55:31,4.42,0.0,10,4420,买盘
1228,10:55:36,4.42,0.0,43,19006,买盘
1229,10:55:39,4.41,-0.01,100,44100,卖盘
1230,10:55:52,4.42,0.01,32,14144,买盘
1231,10:56:00,4.41,-0.01,300,132300,卖盘
1232,10:56:21,4.41,0.0,10,4410,卖盘
1233,10:56:28,4.41,0.0,65,28665,卖盘
1234,10:56:57,4.44,0.03,7,3108,买盘
1235,10:57:21,4.42,-0.02,6,2652,卖盘
1236,10:57:37,4.44,0.02,10,4440,买盘
1237,10:57:48,4.43,-0.01,3,1329,卖盘
1238,10:57:57,4.43,0.0,11,4873,买盘
1239,10:58:36,4.43,0.0,1,443,买盘
1240,10:58:39,4.43,0.0,7,3101,买盘
1241,10:58:52,4.44,0.01,336,149167,买盘
1242,10:59:15,4.44,0.0,67,29748,买盘
1243,10:59:52,4.44,0.0,201,89244,卖盘
1244,10:59:55,4.46,0.02,242,107760,买盘
1245,11:00:07,4.45,-0.01,24,10680,买盘
1246,11:00:16,4.46,0.01,127,56636,买盘
1247,11:00:19,4.45,-0.01,22,9790,卖盘
1248,11:00:25,4.45,0.0,22,9759,买盘
1249,11:00:31,4.45,0.0,106,47155,买盘
1250,11:00:33,4.45,0.0,61,27195,卖盘
1251,11:00:40,4.43,-0.02,73,32339,卖盘
1252,11:00:46,4.43,0.0,22,9746,买盘
1253,11:00:49,4.43,0.0,100,44300,买盘
1254,11:01:00,4.43,0.0,5,2215,买盘
1255,11:01:13,4.45,0.02,65,28915,买盘
1256,11:01:16,4.44,-0.01,225,99648,中性盘
1257,11:01:24,4.44,0.0,10,4440,买盘
1258,11:01:27,4.45,0.01,35,15548,买盘
1259,11:01:40,4.45,0.0,2,890,买盘
1260,11:01:46,4.44,-0.01,10,4440,卖盘
1261,11:01:51,4.44,0.0,30,13320,卖盘
1262,11:01:57,4.44,0.0,10,4440,卖盘
1263,11:02:06,4.44,0.0,5,2220,卖盘
1264,11:02:13,4.45,0.01,130,57850,买盘
1265,11:02:15,4.45,0.0,82,36490,买盘
1266,11:02:18,4.44,-0.01,20,8880,卖盘
1267,11:02:21,4.45,0.01,64,28470,买盘
1268,11:02:24,4.45,0.0,40,17790,买盘
1269,11:02:28,4.45,0.0,20,8900,买盘
1270,11:02:33,4.45,0.0,73,32485,买盘
1271,11:02:36,4.45,0.0,50,22250,买盘
1272,11:02:39,4.45,0.0,6,2670,买盘
1273,11:02:43,4.45,0.0,92,40940,卖盘
1274,11:02:54,4.46,0.01,114,50834,买盘
1275,11:03:06,4.45,-0.01,10,4450,买盘
1276,11:03:13,4.45,0.0,13,5785,卖盘
1277,11:03:19,4.45,0.0,29,12905,卖盘
1278,11:03:21,4.45,0.0,70,31150,卖盘
1279,11:03:24,4.45,0.0,95,42275,卖盘
1280,11:03:37,4.45,0.0,327,145515,买盘
1281,11:03:45,4.45,0.0,18,8010,买盘
1282,11:04:09,4.44,-0.01,50,22200,卖盘
1283,11:04:12,4.44,0.0,2,888,卖盘
1284,11:04:24,4.44,0.0,577,256188,卖盘
1285,11:04:27,4.44,0.0,5,2220,卖盘
1286,11:04:33,4.44,0.0,20,8880,卖盘
1287,11:04:42,4.44,0.0,20,8880,卖盘
1288,11:05:01,4.44,0.0,66,29304,买盘
1289,11:05:04,4.44,0.0,1,444,买盘
1290,11:05:18,4.43,-0.01,1,443,卖盘
1291,11:05:36,4.44,0.01,2,888,买盘
1292,11:05:39,4.43,-0.01,20,8860,卖盘
1293,11:05:52,4.43,0.0,20,8860,卖盘
1294,11:05:58,4.44,0.01,13,5772,买盘
1295,11:06:13,4.44,0.0,5,2220,买盘
1296,11:06:40,4.43,-0.01,13,5759,卖盘
1297,11:06:46,4.43,0.0,15,6645,卖盘
1298,11:06:52,4.43,0.0,20,8870,卖盘
1299,11:06:57,4.43,0.0,90,39870,卖盘
1300,11:07:00,4.43,0.0,8,3544,卖盘
1301,11:07:10,4.43,0.0,10,4430,买盘
1302,11:07:13,4.42,-0.01,20,8849,卖盘
1303,11:07:22,4.43,0.01,60,26580,卖盘
1304,11:07:37,4.42,-0.01,286,126412,卖盘
1305,11:07:49,4.41,-0.01,20,8820,卖盘
1306,11:07:52,4.42,0.01,437,192724,买盘
1307,11:07:57,4.41,-0.01,4,1764,卖盘
1308,11:08:01,4.41,0.0,100,44100,卖盘
1309,11:08:04,4.41,0.0,32,14112,卖盘
1310,11:08:19,4.4,-0.01,815,358984,卖盘
1311,11:08:28,4.4,0.0,1,440,卖盘
1312,11:08:34,4.4,0.0,713,313720,卖盘
1313,11:08:39,4.41,0.01,6,2646,买盘
1314,11:08:46,4.39,-0.02,1,439,卖盘
1315,11:09:01,4.4,0.01,10,4400,买盘
1316,11:09:07,4.41,0.01,1,441,买盘
1317,11:09:40,4.4,-0.01,32,14080,卖盘
1318,11:09:55,4.41,0.01,10,4410,买盘
1319,11:10:01,4.41,0.0,2,882,买盘
1320,11:10:06,4.4,-0.01,83,36520,卖盘
1321,11:10:25,4.4,0.0,12,5280,卖盘
1322,11:10:28,4.41,0.01,3,1323,买盘
1323,11:10:33,4.4,-0.01,23,10120,卖盘
1324,11:10:37,4.4,0.0,100,44000,卖盘
1325,11:10:42,4.4,0.0,4,1760,卖盘
1326,11:10:46,4.4,0.0,23,10120,买盘
1327,11:10:49,4.41,0.01,39,17199,买盘
1328,11:10:58,4.41,0.0,200,88200,买盘
1329,11:11:07,4.41,0.0,1,441,卖盘
1330,11:11:13,4.41,0.0,12,5292,卖盘
1331,11:11:37,4.41,0.0,50,22050,卖盘
1332,11:11:45,4.41,0.0,9,3969,卖盘
1333,11:11:55,4.41,0.0,5,2205,卖盘
1334,11:11:58,4.41,0.0,47,20727,卖盘
1335,11:12:09,4.41,0.0,13,5733,卖盘
1336,11:12:13,4.42,0.01,5,2210,买盘
1337,11:12:19,4.41,-0.01,4,1764,卖盘
1338,11:12:36,4.41,0.0,170,74970,卖盘
1339,11:12:52,4.41,0.0,111,48951,买盘
1340,11:12:55,4.41,0.0,3,1323,买盘
1341,11:13:16,4.41,0.0,10,4410,买盘
1342,11:13:34,4.41,0.0,30,13230,买盘
1343,11:13:48,4.4,-0.01,12,5280,卖盘
1344,11:13:58,4.4,0.0,40,17600,卖盘
1345,11:14:10,4.41,0.01,13,5733,买盘
1346,11:14:16,4.4,-0.01,80,35200,卖盘
1347,11:14:34,4.41,0.01,7,3087,买盘
1348,11:14:45,4.4,-0.01,50,22000,卖盘
1349,11:15:10,4.4,0.0,61,26845,卖盘
1350,11:15:13,4.41,0.01,10,4410,买盘
1351,11:15:19,4.41,0.0,13,5733,买盘
1352,11:15:24,4.4,-0.01,40,17600,卖盘
1353,11:16:19,4.4,0.0,58,25540,卖盘
1354,11:16:22,4.4,0.0,77,33880,卖盘
1355,11:16:25,4.4,0.0,73,32120,卖盘
1356,11:16:28,4.4,0.0,11,4840,卖盘
1357,11:16:36,4.4,0.0,15,6600,卖盘
1358,11:16:46,4.4,0.0,1,440,卖盘
1359,11:16:49,4.41,0.01,15,6615,买盘
1360,11:16:51,4.4,-0.01,3,1320,卖盘
1361,11:17:07,4.4,0.0,21,9240,卖盘
1362,11:17:16,4.41,0.01,20,8820,买盘
1363,11:17:19,4.4,-0.01,113,49720,卖盘
1364,11:17:52,4.4,0.0,17,7480,卖盘
1365,11:17:55,4.4,0.0,10,4400,卖盘
1366,11:18:04,4.4,0.0,223,98120,卖盘
1367,11:18:07,4.4,0.0,32,14080,买盘
1368,11:18:19,4.4,0.0,100,44000,买盘
1369,11:18:28,4.4,0.0,77,33880,卖盘
1370,11:18:36,4.4,0.0,45,19798,买盘
1371,11:18:48,4.4,0.0,33,14520,中性盘
1372,11:18:52,4.4,0.0,77,33910,中性盘
1373,11:18:54,4.4,0.0,208,91520,买盘
1374,11:18:58,4.41,0.01,331,145971,买盘
1375,11:19:04,4.41,0.0,100,44100,买盘
1376,11:19:10,4.41,0.0,96,42336,买盘
1377,11:19:22,4.4,-0.01,140,61530,买盘
1378,11:19:36,4.41,0.01,107,47187,买盘
1379,11:19:43,4.41,0.0,64,28224,买盘
1380,11:19:46,4.41,0.0,51,22491,买盘
1381,11:19:49,4.41,0.0,41,18081,买盘
1382,11:19:54,4.41,0.0,165,72765,买盘
1383,11:20:01,4.41,0.0,7,3087,买盘
1384,11:20:06,4.41,0.0,100,44100,买盘
1385,11:20:12,4.41,0.0,10,4410,买盘
1386,11:20:15,4.41,0.0,14,6174,买盘
1387,11:20:18,4.41,0.0,75,33075,买盘
1388,11:20:36,4.41,0.0,50,22050,买盘
1389,11:20:55,4.41,0.0,127,56007,买盘
1390,11:20:58,4.41,0.0,13,5733,买盘
1391,11:21:04,4.41,0.0,16,7056,买盘
1392,11:21:15,4.41,0.0,82,36162,买盘
1393,11:21:19,4.41,0.0,351,154791,买盘
1394,11:21:21,4.41,0.0,290,127890,买盘
1395,11:21:36,4.44,0.03,160,70873,买盘
1396,11:22:10,4.44,0.0,4,1776,买盘
1397,11:22:21,4.42,-0.02,3,1326,卖盘
1398,11:22:24,4.44,0.02,1,444,买盘
1399,11:22:27,4.43,-0.01,2,886,买盘
1400,11:22:37,4.44,0.01,50,22200,买盘
1401,11:22:40,4.44,0.0,141,62504,买盘
1402,11:22:49,4.44,0.0,100,44400,买盘
1403,11:22:52,4.44,0.0,64,28416,买盘
1404,11:22:55,4.44,0.0,80,35494,买盘
1405,11:22:58,4.44,0.0,92,40848,买盘
1406,11:23:01,4.43,-0.01,20,8860,卖盘
1407,11:23:04,4.44,0.01,226,100344,买盘
1408,11:23:18,4.45,0.01,2,890,买盘
1409,11:23:22,4.44,-0.01,224,99456,卖盘
1410,11:23:25,4.44,0.0,67,29748,买盘
1411,11:23:33,4.44,0.0,1,444,买盘
1412,11:23:46,4.44,0.0,8,3552,买盘
1413,11:23:58,4.45,0.01,203,90335,买盘
1414,11:24:00,4.45,0.0,62,27590,买盘
1415,11:24:04,4.45,0.0,85,37825,买盘
1416,11:24:09,4.46,0.01,166,74036,买盘
1417,11:24:19,4.47,0.01,33,14737,买盘
1418,11:24:22,4.46,-0.01,5,2230,中性盘
1419,11:24:27,4.47,0.01,208,92776,买盘
1420,11:24:31,4.45,-0.02,39,17355,卖盘
1421,11:24:34,4.46,0.01,16,7136,卖盘
1422,11:24:39,4.47,0.01,123,54981,买盘
1423,11:24:42,4.47,0.0,229,102256,买盘
1424,11:24:45,4.47,0.0,78,34866,卖盘
1425,11:24:48,4.45,-0.02,79,35157,卖盘
1426,11:24:58,4.47,0.02,65,29044,买盘
1427,11:25:04,4.47,0.0,22,9834,买盘
1428,11:25:06,4.47,0.0,23,10281,买盘
1429,11:25:21,4.45,-0.02,10,4450,卖盘
1430,11:25:43,4.44,-0.01,315,140175,卖盘
1431,11:25:52,4.45,0.01,10,4450,买盘
1432,11:25:55,4.44,-0.01,9,3996,卖盘
1433,11:26:00,4.44,0.0,35,15540,买盘
1434,11:26:06,4.44,0.0,1,444,买盘
1435,11:26:09,4.45,0.01,2,890,买盘
1436,11:26:12,4.44,-0.01,97,43068,卖盘
1437,11:26:25,4.45,0.01,100,44450,买盘
1438,11:26:28,4.43,-0.02,10,4430,卖盘
1439,11:26:43,4.45,0.02,10,4450,买盘
1440,11:27:12,4.45,0.0,21,9329,买盘
1441,11:27:24,4.43,-0.02,10,4430,卖盘
1442,11:27:27,4.43,0.0,20,8860,卖盘
1443,11:27:30,4.44,0.01,19,8436,买盘
1444,11:27:42,4.44,0.0,1,444,买盘
1445,11:28:00,4.44,0.0,8,3552,买盘
1446,11:28:18,4.43,-0.01,5,2215,卖盘
1447,11:28:43,4.44,0.01,78,34632,买盘
1448,11:28:49,4.45,0.01,500,222325,买盘
1449,11:28:57,4.45,0.0,400,178000,买盘
1450,11:29:09,4.45,0.0,79,35155,买盘
1451,11:29:15,4.46,0.01,440,195999,买盘
1452,11:29:21,4.45,-0.01,22,9790,卖盘
1453,11:29:24,4.47,0.02,399,178314,买盘
1454,11:29:27,4.47,0.0,125,55875,卖盘
1455,11:29:33,4.48,0.01,348,155904,买盘
1456,11:29:39,4.48,0.0,21,9409,卖盘
1457,11:29:45,4.49,0.01,60,26940,买盘
1458,11:29:48,4.49,0.0,28,12572,买盘
1459,11:29:51,4.49,0.0,25,11225,买盘
1460,11:29:54,4.49,0.0,30,13470,买盘
1461,13:00:04,4.5,0.01,1585,712476,买盘
1462,13:00:07,4.5,0.0,204,91740,买盘
1463,13:00:12,4.5,0.0,47,21150,卖盘
1464,13:00:15,4.51,0.01,50,22550,买盘
1465,13:00:19,4.5,-0.01,9,4050,买盘
1466,13:00:22,4.49,-0.01,677,305176,卖盘
1467,13:00:24,4.54,0.05,483,218945,买盘
1468,13:00:28,4.51,-0.03,27,12231,卖盘
1469,13:00:30,4.54,0.03,195,88715,中性盘
1470,13:00:33,4.54,0.0,200,90800,买盘
1471,13:00:36,4.54,0.0,130,59020,买盘
1472,13:00:39,4.53,-0.01,20,9060,中性盘
1473,13:00:42,4.53,0.0,45,20355,买盘
1474,13:00:45,4.52,-0.01,30,13560,卖盘
1475,13:00:48,4.52,0.0,62,28024,卖盘
1476,13:00:54,4.51,-0.01,45,20295,卖盘
1477,13:01:00,4.52,0.01,39,17628,买盘
1478,13:01:04,4.5,-0.02,203,91373,卖盘
1479,13:01:06,4.49,-0.01,10,4490,卖盘
1480,13:01:09,4.5,0.01,196,87893,买盘
1481,13:01:12,4.48,-0.02,30,13440,卖盘
1482,13:01:15,4.45,-0.03,176,78662,卖盘
1483,13:01:18,4.49,0.04,20,8980,中性盘
1484,13:01:24,4.49,0.0,51,22869,买盘
1485,13:01:36,4.48,-0.01,2,897,卖盘
1486,13:01:39,4.48,0.0,49,21952,卖盘
1487,13:01:45,4.48,0.0,24,10752,买盘
1488,13:01:48,4.48,0.0,70,31360,买盘
1489,13:01:51,4.48,0.0,47,21056,买盘
1490,13:01:54,4.48,0.0,5,2240,卖盘
1491,13:02:00,4.48,0.0,50,22400,卖盘
1492,13:02:12,4.49,0.01,5,2245,买盘
1493,13:02:15,4.48,-0.01,16,7168,卖盘
1494,13:02:24,4.48,0.0,15,6720,卖盘
1495,13:02:27,4.46,-0.02,443,197842,卖盘
1496,13:02:30,4.46,0.0,60,26760,买盘
1497,13:02:36,4.46,0.0,47,20962,买盘
1498,13:02:45,4.47,0.01,9,4023,卖盘
1499,13:02:51,4.47,0.0,10,4470,买盘
1500,13:03:00,4.47,0.0,25,11175,中性盘
1501,13:03:04,4.47,0.0,29,12963,卖盘
1502,13:03:07,4.48,0.01,46,20587,买盘
1503,13:03:10,4.48,0.0,5,2239,买盘
1504,13:03:12,4.47,-0.01,131,58567,卖盘
1505,13:03:16,4.47,0.0,1,447,买盘
1506,13:03:19,4.47,0.0,80,35760,买盘
1507,13:03:21,4.48,0.01,20,8960,买盘
1508,13:03:34,4.48,0.0,34,15232,买盘
1509,13:03:37,4.48,0.0,74,33152,买盘
1510,13:03:48,4.48,0.0,1,448,买盘
1511,13:03:58,4.48,0.0,55,24640,买盘
1512,13:04:13,4.47,-0.01,22,9834,卖盘
1513,13:04:24,4.47,0.0,76,33972,卖盘
1514,13:04:39,4.46,-0.01,10,4460,卖盘
1515,13:04:46,4.47,0.01,256,114182,买盘
1516,13:04:49,4.46,-0.01,1,446,卖盘
1517,13:04:52,4.47,0.01,32,14302,买盘
1518,13:05:05,4.46,-0.01,10,4460,卖盘
1519,13:05:22,4.46,0.0,4,1784,卖盘
1520,13:05:25,4.46,0.0,24,10704,卖盘
1521,13:05:28,4.46,0.0,56,24976,卖盘
1522,13:05:37,4.46,0.0,119,53074,卖盘
1523,13:05:46,4.46,0.0,5,2230,买盘
1524,13:05:49,4.47,0.01,10,4465,买盘
1525,13:06:10,4.46,-0.01,32,14272,买盘
1526,13:06:13,4.45,-0.01,1,445,卖盘
1527,13:06:21,4.45,0.0,219,97455,卖盘
1528,13:06:25,4.45,0.0,593,263885,卖盘
1529,13:06:37,4.44,-0.01,20,8880,卖盘
1530,13:06:39,4.44,0.0,99,43956,卖盘
1531,13:06:43,4.44,0.0,98,43512,卖盘
1532,13:06:45,4.44,0.0,7,3108,卖盘
1533,13:06:52,4.45,0.01,4,1780,买盘
1534,13:06:55,4.44,-0.01,8,3552,卖盘
1535,13:07:01,4.44,0.0,200,88800,买盘
1536,13:07:10,4.44,0.0,2,888,买盘
1537,13:07:15,4.44,0.0,28,12432,买盘
1538,13:07:21,4.43,-0.01,22,9746,卖盘
1539,13:07:31,4.43,0.0,10,4430,卖盘
1540,13:07:34,4.44,0.01,100,44400,买盘
1541,13:07:36,4.43,-0.01,40,17720,卖盘
1542,13:07:40,4.44,0.01,81,35894,买盘
1543,13:07:46,4.44,0.0,8,3552,买盘
1544,13:07:58,4.43,-0.01,17,7533,卖盘
1545,13:08:12,4.43,0.0,50,22150,卖盘
1546,13:08:16,4.43,0.0,18,7974,卖盘
1547,13:08:28,4.43,0.0,30,13290,卖盘
1548,13:08:37,4.44,0.01,2,888,买盘
1549,13:08:40,4.44,0.0,260,115380,买盘
1550,13:08:43,4.43,-0.01,30,13290,卖盘
1551,13:08:46,4.44,0.01,114,50616,买盘
1552,13:08:52,4.43,-0.01,5,2215,卖盘
1553,13:08:54,4.44,0.01,137,60828,买盘
1554,13:09:40,4.44,0.0,99,43975,卖盘
1555,13:10:04,4.44,0.0,13,5772,买盘
1556,13:10:22,4.43,-0.01,22,9746,卖盘
1557,13:10:25,4.44,0.01,4,1776,买盘
1558,13:10:27,4.44,0.0,2,888,买盘
1559,13:10:31,4.43,-0.01,20,8860,卖盘
1560,13:10:37,4.43,0.0,1,443,卖盘
1561,13:10:58,4.43,0.0,22,9746,卖盘
1562,13:11:01,4.44,0.01,80,35520,买盘
1563,13:11:13,4.43,-0.01,178,78854,卖盘
1564,13:11:16,4.43,0.0,10,4430,买盘
1565,13:11:22,4.43,0.0,41,18163,买盘
1566,13:11:27,4.43,0.0,36,15948,卖盘
1567,13:11:31,4.43,0.0,1,443,卖盘
1568,13:11:40,4.43,0.0,11,4873,买盘
1569,13:11:52,4.44,0.01,44,19536,买盘
1570,13:12:06,4.44,0.0,2,888,买盘
1571,13:12:19,4.44,0.0,41,18164,买盘
1572,13:12:22,4.44,0.0,5,2220,买盘
1573,13:12:46,4.44,0.0,24,10656,买盘
1574,13:12:49,4.44,0.0,5,2220,买盘
1575,13:12:52,4.44,0.0,26,11544,买盘
1576,13:13:09,4.45,0.01,30,13350,买盘
1577,13:13:28,4.45,0.0,20,8900,买盘
1578,13:13:31,4.45,0.0,153,68085,买盘
1579,13:13:45,4.46,0.01,5,2230,买盘
1580,13:14:04,4.45,-0.01,140,62300,卖盘
1581,13:14:13,4.46,0.01,25,11150,买盘
1582,13:14:22,4.47,0.01,1,447,买盘
1583,13:14:24,4.47,0.0,28,12516,买盘
1584,13:14:27,4.46,-0.01,143,63778,卖盘
1585,13:14:34,4.46,0.0,14,6244,买盘
1586,13:14:40,4.47,0.01,30,13410,买盘
1587,13:14:49,4.45,-0.02,191,85125,卖盘
1588,13:15:04,4.45,0.0,15,6675,卖盘
1589,13:15:28,4.44,-0.01,2,888,卖盘
1590,13:15:34,4.45,0.01,3,1335,买盘
1591,13:15:54,4.44,-0.01,1,444,卖盘
1592,13:16:07,4.44,0.0,134,59496,卖盘
1593,13:16:49,4.43,-0.01,2,886,卖盘
1594,13:16:58,4.43,0.0,5,2215,卖盘
1595,13:17:07,4.44,0.01,1,444,买盘
1596,13:17:25,4.43,-0.01,44,19511,卖盘
1597,13:17:55,4.43,0.0,7,3101,卖盘
1598,13:17:58,4.43,0.0,51,22593,卖盘
1599,13:18:15,4.43,0.0,33,14619,卖盘
1600,13:18:31,4.43,0.0,9,3987,卖盘
1601,13:18:34,4.43,0.0,36,15948,卖盘
1602,13:18:39,4.43,0.0,19,8417,卖盘
1603,13:18:55,4.42,-0.01,3,1326,卖盘
1604,13:19:04,4.42,0.0,475,209950,卖盘
1605,13:19:10,4.42,0.0,1,442,买盘
1606,13:19:19,4.41,-0.01,401,176841,卖盘
1607,13:19:22,4.41,0.0,29,12789,买盘
1608,13:19:27,4.41,0.0,1,441,买盘
1609,13:19:31,4.4,-0.01,54,23770,卖盘
1610,13:19:34,4.4,0.0,14,6161,卖盘
1611,13:19:40,4.41,0.01,6,2646,买盘
1612,13:19:43,4.41,0.0,27,11907,卖盘
1613,13:19:46,4.4,-0.01,462,203280,卖盘
1614,13:19:49,4.41,0.01,13,5733,买盘
1615,13:19:52,4.4,-0.01,675,297099,卖盘
1616,13:20:01,4.39,-0.01,308,135212,卖盘
1617,13:20:04,4.39,0.0,573,251547,卖盘
1618,13:20:07,4.4,0.01,33,14520,买盘
1619,13:20:09,4.38,-0.02,1523,667424,卖盘
1620,13:20:13,4.39,0.01,53,23194,买盘
1621,13:20:16,4.39,0.0,9,3951,买盘
1622,13:20:22,4.39,0.0,59,25814,买盘
1623,13:20:25,4.39,0.0,5,2195,买盘
1624,13:20:27,4.39,0.0,10,4390,买盘
1625,13:20:30,4.37,-0.02,470,205420,卖盘
1626,13:20:33,4.37,0.0,83,36271,卖盘
1627,13:20:36,4.39,0.02,10,4384,买盘
1628,13:20:40,4.39,0.0,49,21511,买盘
1629,13:20:43,4.37,-0.02,203,88716,卖盘
1630,13:20:51,4.38,0.01,24,10512,买盘
1631,13:20:54,4.37,-0.01,22,9614,卖盘
1632,13:20:57,4.37,0.0,615,269485,卖盘
1633,13:21:04,4.37,0.0,6,2627,卖盘
1634,13:21:09,4.37,0.0,74,32338,卖盘
1635,13:21:34,4.38,0.01,204,89452,卖盘
1636,13:21:36,4.38,0.0,9,3942,卖盘
1637,13:21:43,4.4,0.02,1,440,买盘
1638,13:21:49,4.4,0.0,48,21120,买盘
1639,13:21:57,4.39,-0.01,33,14487,卖盘
1640,13:22:01,4.39,0.0,227,99812,买盘
1641,13:22:04,4.4,0.01,10,4400,买盘
1642,13:22:09,4.4,0.0,191,84040,买盘
1643,13:22:12,4.39,-0.01,20,8780,卖盘
1644,13:22:19,4.4,0.01,30,13200,买盘
1645,13:22:24,4.4,0.0,22,9680,买盘
1646,13:22:31,4.4,0.0,25,11000,买盘
1647,13:22:34,4.4,0.0,4,1760,买盘
1648,13:22:43,4.4,0.0,12,5280,买盘
1649,13:22:46,4.4,0.0,200,88000,买盘
1650,13:22:52,4.4,0.0,80,35200,买盘
1651,13:22:58,4.4,0.0,27,11880,买盘
1652,13:23:16,4.39,-0.01,10,4390,卖盘
1653,13:23:21,4.4,0.01,101,44440,买盘
1654,13:24:03,4.4,0.0,24,10560,买盘
1655,13:24:22,4.39,-0.01,9,3951,卖盘
1656,13:24:42,4.4,0.01,41,18040,买盘
1657,13:24:52,4.4,0.0,200,88000,买盘
1658,13:24:55,4.4,0.0,20,8800,买盘
1659,13:24:58,4.4,0.0,16,7040,买盘
1660,13:25:04,4.4,0.0,87,38280,买盘
1661,13:25:06,4.4,0.0,23,10120,买盘
1662,13:25:09,4.4,0.0,1,440,买盘
1663,13:25:25,4.39,-0.01,160,70250,卖盘
1664,13:25:34,4.39,0.0,102,44878,卖盘
1665,13:25:42,4.39,0.0,95,41705,卖盘
1666,13:25:48,4.4,0.01,44,19360,买盘
1667,13:26:00,4.4,0.0,14,6160,买盘
1668,13:26:04,4.4,0.0,35,15400,买盘
1669,13:26:06,4.39,-0.01,145,63765,卖盘
1670,13:26:13,4.4,0.01,503,220820,买盘
1671,13:26:33,4.4,0.0,14,6160,买盘
1672,13:27:06,4.4,0.0,10,4400,买盘
1673,13:27:09,4.39,-0.01,190,83430,卖盘
1674,13:27:13,4.39,0.0,2,878,买盘
1675,13:27:15,4.39,0.0,20,8780,买盘
1676,13:27:24,4.39,0.0,83,36362,买盘
1677,13:27:37,4.39,0.0,38,16682,卖盘
1678,13:27:49,4.4,0.01,10,4400,买盘
1679,13:27:51,4.39,-0.01,2,878,卖盘
1680,13:28:10,4.4,0.01,51,22440,买盘
1681,13:28:40,4.4,0.0,10,4400,买盘
1682,13:29:01,4.4,0.0,23,10120,买盘
1683,13:29:04,4.4,0.0,23,10107,买盘
1684,13:29:18,4.4,0.0,89,39160,买盘
1685,13:29:28,4.4,0.0,31,13640,买盘
1686,13:29:58,4.4,0.0,1,440,卖盘
1687,13:30:10,4.4,0.0,35,15400,卖盘
1688,13:30:15,4.41,0.01,4,1764,买盘
1689,13:30:34,4.41,0.0,30,13230,买盘
1690,13:31:04,4.41,0.0,4,1764,买盘
1691,13:31:21,4.4,-0.01,70,30850,卖盘
1692,13:31:45,4.41,0.01,20,8820,买盘
1693,13:32:09,4.41,0.0,6,2646,买盘
1694,13:32:18,4.41,0.0,100,44100,买盘
1695,13:32:28,4.41,0.0,62,27342,买盘
1696,13:32:46,4.41,0.0,8,3528,买盘
1697,13:33:04,4.41,0.0,10,4410,买盘
1698,13:33:33,4.4,-0.01,139,61160,卖盘
1699,13:33:42,4.39,-0.01,380,166820,卖盘
1700,13:33:48,4.39,0.0,100,43900,卖盘
1701,13:33:52,4.39,0.0,78,34242,卖盘
1702,13:34:12,4.39,0.0,1,439,买盘
1703,13:34:15,4.39,0.0,13,5707,买盘
1704,13:34:19,4.38,-0.01,8,3504,卖盘
1705,13:34:34,4.39,0.01,3,1317,买盘
1706,13:34:40,4.39,0.0,5,2195,买盘
1707,13:34:55,4.38,-0.01,9,3942,卖盘
1708,13:35:01,4.38,0.0,70,30660,卖盘
1709,13:35:06,4.38,0.0,55,24090,卖盘
1710,13:35:16,4.38,0.0,105,45995,卖盘
1711,13:35:19,4.38,0.0,22,9638,卖盘
1712,13:35:28,4.38,0.0,56,24528,卖盘
1713,13:35:31,4.38,0.0,20,8760,卖盘
1714,13:35:34,4.39,0.01,5,2195,买盘
1715,13:35:40,4.39,0.0,50,21950,买盘
1716,13:35:43,4.39,0.0,3,1317,买盘
1717,13:35:46,4.39,0.0,2,878,买盘
1718,13:35:48,4.38,-0.01,20,8760,卖盘
1719,13:35:51,4.39,0.01,75,32862,买盘
1720,13:35:55,4.39,0.0,20,8780,买盘
1721,13:36:01,4.38,-0.01,30,13140,卖盘
1722,13:36:12,4.39,0.01,3,1317,买盘
1723,13:36:15,4.39,0.0,10,4390,买盘
1724,13:36:21,4.38,-0.01,50,21930,卖盘
1725,13:36:30,4.39,0.01,50,21950,买盘
1726,13:36:34,4.39,0.0,5,2195,买盘
1727,13:36:37,4.39,0.0,4,1756,买盘
1728,13:36:40,4.39,0.0,2,878,买盘
1729,13:36:48,4.39,0.0,17,7463,买盘
1730,13:36:52,4.39,0.0,454,199306,买盘
1731,13:36:58,4.39,0.0,52,22828,卖盘
1732,13:37:10,4.39,0.0,11,4829,卖盘
1733,13:37:19,4.39,0.0,107,46973,卖盘
1734,13:37:24,4.39,0.0,10,4390,卖盘
1735,13:37:28,4.39,0.0,20,8780,卖盘
1736,13:37:34,4.4,0.01,7,3080,买盘
1737,13:37:45,4.4,0.0,100,44000,买盘
1738,13:37:51,4.4,0.0,15,6600,买盘
1739,13:37:55,4.4,0.0,212,93080,买盘
1740,13:37:58,4.4,0.0,35,15400,买盘
1741,13:38:01,4.39,-0.01,200,87800,卖盘
1742,13:38:04,4.4,0.01,38,16690,买盘
1743,13:38:18,4.39,-0.01,183,80337,卖盘
1744,13:38:24,4.39,0.0,5,2195,买盘
1745,13:38:28,4.39,0.0,50,21950,买盘
1746,13:38:30,4.39,0.0,97,42583,买盘
1747,13:38:34,4.39,0.0,55,24145,买盘
1748,13:38:36,4.39,0.0,33,14487,买盘
1749,13:38:48,4.38,-0.01,953,417488,卖盘
1750,13:38:52,4.39,0.01,137,60088,买盘
1751,13:39:16,4.39,0.0,10,4390,买盘
1752,13:39:37,4.39,0.0,4,1756,买盘
1753,13:39:40,4.39,0.0,8,3512,买盘
1754,13:39:43,4.39,0.0,17,7463,买盘
1755,13:39:46,4.38,-0.01,21,9218,卖盘
1756,13:39:49,4.39,0.01,8,3512,买盘
1757,13:39:52,4.39,0.0,30,13170,买盘
1758,13:39:57,4.39,0.0,10,4390,买盘
1759,13:40:01,4.39,0.0,8,3512,买盘
1760,13:40:25,4.39,0.0,34,14926,买盘
1761,13:40:34,4.38,-0.01,1,438,卖盘
1762,13:40:58,4.38,0.0,2,876,卖盘
1763,13:41:10,4.38,0.0,30,13140,卖盘
1764,13:41:12,4.39,0.01,40,17560,买盘
1765,13:41:28,4.39,0.0,100,43900,买盘
1766,13:41:34,4.39,0.0,98,43022,买盘
1767,13:41:40,4.39,0.0,112,49168,买盘
1768,13:41:43,4.39,0.0,3,1317,卖盘
1769,13:42:04,4.39,0.0,34,14926,卖盘
1770,13:42:21,4.4,0.01,36,15840,买盘
1771,13:42:31,4.4,0.0,2,880,买盘
1772,13:42:37,4.38,-0.02,106,46508,卖盘
1773,13:43:21,4.4,0.02,2,880,买盘
1774,13:43:27,4.39,-0.01,300,131700,卖盘
1775,13:43:40,4.39,0.0,11,4829,买盘
1776,13:43:46,4.39,0.0,30,13146,买盘
1777,13:43:51,4.39,0.0,38,16682,买盘
1778,13:44:01,4.38,-0.01,497,217612,卖盘
1779,13:44:04,4.38,0.0,12,5256,买盘
1780,13:44:10,4.38,0.0,7,3066,买盘
1781,13:44:13,4.38,0.0,33,14454,买盘
1782,13:44:16,4.38,0.0,2463,1074803,买盘
1783,13:44:22,4.37,-0.01,12,5244,买盘
1784,13:44:25,4.38,0.01,65,28468,买盘
1785,13:44:30,4.36,-0.02,94,40984,卖盘
1786,13:44:43,4.36,0.0,96,41876,卖盘
1787,13:44:51,4.38,0.02,22,9636,买盘
1788,13:44:54,4.36,-0.02,150,65400,卖盘
1789,13:45:04,4.36,0.0,144,62901,卖盘
1790,13:45:07,4.38,0.02,2,876,买盘
1791,13:45:22,4.36,-0.02,104,45444,卖盘
1792,13:45:25,4.38,0.02,2,876,买盘
1793,13:45:37,4.37,-0.01,9,3933,卖盘
1794,13:45:40,4.38,0.01,20,8760,买盘
1795,13:45:46,4.37,-0.01,34,14858,卖盘
1796,13:45:49,4.38,0.01,140,61254,买盘
1797,13:45:52,4.38,0.0,100,43800,买盘
1798,13:45:55,4.37,-0.01,85,37145,卖盘
1799,13:45:58,4.37,0.0,414,180918,买盘
1800,13:46:01,4.37,0.0,10,4370,买盘
1801,13:46:04,4.37,0.0,79,34523,买盘
1802,13:46:06,4.37,0.0,161,70357,卖盘
1803,13:46:13,4.37,0.0,20,8740,卖盘
1804,13:46:16,4.38,0.01,10,4380,买盘
1805,13:46:18,4.38,0.0,20,8760,买盘
1806,13:46:22,4.38,0.0,50,21900,买盘
1807,13:46:34,4.38,0.0,31,13578,买盘
1808,13:46:43,4.38,0.0,1,438,买盘
1809,13:46:45,4.38,0.0,7,3066,买盘
1810,13:47:07,4.38,0.0,540,236520,买盘
1811,13:47:10,4.38,0.0,3,1314,买盘
1812,13:47:24,4.37,-0.01,30,13110,卖盘
1813,13:47:27,4.38,0.01,5,2190,买盘
1814,13:47:36,4.38,0.0,4,1752,买盘
1815,13:47:52,4.38,0.0,169,74022,买盘
1816,13:47:58,4.38,0.0,20,8760,买盘
1817,13:48:04,4.38,0.0,39,17082,买盘
1818,13:48:06,4.38,0.0,10,4380,买盘
1819,13:48:13,4.38,0.0,54,23652,买盘
1820,13:48:19,4.38,0.0,2,876,买盘
1821,13:48:25,4.38,0.0,4,1752,买盘
1822,13:48:28,4.38,0.0,61,26718,买盘
1823,13:48:31,4.38,0.0,5,2190,买盘
1824,13:48:34,4.38,0.0,55,24090,买盘
1825,13:48:40,4.38,0.0,50,21900,买盘
1826,13:48:48,4.38,0.0,26,11388,买盘
1827,13:48:55,4.38,0.0,29,12702,买盘
1828,13:49:01,4.38,0.0,4,1826,买盘
1829,13:49:28,4.39,0.01,500,219500,买盘
1830,13:49:37,4.39,0.0,130,57070,买盘
1831,13:49:43,4.39,0.0,25,10975,买盘
1832,13:49:49,4.4,0.01,1,440,买盘
1833,13:50:04,4.4,0.0,50,22000,买盘
1834,13:50:12,4.41,0.01,1,441,买盘
1835,13:50:22,4.41,0.0,4,1764,买盘
1836,13:50:25,4.39,-0.02,33,14487,卖盘
1837,13:50:31,4.4,0.01,2,880,买盘
1838,13:50:33,4.39,-0.01,12,5268,中性盘
1839,13:50:36,4.39,0.0,5,2195,卖盘
1840,13:50:49,4.39,0.0,2,878,买盘
1841,13:51:01,4.39,0.0,131,57509,买盘
1842,13:51:04,4.39,0.0,3,1317,买盘
1843,13:51:07,4.39,0.0,13,5697,买盘
1844,13:51:16,4.39,0.0,24,10536,买盘
1845,13:51:27,4.39,0.0,25,10975,买盘
1846,13:51:30,4.39,0.0,20,8780,买盘
1847,13:51:43,4.39,0.0,273,119847,买盘
1848,13:51:46,4.4,0.01,1,440,买盘
1849,13:52:04,4.39,-0.01,1,439,买盘
1850,13:52:16,4.38,-0.01,4,1752,卖盘
1851,13:52:24,4.39,0.01,10,4390,买盘
1852,13:52:30,4.38,-0.01,50,21900,卖盘
1853,13:52:43,4.39,0.01,2,878,买盘
1854,13:53:01,4.39,0.0,70,30720,买盘
1855,13:53:10,4.38,-0.01,3,1314,卖盘
1856,13:53:13,4.39,0.01,3,1317,买盘
1857,13:53:16,4.39,0.0,3,1317,买盘
1858,13:53:34,4.39,0.0,1,439,买盘
1859,13:53:46,4.38,-0.01,10,4380,卖盘
1860,13:53:52,4.39,0.01,20,8780,买盘
1861,13:54:15,4.39,0.0,200,87800,买盘
1862,13:54:18,4.38,-0.01,100,43800,卖盘
1863,13:54:24,4.38,0.0,8,3504,卖盘
1864,13:54:27,4.38,0.0,10,4380,卖盘
1865,13:55:01,4.39,0.01,26,11414,买盘
1866,13:55:04,4.38,-0.01,75,32850,卖盘
1867,13:55:16,4.38,0.0,379,166002,卖盘
1868,13:55:31,4.39,0.01,4,1756,买盘
1869,13:55:39,4.38,-0.01,136,59568,卖盘
1870,13:55:46,4.37,-0.01,12,5244,卖盘
1871,13:55:49,4.38,0.01,20,8760,买盘
1872,13:55:58,4.37,-0.01,30,13110,卖盘
1873,13:56:04,4.37,0.0,5,2185,卖盘
1874,13:56:07,4.37,0.0,56,24509,卖盘
1875,13:56:15,4.38,0.01,3,1314,买盘
1876,13:56:25,4.38,0.0,31,13578,买盘
1877,13:56:58,4.38,0.0,12,5256,买盘
1878,13:57:01,4.38,0.0,14,6132,买盘
1879,13:57:03,4.38,0.0,76,33257,买盘
1880,13:57:06,4.38,0.0,10,4380,买盘
1881,13:57:10,4.37,-0.01,8,3496,卖盘
1882,13:57:13,4.37,0.0,11,4807,卖盘
1883,13:58:00,4.37,0.0,30,13110,卖盘
1884,13:58:03,4.38,0.01,49,21462,买盘
1885,13:58:09,4.38,0.0,1,438,买盘
1886,13:58:31,4.38,0.0,4,1752,买盘
1887,13:58:39,4.38,0.0,156,68328,买盘
1888,13:58:42,4.38,0.0,233,102054,买盘
1889,13:58:45,4.38,0.0,20,8760,买盘
1890,13:58:55,4.38,0.0,50,21900,买盘
1891,13:59:01,4.38,0.0,20,8760,买盘
1892,13:59:04,4.38,0.0,6,2628,买盘
1893,13:59:18,4.38,0.0,1,438,卖盘
1894,13:59:34,4.38,0.0,4,1752,卖盘
1895,13:59:39,4.38,0.0,10,4380,卖盘
1896,13:59:55,4.39,0.01,13,5707,买盘
1897,14:00:13,4.39,0.0,5,2195,买盘
1898,14:00:31,4.39,0.0,16,7010,买盘
1899,14:00:34,4.38,-0.01,166,72708,卖盘
1900,14:00:40,4.38,0.0,5,2190,卖盘
1901,14:00:54,4.38,0.0,123,53874,卖盘
1902,14:01:01,4.39,0.01,9,3951,买盘
1903,14:01:04,4.38,-0.01,305,133590,卖盘
1904,14:01:07,4.38,0.0,97,42486,卖盘
1905,14:01:10,4.39,0.01,86,37704,买盘
1906,14:01:12,4.37,-0.02,130,56866,卖盘
1907,14:01:19,4.38,0.01,1,438,卖盘
1908,14:01:28,4.38,0.0,8,3504,卖盘
1909,14:01:31,4.37,-0.01,102,44658,卖盘
1910,14:01:42,4.37,0.0,166,72542,卖盘
1911,14:01:51,4.37,0.0,163,71231,卖盘
1912,14:02:06,4.38,0.01,9,3942,买盘
1913,14:02:10,4.37,-0.01,109,47633,卖盘
1914,14:02:18,4.37,0.0,54,23598,卖盘
1915,14:02:28,4.37,0.0,125,54625,卖盘
1916,14:02:49,4.37,0.0,115,50255,卖盘
1917,14:02:55,4.38,0.01,54,23622,买盘
1918,14:03:01,4.38,0.0,11,4818,买盘
1919,14:03:04,4.38,0.0,20,8760,买盘
1920,14:03:07,4.37,-0.01,157,68609,卖盘
1921,14:03:19,4.37,0.0,300,131100,卖盘
1922,14:03:25,4.37,0.0,181,79097,卖盘
1923,14:03:31,4.37,0.0,20,8740,卖盘
1924,14:03:34,4.37,0.0,31,13547,卖盘
1925,14:03:46,4.38,0.01,117,51130,买盘
1926,14:03:51,4.38,0.0,30,13140,买盘
1927,14:04:04,4.37,-0.01,116,50692,卖盘
1928,14:04:13,4.38,0.01,20,8760,买盘
1929,14:04:19,4.37,-0.01,303,132411,卖盘
1930,14:04:22,4.36,-0.01,152,66278,卖盘
1931,14:04:39,4.36,0.0,39,17004,卖盘
1932,14:04:43,4.37,0.01,167,72814,买盘
1933,14:04:49,4.36,-0.01,30,13080,卖盘
1934,14:04:52,4.36,0.0,51,22279,卖盘
1935,14:05:01,4.36,0.0,116,50576,卖盘
1936,14:05:07,4.36,0.0,16,6976,卖盘
1937,14:05:19,4.36,0.0,282,122952,卖盘
1938,14:05:22,4.36,0.0,42,18344,卖盘
1939,14:05:30,4.36,0.0,5,2180,卖盘
1940,14:05:37,4.37,0.01,12,5244,买盘
1941,14:05:40,4.36,-0.01,183,79788,卖盘
1942,14:05:42,4.36,0.0,23,10028,卖盘
1943,14:05:45,4.37,0.01,37,16169,买盘
1944,14:05:49,4.36,-0.01,13,5668,卖盘
1945,14:05:52,4.36,0.0,50,21800,卖盘
1946,14:05:58,4.36,0.0,164,71504,卖盘
1947,14:06:04,4.36,0.0,114,49704,卖盘
1948,14:06:13,4.36,0.0,10,4360,卖盘
1949,14:06:16,4.36,0.0,203,88508,卖盘
1950,14:06:19,4.36,0.0,6,2616,卖盘
1951,14:06:21,4.36,0.0,46,20057,卖盘
1952,14:06:24,4.37,0.01,5,2185,买盘
1953,14:06:37,4.36,-0.01,101,44036,卖盘
1954,14:06:54,4.36,0.0,259,113024,卖盘
1955,14:07:00,4.37,0.01,10,4370,买盘
1956,14:07:07,4.36,-0.01,30,13080,卖盘
1957,14:07:13,4.37,0.01,195,85029,买盘
1958,14:07:24,4.37,0.0,50,21850,买盘
1959,14:07:34,4.37,0.0,171,74559,买盘
1960,14:07:40,4.37,0.0,40,17480,买盘
1961,14:07:43,4.37,0.0,3,1311,买盘
1962,14:07:51,4.36,-0.01,162,70632,卖盘
1963,14:08:01,4.37,0.01,50,21850,买盘
1964,14:08:07,4.37,0.0,30,13110,买盘
1965,14:08:10,4.35,-0.02,189,82362,卖盘
1966,14:08:12,4.36,0.01,72,31392,中性盘
1967,14:08:19,4.37,0.01,20,8725,买盘
1968,14:08:22,4.37,0.0,5,2185,买盘
1969,14:08:27,4.36,-0.01,5,2180,卖盘
1970,14:08:31,4.36,0.0,171,74431,卖盘
1971,14:08:36,4.37,0.01,9,3933,买盘
1972,14:08:39,4.36,-0.01,29,12663,卖盘
1973,14:08:48,4.35,-0.01,201,87583,卖盘
1974,14:08:55,4.36,0.01,3,1308,买盘
1975,14:09:04,4.36,0.0,9,3924,卖盘
1976,14:09:07,4.35,-0.01,199,86595,卖盘
1977,14:09:15,4.35,0.0,3,1305,卖盘
1978,14:09:18,4.37,0.02,117,51024,买盘
1979,14:09:25,4.36,-0.01,35,15260,卖盘
1980,14:09:28,4.35,-0.01,121,52719,卖盘
1981,14:09:37,4.37,0.02,43,18791,买盘
1982,14:09:46,4.36,-0.01,40,17440,卖盘
1983,14:09:55,4.37,0.01,100,43700,买盘
1984,14:10:04,4.37,0.0,19,8303,买盘
1985,14:10:07,4.37,0.0,5,2185,买盘
1986,14:10:10,4.37,0.0,15,6555,买盘
1987,14:10:16,4.36,-0.01,64,27904,卖盘
1988,14:10:19,4.37,0.01,6,2622,买盘
1989,14:10:25,4.37,0.0,73,31901,买盘
1990,14:10:36,4.37,0.0,30,13110,买盘
1991,14:10:39,4.37,0.0,93,40641,买盘
1992,14:10:46,4.37,0.0,3,1311,买盘
1993,14:10:52,4.37,0.0,25,10925,买盘
1994,14:10:55,4.37,0.0,10,4370,买盘
1995,14:11:07,4.37,0.0,57,24909,买盘
1996,14:11:09,4.37,0.0,200,87400,买盘
1997,14:11:21,4.37,0.0,203,88512,买盘
1998,14:11:40,4.36,-0.01,188,82018,卖盘
1999,14:11:57,4.37,0.01,139,60743,卖盘
2000,14:12:00,4.37,0.0,19,8303,卖盘
2001,14:12:04,4.38,0.01,19,8311,买盘
2002,14:12:07,4.38,0.0,75,32850,买盘
2003,14:12:22,4.38,0.0,40,17520,买盘
2004,14:12:24,4.38,0.0,10,4380,买盘
2005,14:12:28,4.38,0.0,10,4380,买盘
2006,14:12:31,4.38,0.0,104,45552,买盘
2007,14:12:46,4.38,0.0,375,164250,买盘
2008,14:13:01,4.39,0.01,14,6146,买盘
2009,14:13:04,4.39,0.0,68,29852,买盘
2010,14:13:13,4.39,0.0,71,31169,买盘
2011,14:13:19,4.39,0.0,50,21950,买盘
2012,14:13:37,4.39,0.0,56,24573,买盘
2013,14:13:42,4.38,-0.01,1,438,卖盘
2014,14:13:51,4.38,0.0,5,2190,卖盘
2015,14:14:13,4.39,0.01,205,89850,买盘
2016,14:14:19,4.38,-0.01,162,70956,卖盘
2017,14:14:31,4.39,0.01,189,82865,买盘
2018,14:14:34,4.39,0.0,50,21950,买盘
2019,14:14:43,4.39,0.0,48,21072,买盘
2020,14:14:48,4.4,0.01,162,70998,买盘
2021,14:14:57,4.39,-0.01,42,18458,卖盘
2022,14:15:07,4.39,0.0,14,6146,买盘
2023,14:15:16,4.39,0.0,4,1756,买盘
2024,14:15:24,4.4,0.01,14,6160,买盘
2025,14:15:27,4.39,-0.01,10,4390,卖盘
2026,14:15:31,4.39,0.0,3,1317,卖盘
2027,14:15:34,4.39,0.0,80,35120,卖盘
2028,14:15:37,4.39,0.0,74,32486,卖盘
2029,14:15:46,4.38,-0.01,190,83280,卖盘
2030,14:15:51,4.4,0.02,23,10120,买盘
2031,14:15:54,4.4,0.0,20,8800,买盘
2032,14:16:04,4.39,-0.01,10,4390,卖盘
2033,14:16:07,4.38,-0.01,165,72270,卖盘
2034,14:16:13,4.39,0.01,5,2195,买盘
2035,14:16:15,4.39,0.0,1,439,买盘
2036,14:16:22,4.39,0.0,11,4829,买盘
2037,14:16:24,4.39,0.0,222,97276,买盘
2038,14:16:28,4.39,0.0,16,7024,买盘
2039,14:16:30,4.39,0.0,12,5268,买盘
2040,14:16:36,4.39,0.0,102,44778,买盘
2041,14:16:39,4.39,0.0,85,37315,买盘
2042,14:16:43,4.37,-0.02,103,45043,卖盘
2043,14:17:01,4.39,0.02,13,5707,卖盘
2044,14:17:04,4.37,-0.02,137,59983,卖盘
2045,14:17:06,4.39,0.02,12,5268,买盘
2046,14:17:22,4.37,-0.02,113,49401,卖盘
2047,14:17:40,4.37,0.0,186,81282,卖盘
2048,14:17:43,4.39,0.02,20,8780,买盘
2049,14:18:01,4.36,-0.03,153,66779,卖盘
2050,14:18:19,4.36,0.0,109,47534,卖盘
2051,14:18:33,4.37,0.01,30,13110,买盘
2052,14:18:37,4.36,-0.01,105,45780,卖盘
2053,14:18:40,4.36,0.0,150,65400,卖盘
2054,14:18:49,4.37,0.01,2,874,买盘
2055,14:18:52,4.37,0.0,10,4370,买盘
2056,14:18:57,4.37,0.0,187,81533,买盘
2057,14:19:10,4.37,0.0,53,23161,买盘
2058,14:19:13,4.37,0.0,52,22724,买盘
2059,14:19:16,4.36,-0.01,117,51093,卖盘
2060,14:19:22,4.37,0.01,4,1748,卖盘
2061,14:19:34,4.36,-0.01,173,75553,卖盘
2062,14:19:39,4.38,0.02,200,87600,买盘
2063,14:19:52,4.36,-0.02,20,8730,卖盘
2064,14:19:55,4.38,0.02,203,88544,买盘
2065,14:20:12,4.36,-0.02,121,52756,卖盘
2066,14:20:16,4.38,0.02,150,65700,买盘
2067,14:20:31,4.36,-0.02,235,102460,卖盘
2068,14:20:40,4.36,0.0,2,872,卖盘
2069,14:20:43,4.36,0.0,80,34880,卖盘
2070,14:20:51,4.36,0.0,127,55377,卖盘
2071,14:21:07,4.37,0.01,3,1311,买盘
2072,14:21:09,4.36,-0.01,172,75009,卖盘
2073,14:21:22,4.36,0.0,311,135596,卖盘
2074,14:21:27,4.35,-0.01,449,195410,卖盘
2075,14:21:34,4.35,0.0,71,30895,卖盘
2076,14:21:39,4.35,0.0,1488,647280,卖盘
2077,14:21:42,4.35,0.0,1064,462850,卖盘
2078,14:21:46,4.35,0.0,156,67860,卖盘
2079,14:21:49,4.36,0.01,52,22630,中性盘
2080,14:22:00,4.36,0.0,20,8720,卖盘
2081,14:22:06,4.36,0.0,4,1744,卖盘
2082,14:22:10,4.37,0.01,39,17041,买盘
2083,14:22:24,4.38,0.01,13,5694,买盘
2084,14:22:28,4.37,-0.01,18,7866,卖盘
2085,14:22:31,4.37,0.0,19,8303,卖盘
2086,14:22:34,4.37,0.0,2,874,买盘
2087,14:22:39,4.36,-0.01,9,3924,卖盘
2088,14:22:45,4.35,-0.01,108,46996,卖盘
2089,14:22:49,4.37,0.02,40,17480,买盘
2090,14:22:52,4.35,-0.02,182,79170,卖盘
2091,14:23:04,4.35,0.0,182,79181,卖盘
2092,14:23:07,4.35,0.0,425,184898,卖盘
2093,14:23:16,4.35,0.0,7,3045,买盘
2094,14:23:18,4.35,0.0,355,154425,买盘
2095,14:23:21,4.34,-0.01,213,92452,卖盘
2096,14:23:25,4.33,-0.01,304,131670,卖盘
2097,14:23:27,4.35,0.02,62,26856,买盘
2098,14:23:31,4.34,-0.01,13,5642,卖盘
2099,14:23:34,4.35,0.01,210,91340,买盘
2100,14:23:39,4.34,-0.01,75,32550,卖盘
2101,14:23:43,4.33,-0.01,164,71012,卖盘
2102,14:23:48,4.33,0.0,18,7807,卖盘
2103,14:23:54,4.33,0.0,20,8660,卖盘
2104,14:23:58,4.34,0.01,14,6076,买盘
2105,14:24:01,4.33,-0.01,245,106085,卖盘
2106,14:24:06,4.33,0.0,245,106185,卖盘
2107,14:24:10,4.33,0.0,56,24248,买盘
2108,14:24:13,4.32,-0.01,166,71718,卖盘
2109,14:24:19,4.32,0.0,156,67402,卖盘
2110,14:24:22,4.32,0.0,200,86500,卖盘
2111,14:24:28,4.32,0.0,427,184464,卖盘
2112,14:24:31,4.32,0.0,22,9504,卖盘
2113,14:24:33,4.32,0.0,123,53136,卖盘
2114,14:24:36,4.31,-0.01,114,49230,卖盘
2115,14:24:39,4.32,0.01,155,66960,卖盘
2116,14:24:43,4.32,0.0,82,35424,买盘
2117,14:24:46,4.33,0.01,124,53592,买盘
2118,14:24:48,4.33,0.0,50,21610,买盘
2119,14:24:54,4.33,0.0,34,14701,买盘
2120,14:24:58,4.33,0.0,226,97858,买盘
2121,14:25:01,4.33,0.0,90,38970,卖盘
2122,14:25:07,4.34,0.01,27,11718,买盘
2123,14:25:15,4.33,-0.01,193,83591,卖盘
2124,14:25:18,4.35,0.02,69,30015,买盘
2125,14:25:22,4.35,0.0,9,3915,卖盘
2126,14:25:37,4.34,-0.01,207,89809,卖盘
2127,14:25:40,4.35,0.01,46,20003,买盘
2128,14:25:43,4.35,0.0,31,13485,买盘
2129,14:25:55,4.35,0.0,132,57420,卖盘
2130,14:25:58,4.35,0.0,1,435,买盘
2131,14:26:01,4.35,0.0,8,3480,卖盘
2132,14:26:13,4.33,-0.02,187,81071,卖盘
2133,14:26:19,4.34,0.01,1,434,中性盘
2134,14:26:25,4.33,-0.01,244,105652,卖盘
2135,14:26:34,4.33,0.0,112,48496,卖盘
2136,14:26:43,4.33,0.0,43,18619,卖盘
2137,14:26:46,4.32,-0.01,54,23357,卖盘
2138,14:26:49,4.33,0.01,3,1299,买盘
2139,14:26:52,4.33,0.0,232,100456,买盘
2140,14:27:00,4.34,0.01,2,868,买盘
2141,14:27:04,4.34,0.0,10,4340,卖盘
2142,14:27:10,4.34,0.0,167,72478,卖盘
2143,14:27:13,4.34,0.0,6,2609,卖盘
2144,14:27:28,4.34,0.0,10,4340,卖盘
2145,14:27:31,4.34,0.0,136,59024,卖盘
2146,14:27:46,4.35,0.01,10,4350,买盘
2147,14:27:48,4.34,-0.01,169,73383,卖盘
2148,14:28:05,4.34,0.0,72,31251,卖盘
2149,14:28:07,4.33,-0.01,165,71587,卖盘
2150,14:28:09,4.34,0.01,5,2170,卖盘
2151,14:28:16,4.34,0.0,3,1302,买盘
2152,14:28:18,4.35,0.01,50,21715,买盘
2153,14:28:25,4.33,-0.02,161,69713,卖盘
2154,14:28:27,4.35,0.02,275,119301,买盘
2155,14:28:31,4.33,-0.02,40,17320,卖盘
2156,14:28:46,4.33,0.0,180,77940,卖盘
2157,14:28:48,4.33,0.0,30,12990,卖盘
2158,14:28:57,4.34,0.01,7,3038,买盘
2159,14:29:04,4.34,0.0,168,72912,卖盘
2160,14:29:06,4.35,0.01,196,85260,买盘
2161,14:29:18,4.35,0.0,60,26100,卖盘
2162,14:29:25,4.35,0.0,140,60900,卖盘
2163,14:29:30,4.36,0.01,47,20492,买盘
2164,14:29:36,4.36,0.0,50,21800,买盘
2165,14:29:39,4.36,0.0,5,2180,买盘
2166,14:29:42,4.34,-0.02,198,86048,卖盘
2167,14:29:45,4.36,0.02,82,35752,买盘
2168,14:29:52,4.36,0.0,90,39240,卖盘
2169,14:30:01,4.34,-0.02,139,60336,卖盘
2170,14:30:04,4.36,0.02,1,436,买盘
2171,14:30:13,4.36,0.0,7,3052,买盘
2172,14:30:19,4.36,0.0,154,67144,买盘
2173,14:30:21,4.35,-0.01,112,48776,卖盘
2174,14:30:40,4.35,0.0,158,68730,卖盘
2175,14:30:55,4.36,0.01,5,2180,买盘
2176,14:30:57,4.35,-0.01,123,53505,卖盘
2177,14:31:04,4.35,0.0,10,4350,卖盘
2178,14:31:19,4.35,0.0,126,54810,卖盘
2179,14:31:33,4.35,0.0,91,39673,卖盘
2180,14:31:37,4.36,0.01,465,202585,买盘
2181,14:31:46,4.36,0.0,41,17837,买盘
2182,14:31:49,4.35,-0.01,10,4350,卖盘
2183,14:31:55,4.34,-0.01,107,46485,卖盘
2184,14:32:04,4.35,0.01,10,4350,卖盘
2185,14:32:16,4.35,0.0,243,105500,买盘
2186,14:32:21,4.34,-0.01,30,13020,卖盘
2187,14:32:33,4.34,0.0,154,66846,卖盘
2188,14:32:52,4.33,-0.01,156,67685,卖盘
2189,14:32:54,4.35,0.02,19,8265,买盘
2190,14:33:07,4.35,0.0,1,435,买盘
2191,14:33:13,4.33,-0.02,194,84112,卖盘
2192,14:33:15,4.35,0.02,8,3480,买盘
2193,14:33:30,4.34,-0.01,158,68643,卖盘
2194,14:33:40,4.36,0.02,10,4360,买盘
2195,14:33:49,4.33,-0.03,107,46331,卖盘
2196,14:34:01,4.33,0.0,200,86600,卖盘
2197,14:34:10,4.32,-0.01,183,79240,卖盘
2198,14:34:19,4.33,0.01,354,154332,卖盘
2199,14:34:28,4.33,0.0,228,98724,卖盘
2200,14:34:31,4.33,0.0,57,24681,买盘
2201,14:34:45,4.33,0.0,172,74476,卖盘
2202,14:34:52,4.33,0.0,20,8660,卖盘
2203,14:35:07,4.33,0.0,156,67552,卖盘
2204,14:35:19,4.33,0.0,50,21650,卖盘
2205,14:35:25,4.33,0.0,183,79239,卖盘
2206,14:35:37,4.34,0.01,98,42532,卖盘
2207,14:35:43,4.33,-0.01,198,85734,卖盘
2208,14:35:51,4.33,0.0,10,4330,卖盘
2209,14:35:54,4.34,0.01,10,4340,买盘
2210,14:35:58,4.34,0.0,152,65968,买盘
2211,14:36:04,4.34,0.0,183,79422,卖盘
2212,14:36:07,4.34,0.0,51,22135,卖盘
2213,14:36:10,4.34,0.0,100,43400,卖盘
2214,14:36:13,4.34,0.0,50,21700,卖盘
2215,14:36:22,4.35,0.01,125,54261,买盘
2216,14:36:28,4.35,0.0,200,87000,买盘
2217,14:36:40,4.34,-0.01,118,51212,卖盘
2218,14:36:43,4.35,0.01,40,17400,买盘
2219,14:36:45,4.35,0.0,167,72645,买盘
2220,14:36:48,4.35,0.0,65,28275,买盘
2221,14:36:52,4.35,0.0,11,4785,买盘
2222,14:36:55,4.35,0.0,6,2610,买盘
2223,14:36:58,4.34,-0.01,8,3472,卖盘
2224,14:37:01,4.34,0.0,144,62496,卖盘
2225,14:37:05,4.35,0.01,40,17400,买盘
2226,14:37:07,4.35,0.0,30,13050,买盘
2227,14:37:10,4.35,0.0,68,29580,买盘
2228,14:37:13,4.35,0.0,137,59595,买盘
2229,14:37:28,4.35,0.0,200,87000,卖盘
2230,14:37:57,4.36,0.01,10,4360,买盘
2231,14:38:16,4.36,0.0,11,4796,买盘
2232,14:38:22,4.36,0.0,20,8720,买盘
2233,14:38:25,4.36,0.0,46,20056,买盘
2234,14:38:33,4.36,0.0,20,8720,买盘
2235,14:38:36,4.36,0.0,10,4360,买盘
2236,14:38:40,4.36,0.0,28,12208,买盘
2237,14:38:43,4.36,0.0,36,15696,买盘
2238,14:38:49,4.36,0.0,14,6104,买盘
2239,14:38:54,4.36,0.0,3,1308,买盘
2240,14:38:58,4.36,0.0,28,12208,买盘
2241,14:39:01,4.36,0.0,537,234132,买盘
2242,14:39:10,4.37,0.01,2,874,买盘
2243,14:39:13,4.37,0.0,10,4370,买盘
2244,14:39:16,4.37,0.0,30,13110,买盘
2245,14:39:24,4.36,-0.01,40,17442,卖盘
2246,14:39:31,4.36,0.0,26,11338,卖盘
2247,14:39:49,4.37,0.01,304,132848,买盘
2248,14:39:55,4.37,0.0,293,128041,卖盘
2249,14:40:13,4.37,0.0,32,13984,买盘
2250,14:40:16,4.37,0.0,185,80845,买盘
2251,14:40:22,4.37,0.0,1589,694393,卖盘
2252,14:40:33,4.38,0.01,50,21900,买盘
2253,14:40:37,4.37,-0.01,10,4370,卖盘
2254,14:40:40,4.37,0.0,10,4370,卖盘
2255,14:40:43,4.37,0.0,8,3496,买盘
2256,14:40:46,4.37,0.0,23,10051,买盘
2257,14:40:57,4.37,0.0,10,4370,买盘
2258,14:41:01,4.37,0.0,29,12673,买盘
2259,14:41:18,4.37,0.0,140,61185,卖盘
2260,14:41:28,4.37,0.0,20,8740,买盘
2261,14:41:31,4.37,0.0,10,4370,买盘
2262,14:41:36,4.37,0.0,4,1748,买盘
2263,14:41:40,4.37,0.0,5,2185,买盘
2264,14:41:43,4.36,-0.01,293,127753,卖盘
2265,14:41:45,4.37,0.01,10,4370,买盘
2266,14:41:55,4.36,-0.01,18,7848,卖盘
2267,14:41:58,4.36,0.0,144,62784,卖盘
2268,14:42:07,4.37,0.01,10,4370,买盘
2269,14:42:19,4.36,-0.01,132,57552,卖盘
2270,14:42:28,4.36,0.0,73,31828,卖盘
2271,14:42:34,4.36,0.0,64,27904,卖盘
2272,14:42:36,4.36,0.0,207,90269,卖盘
2273,14:42:39,4.36,0.0,37,16132,卖盘
2274,14:42:46,4.36,0.0,2,872,买盘
2275,14:42:58,4.36,0.0,20,8720,买盘
2276,14:43:04,4.36,0.0,237,103332,买盘
2277,14:43:13,4.36,0.0,210,91560,买盘
2278,14:43:16,4.36,0.0,79,34444,买盘
2279,14:43:19,4.36,0.0,39,17004,卖盘
2280,14:43:22,4.36,0.0,2,872,买盘
2281,14:43:40,4.36,0.0,63,27468,买盘
2282,14:43:52,4.36,0.0,20,8720,买盘
2283,14:44:10,4.36,0.0,50,21800,买盘
2284,14:44:19,4.35,-0.01,31,13485,卖盘
2285,14:44:22,4.36,0.01,7,3052,买盘
2286,14:44:25,4.35,-0.01,100,43500,卖盘
2287,14:44:28,4.36,0.01,10,4360,买盘
2288,14:44:37,4.36,0.0,15,6540,买盘
2289,14:44:40,4.36,0.0,2,872,买盘
2290,14:44:49,4.35,-0.01,46,20011,卖盘
2291,14:44:52,4.36,0.01,20,8720,买盘
2292,14:45:01,4.35,-0.01,60,26100,卖盘
2293,14:45:10,4.35,0.0,60,26100,卖盘
2294,14:45:22,4.35,0.0,42,18270,卖盘
2295,14:45:31,4.36,0.01,3,1308,买盘
2296,14:45:37,4.35,-0.01,1526,663810,卖盘
2297,14:45:39,4.35,0.0,3,1305,买盘
2298,14:45:46,4.35,0.0,160,69450,买盘
2299,14:45:49,4.35,0.0,23,10005,买盘
2300,14:45:52,4.35,0.0,216,93746,买盘
2301,14:45:54,4.35,0.0,4,1740,买盘
2302,14:45:58,4.35,0.0,22,9563,买盘
2303,14:46:04,4.34,-0.01,136,59036,卖盘
2304,14:46:07,4.35,0.01,8,3480,买盘
2305,14:46:15,4.34,-0.01,297,128898,卖盘
2306,14:46:19,4.34,0.0,50,21700,卖盘
2307,14:46:22,4.34,0.0,140,60760,卖盘
2308,14:46:24,4.34,0.0,40,17360,卖盘
2309,14:46:37,4.34,0.0,174,75516,卖盘
2310,14:46:40,4.34,0.0,253,109802,卖盘
2311,14:46:43,4.34,0.0,190,82460,卖盘
2312,14:46:45,4.34,0.0,75,32550,卖盘
2313,14:46:48,4.34,0.0,45,19530,卖盘
2314,14:46:52,4.35,0.01,4,1740,买盘
2315,14:47:00,4.34,-0.01,133,57722,卖盘
2316,14:47:06,4.35,0.01,45,19575,买盘
2317,14:47:13,4.34,-0.01,24,10416,卖盘
2318,14:47:16,4.35,0.01,9,3915,买盘
2319,14:47:19,4.34,-0.01,159,69006,卖盘
2320,14:47:31,4.35,0.01,16,6955,买盘
2321,14:47:33,4.34,-0.01,10,4340,卖盘
2322,14:47:36,4.35,0.01,18,7830,买盘
2323,14:47:39,4.34,-0.01,156,67704,卖盘
2324,14:47:43,4.34,0.0,3,1302,卖盘
2325,14:47:52,4.35,0.01,100,43420,买盘
2326,14:47:57,4.34,-0.01,154,66836,卖盘
2327,14:48:04,4.34,0.0,2,868,卖盘
2328,14:48:13,4.34,0.0,6,2604,卖盘
2329,14:48:16,4.34,0.0,123,53386,卖盘
2330,14:48:18,4.35,0.01,28,12158,买盘
2331,14:48:22,4.34,-0.01,399,173295,卖盘
2332,14:48:25,4.35,0.01,116,50394,买盘
2333,14:48:27,4.34,-0.01,43,18662,卖盘
2334,14:48:31,4.34,0.0,25,10850,卖盘
2335,14:48:33,4.34,0.0,61,26474,卖盘
2336,14:48:36,4.33,-0.01,120,52059,卖盘
2337,14:48:40,4.34,0.01,6,2604,卖盘
2338,14:48:52,4.34,0.0,82,35588,卖盘
2339,14:48:55,4.34,0.0,183,79422,卖盘
2340,14:48:58,4.35,0.01,10,4350,买盘
2341,14:49:07,4.34,-0.01,180,78120,卖盘
2342,14:49:13,4.33,-0.01,689,298854,卖盘
2343,14:49:22,4.34,0.01,10,4340,买盘
2344,14:49:24,4.34,0.0,64,27776,买盘
2345,14:49:28,4.33,-0.01,18,7794,卖盘
2346,14:49:34,4.34,0.01,34,14752,买盘
2347,14:49:37,4.34,0.0,52,22566,买盘
2348,14:49:40,4.33,-0.01,24,10392,卖盘
2349,14:49:42,4.34,0.01,15,6510,买盘
2350,14:49:49,4.34,0.0,9,3906,买盘
2351,14:49:51,4.34,0.0,30,13020,买盘
2352,14:49:55,4.33,-0.01,134,58022,卖盘
2353,14:49:58,4.33,0.0,278,120374,卖盘
2354,14:50:00,4.33,0.0,42,18186,卖盘
2355,14:50:09,4.33,0.0,140,60620,卖盘
2356,14:50:16,4.33,0.0,156,67548,卖盘
2357,14:50:18,4.34,0.01,17,7378,买盘
2358,14:50:22,4.33,-0.01,100,43300,卖盘
2359,14:50:25,4.33,0.0,26,11274,卖盘
2360,14:50:28,4.34,0.01,10,4340,买盘
2361,14:50:31,4.34,0.0,820,355880,买盘
2362,14:50:34,4.33,-0.01,126,54558,卖盘
2363,14:50:42,4.34,0.01,160,69300,买盘
2364,14:50:46,4.34,0.0,3,1302,买盘
2365,14:50:49,4.33,-0.01,56,24248,卖盘
2366,14:50:51,4.34,0.01,696,301960,买盘
2367,14:50:58,4.34,0.0,40,17360,卖盘
2368,14:51:01,4.34,0.0,112,48712,卖盘
2369,14:51:10,4.33,-0.01,40,17320,卖盘
2370,14:51:13,4.34,0.01,216,93613,买盘
2371,14:51:15,4.34,0.0,19,8236,买盘
2372,14:51:19,4.33,-0.01,300,129900,卖盘
2373,14:51:22,4.34,0.01,804,348932,买盘
2374,14:51:25,4.34,0.0,23,9982,买盘
2375,14:51:28,4.34,0.0,178,77252,买盘
2376,14:51:31,4.33,-0.01,177,76641,卖盘
2377,14:51:34,4.34,0.01,2,868,买盘
2378,14:51:37,4.33,-0.01,22,9526,卖盘
2379,14:51:40,4.34,0.01,9,3906,买盘
2380,14:51:45,4.33,-0.01,110,47630,卖盘
2381,14:51:49,4.33,0.0,144,62352,卖盘
2382,14:51:52,4.34,0.01,10,4340,买盘
2383,14:51:57,4.34,0.0,10,4340,买盘
2384,14:52:06,4.34,0.0,47,20398,买盘
2385,14:52:09,4.33,-0.01,141,61053,卖盘
2386,14:52:13,4.33,0.0,19,8227,卖盘
2387,14:52:19,4.34,0.01,1,434,买盘
2388,14:52:22,4.33,-0.01,98,42434,卖盘
2389,14:52:25,4.33,0.0,114,49362,卖盘
2390,14:52:28,4.34,0.01,162,70158,买盘
2391,14:52:31,4.33,-0.01,15,6500,卖盘
2392,14:52:43,4.33,0.0,172,74476,卖盘
2393,14:52:46,4.32,-0.01,127,54916,卖盘
2394,14:52:52,4.33,0.01,13,5629,买盘
2395,14:52:55,4.33,0.0,817,353761,买盘
2396,14:52:58,4.34,0.01,86,37322,买盘
2397,14:53:04,4.34,0.0,36,15624,买盘
2398,14:53:06,4.33,-0.01,168,72744,卖盘
2399,14:53:13,4.34,0.01,41,17794,买盘
2400,14:53:19,4.33,-0.01,84,36372,卖盘
2401,14:53:22,4.33,0.0,46,19918,卖盘
2402,14:53:25,4.33,0.0,260,112580,卖盘
2403,14:53:28,4.33,0.0,10,4330,卖盘
2404,14:53:31,4.33,0.0,30,12990,卖盘
2405,14:53:34,4.33,0.0,254,109982,卖盘
2406,14:53:37,4.33,0.0,31,13452,卖盘
2407,14:53:40,4.33,0.0,50,21650,卖盘
2408,14:53:43,4.33,0.0,100,43300,卖盘
2409,14:53:49,4.33,0.0,119,51545,卖盘
2410,14:53:55,4.33,0.0,172,74476,卖盘
2411,14:53:58,4.33,0.0,648,280650,卖盘
2412,14:54:01,4.33,0.0,5,2165,卖盘
2413,14:54:04,4.32,-0.01,275,118975,卖盘
2414,14:54:07,4.33,0.01,33,14289,卖盘
2415,14:54:10,4.33,0.0,77,33341,卖盘
2416,14:54:16,4.33,0.0,50,21650,买盘
2417,14:54:19,4.33,0.0,360,155780,买盘
2418,14:54:22,4.33,0.0,268,115863,买盘
2419,14:54:27,4.33,0.0,172,74476,买盘
2420,14:54:31,4.33,0.0,13,5629,买盘
2421,14:54:34,4.32,-0.01,20,8655,卖盘
2422,14:54:37,4.33,0.01,81,35052,买盘
2423,14:54:39,4.33,0.0,358,154898,买盘
2424,14:54:42,4.33,0.0,8,3464,买盘
2425,14:54:46,4.33,0.0,405,174970,买盘
2426,14:54:48,4.33,0.0,75,32475,买盘
2427,14:54:52,4.33,0.0,253,109549,买盘
2428,14:54:55,4.33,0.0,41,17753,买盘
2429,14:54:58,4.33,0.0,245,106085,买盘
2430,14:55:01,4.32,-0.01,276,119242,卖盘
2431,14:55:04,4.33,0.01,71,30743,买盘
2432,14:55:10,4.32,-0.01,5,2160,卖盘
2433,14:55:13,4.33,0.01,31,13422,买盘
2434,14:55:16,4.33,0.0,25,10825,买盘
2435,14:55:18,4.33,0.0,474,204883,买盘
2436,14:55:21,4.33,0.0,23,9948,买盘
2437,14:55:28,4.32,-0.01,150,64800,卖盘
2438,14:55:34,4.33,0.01,57,24681,买盘
2439,14:55:37,4.32,-0.01,108,46656,卖盘
2440,14:55:43,4.33,0.01,10,4330,买盘
2441,14:55:52,4.33,0.0,20,8660,买盘
2442,14:55:55,4.32,-0.01,736,317952,卖盘
2443,14:55:57,4.33,0.01,212,91492,买盘
2444,14:56:04,4.32,-0.01,7,3024,卖盘
2445,14:56:07,4.32,0.0,461,199135,卖盘
2446,14:56:10,4.32,0.0,70,30240,买盘
2447,14:56:12,4.32,0.0,5,2160,买盘
2448,14:56:16,4.31,-0.01,1725,743505,卖盘
2449,14:56:22,4.32,0.01,66,28476,买盘
2450,14:56:24,4.31,-0.01,19,8189,卖盘
2451,14:56:28,4.31,0.0,143,61633,买盘
2452,14:56:31,4.31,0.0,10,4310,卖盘
2453,14:56:34,4.31,0.0,187,80617,卖盘
2454,14:56:37,4.31,0.0,15,6465,买盘
2455,14:56:40,4.31,0.0,2,862,买盘
2456,14:56:43,4.31,0.0,14,6034,买盘
2457,14:56:46,4.32,0.01,8,3456,买盘
2458,14:56:49,4.31,-0.01,439,189213,卖盘
2459,14:56:52,4.31,0.0,50,21550,卖盘
2460,14:56:54,4.32,0.01,205,88380,买盘
2461,14:56:58,4.32,0.0,333,143470,买盘
2462,14:57:01,4.32,0.0,34,14655,买盘
2463,15:00:04,4.31,-0.01,4808,2072351,卖盘
