,time,price,change,volume,amount,type
0,09:25:05,4.12,-0.01,323,133076,卖盘
1,09:30:00,4.11,-0.01,25,10275,卖盘
2,09:30:04,4.1,-0.01,413,169694,卖盘
3,09:30:07,4.1,0.0,11,4509,买盘
4,09:30:49,4.1,0.0,50,20500,买盘
5,09:31:07,4.09,-0.01,57,23313,卖盘
6,09:31:22,4.09,0.0,30,12270,卖盘
7,09:31:28,4.1,0.01,59,24190,买盘
8,09:31:31,4.09,-0.01,8,3272,卖盘
9,09:31:40,4.09,0.0,12,4908,卖盘
10,09:31:46,4.09,0.0,4,1636,卖盘
11,09:31:49,4.1,0.01,10,4100,买盘
12,09:31:52,4.09,-0.01,6,2454,卖盘
13,09:32:01,4.1,0.01,20,8200,买盘
14,09:32:04,4.1,0.0,5,2050,买盘
15,09:32:13,4.09,-0.01,50,20450,卖盘
16,09:32:19,4.1,0.01,195,79950,买盘
17,09:32:37,4.1,0.0,30,12300,卖盘
18,09:32:42,4.11,0.01,23,9453,买盘
19,09:33:12,4.11,0.0,66,27126,买盘
20,09:33:22,4.1,-0.01,2,820,卖盘
21,09:33:25,4.11,0.01,3,1233,买盘
22,09:33:27,4.1,-0.01,4,1640,卖盘
23,09:33:34,4.1,0.0,120,49200,卖盘
24,09:33:37,4.11,0.01,12,4932,买盘
25,09:33:42,4.11,0.0,2,822,卖盘
26,09:33:46,4.11,0.0,36,14796,卖盘
27,09:33:49,4.11,0.0,5,2055,买盘
28,09:34:10,4.1,-0.01,20,8200,卖盘
29,09:34:16,4.1,0.0,101,41410,卖盘
30,09:34:31,4.1,0.0,18,7380,卖盘
31,09:34:33,4.1,0.0,7,2870,卖盘
32,09:34:43,4.11,0.01,50,20550,买盘
33,09:34:46,4.1,-0.01,6,2460,卖盘
34,09:35:04,4.1,0.0,210,86110,卖盘
35,09:35:40,4.1,0.0,366,150060,卖盘
36,09:35:45,4.09,-0.01,96,39269,卖盘
37,09:35:49,4.1,0.01,5,2050,买盘
38,09:35:58,4.09,-0.01,13,5317,卖盘
39,09:36:16,4.09,0.0,43,17587,卖盘
40,09:36:18,4.09,0.0,84,34356,卖盘
41,09:36:24,4.09,0.0,248,101432,卖盘
42,09:36:28,4.09,0.0,32,13088,卖盘
43,09:36:31,4.1,0.01,1,410,买盘
44,09:36:34,4.09,-0.01,204,83436,卖盘
45,09:36:42,4.09,0.0,20,8180,买盘
46,09:36:46,4.09,0.0,22,8998,买盘
47,09:36:49,4.08,-0.01,139,56717,卖盘
48,09:37:04,4.09,0.01,10,4090,卖盘
49,09:37:12,4.08,-0.01,10,4080,卖盘
50,09:37:27,4.08,0.0,100,40800,卖盘
51,09:37:30,4.08,0.0,71,28968,卖盘
52,09:37:49,4.07,-0.01,301,122507,卖盘
53,09:37:52,4.07,0.0,129,52503,卖盘
54,09:37:55,4.07,0.0,105,42735,卖盘
55,09:38:01,4.07,0.0,50,20350,买盘
56,09:38:04,4.07,0.0,10,4070,买盘
57,09:38:13,4.06,-0.01,27,10969,卖盘
58,09:38:16,4.06,0.0,46,18676,卖盘
59,09:38:21,4.06,0.0,10,4060,卖盘
60,09:38:25,4.07,0.01,20,8140,买盘
61,09:38:28,4.06,-0.01,106,43051,卖盘
62,09:38:31,4.06,0.0,117,47502,卖盘
63,09:38:37,4.06,0.0,609,247254,卖盘
64,09:38:40,4.06,0.0,55,22330,卖盘
65,09:38:42,4.06,0.0,3,1218,买盘
66,09:38:46,4.06,0.0,6,2436,买盘
67,09:38:49,4.05,-0.01,157,63585,卖盘
68,09:38:52,4.05,0.0,155,62880,卖盘
69,09:38:55,4.06,0.01,82,33216,买盘
70,09:38:58,4.06,0.0,134,54404,买盘
71,09:39:00,4.06,0.0,24,9744,买盘
72,09:39:04,4.06,0.0,184,74704,买盘
73,09:39:07,4.06,0.0,226,91765,卖盘
74,09:39:12,4.07,0.01,1,407,买盘
75,09:39:16,4.07,0.0,81,32897,买盘
76,09:39:19,4.06,-0.01,28,11384,卖盘
77,09:39:21,4.07,0.01,10,4070,中性盘
78,09:39:25,4.07,0.0,1,407,卖盘
79,09:39:30,4.08,0.01,3,1224,买盘
80,09:39:34,4.07,-0.01,40,16280,卖盘
81,09:39:39,4.08,0.01,192,78336,买盘
82,09:39:46,4.07,-0.01,11,4485,卖盘
83,09:39:49,4.09,0.02,2,817,买盘
84,09:40:13,4.08,-0.01,18,7344,卖盘
85,09:40:16,4.08,0.0,31,12648,卖盘
86,09:40:18,4.08,0.0,19,7752,买盘
87,09:40:22,4.08,0.0,3,1224,卖盘
88,09:40:31,4.08,0.0,48,19584,卖盘
89,09:40:33,4.08,0.0,42,17136,卖盘
90,09:40:46,4.08,0.0,15,6120,买盘
91,09:40:49,4.08,0.0,52,21216,买盘
92,09:40:58,4.07,-0.01,133,54141,卖盘
93,09:41:04,4.07,0.0,106,43142,卖盘
94,09:41:07,4.08,0.01,10,4080,买盘
95,09:41:33,4.08,0.0,40,16320,买盘
96,09:41:36,4.08,0.0,17,6936,买盘
97,09:41:39,4.08,0.0,33,13463,买盘
98,09:41:43,4.08,0.0,25,10200,买盘
99,09:41:46,4.08,0.0,92,37536,买盘
100,09:41:49,4.08,0.0,40,16320,买盘
101,09:41:51,4.08,0.0,56,22848,买盘
102,09:41:55,4.08,0.0,10,4080,买盘
103,09:42:01,4.08,0.0,67,27336,买盘
104,09:42:09,4.09,0.01,115,47035,买盘
105,09:42:19,4.09,0.0,81,33129,买盘
106,09:42:34,4.1,0.01,10,4100,买盘
107,09:42:43,4.13,0.03,1000,411279,买盘
108,09:42:48,4.1,-0.03,46,18860,卖盘
109,09:43:37,4.11,0.01,88,36168,卖盘
110,09:43:40,4.11,0.0,89,36579,买盘
111,09:43:54,4.1,-0.01,30,12300,卖盘
112,09:44:10,4.1,0.0,10,4100,卖盘
113,09:44:16,4.11,0.01,95,38967,买盘
114,09:44:31,4.11,0.0,5,2055,买盘
115,09:44:37,4.11,0.0,5,2055,买盘
116,09:44:46,4.11,0.0,54,22194,买盘
117,09:44:55,4.1,-0.01,501,205702,卖盘
118,09:45:01,4.1,0.0,49,20090,买盘
119,09:45:04,4.1,0.0,33,13530,买盘
120,09:45:06,4.1,0.0,28,11480,买盘
121,09:45:13,4.1,0.0,46,18860,买盘
122,09:45:16,4.1,0.0,21,8610,买盘
123,09:45:34,4.1,0.0,8,3280,买盘
124,09:45:36,4.1,0.0,61,25010,买盘
125,09:45:40,4.1,0.0,33,13530,买盘
126,09:45:43,4.1,0.0,23,9430,买盘
127,09:45:45,4.1,0.0,15,6150,买盘
128,09:45:55,4.09,-0.01,50,20450,卖盘
129,09:46:07,4.1,0.01,30,12300,买盘
130,09:46:21,4.1,0.0,1,410,买盘
131,09:46:31,4.09,-0.01,90,36810,卖盘
132,09:46:49,4.09,0.0,2,818,卖盘
133,09:47:10,4.09,0.0,25,10225,卖盘
134,09:47:18,4.09,0.0,196,80164,卖盘
135,09:47:22,4.09,0.0,28,11452,卖盘
136,09:47:25,4.09,0.0,20,8180,卖盘
137,09:47:34,4.09,0.0,15,6135,卖盘
138,09:47:46,4.09,0.0,1,409,卖盘
139,09:47:52,4.09,0.0,53,21677,卖盘
140,09:48:21,4.09,0.0,4,1636,卖盘
141,09:48:43,4.09,0.0,56,22904,卖盘
142,09:48:55,4.09,0.0,130,53170,卖盘
143,09:49:46,4.1,0.01,2,820,买盘
144,09:49:55,4.1,0.0,10,4100,买盘
145,09:50:01,4.09,-0.01,16,6544,卖盘
146,09:50:07,4.09,0.0,13,5317,卖盘
147,09:50:13,4.09,0.0,10,4090,卖盘
148,09:50:25,4.09,0.0,8,3272,卖盘
149,09:50:30,4.09,0.0,30,12270,卖盘
150,09:50:37,4.09,0.0,60,24540,卖盘
151,09:50:43,4.09,0.0,26,10634,买盘
152,09:50:55,4.09,0.0,26,10634,买盘
153,09:50:58,4.09,0.0,211,86299,买盘
154,09:51:01,4.09,0.0,19,7771,买盘
155,09:51:04,4.09,0.0,4,1636,买盘
156,09:51:07,4.09,0.0,5,2045,买盘
157,09:51:12,4.09,0.0,20,8180,买盘
158,09:51:19,4.08,-0.01,1,408,卖盘
159,09:51:51,4.08,0.0,11,4488,卖盘
160,09:51:58,4.08,0.0,10,4080,卖盘
161,09:52:00,4.09,0.01,1,409,买盘
162,09:52:12,4.08,-0.01,20,8160,卖盘
163,09:52:22,4.08,0.0,2,816,卖盘
164,09:52:28,4.09,0.01,87,35583,买盘
165,09:52:33,4.08,-0.01,20,8160,卖盘
166,09:52:36,4.09,0.01,6,2454,买盘
167,09:52:43,4.09,0.0,29,11861,买盘
168,09:52:46,4.09,0.0,38,15542,买盘
169,09:52:52,4.09,0.0,130,53170,买盘
170,09:53:01,4.09,0.0,24,9816,买盘
171,09:53:13,4.1,0.01,4,1640,买盘
172,09:53:25,4.09,-0.01,30,12270,卖盘
173,09:53:46,4.1,0.01,5,2050,买盘
174,09:53:55,4.1,0.0,3,1230,买盘
175,09:54:04,4.09,-0.01,24,9816,卖盘
176,09:54:07,4.09,0.0,258,105522,卖盘
177,09:54:19,4.09,0.0,5,2045,卖盘
178,09:54:28,4.09,0.0,26,10640,卖盘
179,09:54:37,4.1,0.01,50,20500,买盘
180,09:54:52,4.1,0.0,2,820,买盘
181,09:55:04,4.1,0.0,18,7380,买盘
182,09:55:12,4.09,-0.01,30,12276,卖盘
183,09:55:49,4.09,0.0,27,11043,卖盘
184,09:56:01,4.09,0.0,50,20450,卖盘
185,09:56:19,4.09,0.0,8,3272,卖盘
186,09:56:22,4.09,0.0,30,12270,卖盘
187,09:56:28,4.09,0.0,73,29857,卖盘
188,09:56:40,4.09,0.0,15,6142,卖盘
189,09:57:25,4.09,0.0,10,4090,卖盘
190,09:57:46,4.1,0.01,30,12300,买盘
191,09:57:55,4.1,0.0,1,410,买盘
192,09:58:16,4.1,0.0,50,20500,买盘
193,09:58:28,4.09,-0.01,62,25358,卖盘
194,09:58:36,4.1,0.01,1,410,买盘
195,09:59:28,4.09,-0.01,1,409,卖盘
196,09:59:43,4.1,0.01,5,2050,买盘
197,09:59:55,4.1,0.0,300,123000,买盘
198,10:00:01,4.1,0.0,8,3280,买盘
199,10:00:06,4.1,0.0,10,4100,买盘
200,10:00:10,4.1,0.0,50,20500,买盘
201,10:00:13,4.1,0.0,20,8200,买盘
202,10:00:37,4.1,0.0,16,6560,买盘
203,10:01:16,4.1,0.0,200,82000,买盘
204,10:01:18,4.1,0.0,181,74210,买盘
205,10:01:22,4.1,0.0,24,9840,买盘
206,10:01:25,4.1,0.0,70,28700,买盘
207,10:01:28,4.1,0.0,69,28290,买盘
208,10:01:31,4.1,0.0,4,1640,买盘
209,10:01:34,4.1,0.0,26,10660,买盘
210,10:01:37,4.1,0.0,36,14760,买盘
211,10:01:40,4.1,0.0,31,12710,买盘
212,10:01:43,4.1,0.0,16,6560,买盘
213,10:01:46,4.1,0.0,1,410,买盘
214,10:01:51,4.1,0.0,3,1230,卖盘
215,10:01:55,4.1,0.0,105,43050,卖盘
216,10:02:06,4.1,0.0,5,2050,卖盘
217,10:02:49,4.12,0.02,100,41134,买盘
218,10:02:51,4.1,-0.02,11,4510,卖盘
219,10:03:01,4.11,0.01,11,4521,中性盘
220,10:03:10,4.11,0.0,38,15618,买盘
221,10:03:19,4.11,0.0,10,4110,买盘
222,10:03:34,4.11,0.0,15,6165,买盘
223,10:03:58,4.11,0.0,10,4110,买盘
224,10:04:04,4.11,0.0,17,6987,买盘
225,10:04:37,4.1,-0.01,49,20090,卖盘
226,10:04:46,4.1,0.0,234,95940,卖盘
227,10:04:58,4.09,-0.01,162,66258,卖盘
228,10:05:10,4.09,0.0,86,35174,卖盘
229,10:05:18,4.09,0.0,30,12270,卖盘
230,10:05:45,4.09,0.0,1,409,卖盘
231,10:06:24,4.1,0.01,10,4100,买盘
232,10:06:33,4.09,-0.01,35,14315,卖盘
233,10:06:52,4.1,0.01,14,5740,买盘
234,10:07:25,4.09,-0.01,116,47444,卖盘
235,10:07:30,4.09,0.0,54,22086,卖盘
236,10:07:37,4.09,0.0,25,10225,卖盘
237,10:07:46,4.09,0.0,81,33129,卖盘
238,10:08:13,4.09,0.0,2,818,买盘
239,10:08:28,4.09,0.0,91,37219,买盘
240,10:08:34,4.09,0.0,10,4090,买盘
241,10:09:31,4.09,0.0,8,3272,买盘
242,10:10:01,4.09,0.0,20,8180,买盘
243,10:10:24,4.08,-0.01,25,10200,卖盘
244,10:11:04,4.08,0.0,18,7344,卖盘
245,10:11:06,4.08,0.0,92,37536,卖盘
246,10:11:13,4.08,0.0,12,4896,卖盘
247,10:11:19,4.08,0.0,5,2040,卖盘
248,10:11:25,4.08,0.0,599,244392,卖盘
249,10:11:27,4.08,0.0,6,2448,买盘
250,10:11:31,4.08,0.0,17,6936,买盘
251,10:11:46,4.07,-0.01,106,43142,卖盘
252,10:11:48,4.08,0.01,49,19992,买盘
253,10:11:58,4.08,0.0,10,4080,买盘
254,10:12:07,4.08,0.0,5,2040,买盘
255,10:12:18,4.07,-0.01,30,12210,卖盘
256,10:12:34,4.08,0.01,32,13056,买盘
257,10:12:37,4.07,-0.01,46,18727,卖盘
258,10:13:07,4.07,0.0,100,40700,卖盘
259,10:13:10,4.07,0.0,30,12210,卖盘
260,10:13:22,4.07,0.0,1,407,卖盘
261,10:13:27,4.07,0.0,3,1221,卖盘
262,10:13:33,4.08,0.01,2,816,买盘
263,10:13:37,4.08,0.0,29,11832,买盘
264,10:13:49,4.08,0.0,30,12240,买盘
265,10:13:55,4.07,-0.01,6,2442,卖盘
266,10:14:19,4.07,0.0,20,8140,卖盘
267,10:14:25,4.08,0.01,20,8160,买盘
268,10:14:34,4.08,0.0,110,44880,买盘
269,10:14:42,4.08,0.0,25,10200,买盘
270,10:14:46,4.08,0.0,100,40800,买盘
271,10:14:55,4.08,0.0,33,13464,买盘
272,10:14:57,4.08,0.0,122,49776,买盘
273,10:15:18,4.08,0.0,6,2448,卖盘
274,10:15:27,4.08,0.0,31,12648,卖盘
275,10:17:04,4.08,0.0,10,4080,卖盘
276,10:17:16,4.08,0.0,20,8160,卖盘
277,10:17:22,4.09,0.01,24,9816,买盘
278,10:17:28,4.08,-0.01,4,1632,卖盘
279,10:17:48,4.08,0.0,124,50592,卖盘
280,10:17:58,4.08,0.0,156,63648,卖盘
281,10:18:09,4.08,0.0,200,81600,卖盘
282,10:18:16,4.08,0.0,100,40800,卖盘
283,10:18:22,4.08,0.0,26,10608,卖盘
284,10:18:37,4.08,0.0,25,10200,卖盘
285,10:18:49,4.08,0.0,80,32640,卖盘
286,10:18:52,4.08,0.0,6,2448,卖盘
287,10:19:09,4.08,0.0,49,19992,卖盘
288,10:19:12,4.08,0.0,160,65280,卖盘
289,10:19:40,4.07,-0.01,10,4070,卖盘
290,10:20:37,4.07,0.0,1,407,卖盘
291,10:20:58,4.07,0.0,26,10582,卖盘
292,10:21:07,4.08,0.01,32,13056,买盘
293,10:21:22,4.08,0.0,2,816,买盘
294,10:21:25,4.07,-0.01,70,28490,卖盘
295,10:21:31,4.07,0.0,30,12210,卖盘
296,10:21:33,4.07,0.0,16,6512,卖盘
297,10:21:58,4.07,0.0,347,141229,卖盘
298,10:22:04,4.07,0.0,10,4070,卖盘
299,10:22:13,4.07,0.0,18,7326,卖盘
300,10:22:55,4.07,0.0,25,10175,卖盘
301,10:23:13,4.07,0.0,12,4884,卖盘
302,10:23:31,4.07,0.0,146,59422,卖盘
303,10:23:40,4.08,0.01,10,4080,买盘
304,10:24:25,4.08,0.0,10,4080,买盘
305,10:24:31,4.07,-0.01,23,9361,卖盘
306,10:24:34,4.07,0.0,5,2035,卖盘
307,10:25:13,4.08,0.01,11,4488,买盘
308,10:25:16,4.07,-0.01,60,24420,卖盘
309,10:25:31,4.07,0.0,200,81400,卖盘
310,10:25:37,4.07,0.0,20,8140,卖盘
311,10:26:06,4.07,0.0,353,143671,卖盘
312,10:26:24,4.07,0.0,4,1628,卖盘
313,10:26:34,4.07,0.0,50,20350,卖盘
314,10:26:39,4.07,0.0,41,16688,卖盘
315,10:26:46,4.07,0.0,51,20757,卖盘
316,10:26:49,4.07,0.0,30,12210,卖盘
317,10:27:01,4.06,-0.01,1279,519528,卖盘
318,10:27:15,4.07,0.01,10,4070,卖盘
319,10:27:33,4.07,0.0,1,407,买盘
320,10:27:49,4.07,0.0,19,7716,买盘
321,10:27:52,4.07,0.0,5,2035,买盘
322,10:28:01,4.07,0.0,6,2442,买盘
323,10:28:18,4.06,-0.01,30,12180,卖盘
324,10:28:25,4.07,0.01,61,24827,买盘
325,10:28:34,4.07,0.0,20,8140,买盘
326,10:28:39,4.07,0.0,82,33374,买盘
327,10:28:58,4.07,0.0,34,13838,卖盘
328,10:29:01,4.07,0.0,10,4070,卖盘
329,10:29:19,4.07,0.0,34,13838,卖盘
330,10:29:39,4.08,0.01,100,40800,买盘
331,10:30:54,4.08,0.0,7,2856,买盘
332,10:31:18,4.07,-0.01,5,2035,卖盘
333,10:31:25,4.07,0.0,9,3663,卖盘
334,10:31:27,4.07,0.0,30,12210,卖盘
335,10:31:39,4.08,0.01,26,10608,买盘
336,10:31:43,4.07,-0.01,167,67969,卖盘
337,10:32:24,4.07,0.0,7,2849,卖盘
338,10:32:55,4.07,0.0,20,8140,卖盘
339,10:33:19,4.07,0.0,10,4070,卖盘
340,10:33:40,4.07,0.0,5,2035,卖盘
341,10:34:01,4.08,0.01,136,55872,买盘
342,10:34:19,4.08,0.0,50,20400,卖盘
343,10:34:21,4.08,0.0,35,14280,卖盘
344,10:34:28,4.08,0.0,30,12240,卖盘
345,10:34:37,4.08,0.0,30,12240,卖盘
346,10:34:49,4.08,0.0,50,20400,卖盘
347,10:35:10,4.08,0.0,33,13464,卖盘
348,10:35:27,4.08,0.0,134,54672,卖盘
349,10:35:30,4.08,0.0,1,408,卖盘
350,10:35:40,4.08,0.0,9,3288,卖盘
351,10:36:12,4.08,0.0,2,816,买盘
352,10:36:36,4.07,-0.01,48,19536,卖盘
353,10:37:39,4.07,0.0,165,67155,卖盘
354,10:38:15,4.07,0.0,35,14245,卖盘
355,10:38:34,4.07,0.0,6,2442,卖盘
356,10:38:40,4.07,0.0,15,6105,卖盘
357,10:38:46,4.07,0.0,199,80993,卖盘
358,10:39:10,4.07,0.0,20,8140,卖盘
359,10:39:22,4.06,-0.01,33,13413,卖盘
360,10:39:34,4.07,0.01,1,407,卖盘
361,10:39:36,4.07,0.0,9,3663,卖盘
362,10:39:43,4.06,-0.01,30,12180,卖盘
363,10:40:19,4.06,0.0,16,6496,卖盘
364,10:40:21,4.06,0.0,30,12180,卖盘
365,10:40:33,4.06,0.0,17,6902,卖盘
366,10:40:39,4.06,0.0,50,20300,卖盘
367,10:41:07,4.06,0.0,20,8120,卖盘
368,10:41:16,4.07,0.01,54,21978,买盘
369,10:41:31,4.07,0.0,11,4477,卖盘
370,10:41:43,4.07,0.0,91,37037,卖盘
371,10:41:55,4.07,0.0,25,10175,买盘
372,10:41:58,4.06,-0.01,100,40600,卖盘
373,10:42:04,4.07,0.01,17,6919,买盘
374,10:42:13,4.07,0.0,13,5291,卖盘
375,10:42:15,4.07,0.0,6,2442,买盘
376,10:42:28,4.06,-0.01,80,32480,卖盘
377,10:42:34,4.07,0.01,65,26455,买盘
378,10:43:09,4.08,0.01,10,4080,买盘
379,10:43:39,4.08,0.0,100,40800,买盘
380,10:44:07,4.07,-0.01,100,40700,卖盘
381,10:44:33,4.08,0.01,2,816,买盘
382,10:45:04,4.08,0.0,2,816,买盘
383,10:45:22,4.08,0.0,15,6120,买盘
384,10:45:25,4.08,0.0,50,20400,买盘
385,10:45:30,4.08,0.0,33,13464,买盘
386,10:45:54,4.08,0.0,10,4080,卖盘
387,10:46:04,4.08,0.0,13,5304,卖盘
388,10:46:22,4.08,0.0,2,816,买盘
389,10:46:45,4.07,-0.01,1,407,卖盘
390,10:46:54,4.08,0.01,13,5304,买盘
391,10:48:09,4.08,0.0,5,2040,买盘
392,10:49:04,4.07,-0.01,31,12617,卖盘
393,10:49:12,4.08,0.01,2,816,买盘
394,10:49:36,4.07,-0.01,2,814,卖盘
395,10:51:01,4.07,0.0,400,162800,卖盘
396,10:51:43,4.08,0.01,1,408,买盘
397,10:51:52,4.07,-0.01,32,13026,卖盘
398,10:52:16,4.07,0.0,50,20350,卖盘
399,10:52:22,4.08,0.01,65,26485,买盘
400,10:52:24,4.07,-0.01,20,8140,卖盘
401,10:52:27,4.07,0.0,20,8140,卖盘
402,10:52:34,4.07,0.0,40,16280,卖盘
403,10:53:12,4.07,0.0,57,23199,卖盘
404,10:53:27,4.06,-0.01,1360,552638,卖盘
405,10:53:42,4.06,0.0,151,61306,卖盘
406,10:54:01,4.08,0.02,37,15096,买盘
407,10:54:13,4.08,0.0,59,24015,买盘
408,10:54:18,4.07,-0.01,30,12210,卖盘
409,10:54:43,4.07,0.0,16,6512,卖盘
410,10:54:51,4.07,0.0,22,8954,卖盘
411,10:54:54,4.08,0.01,60,24480,买盘
412,10:55:09,4.07,-0.01,21,8547,卖盘
413,10:55:12,4.07,0.0,49,19943,卖盘
414,10:55:21,4.07,0.0,9,3663,卖盘
415,10:56:37,4.07,0.0,1,407,卖盘
416,10:56:39,4.07,0.0,20,8140,卖盘
417,10:57:28,4.06,-0.01,9,3654,卖盘
418,10:58:58,4.06,0.0,5,2030,卖盘
419,10:59:10,4.06,0.0,2,812,卖盘
420,10:59:13,4.06,0.0,200,81200,卖盘
421,10:59:36,4.06,0.0,10,4060,卖盘
422,10:59:39,4.06,0.0,11,4466,卖盘
423,10:59:51,4.06,0.0,100,40600,卖盘
424,11:00:10,4.06,0.0,18,7308,卖盘
425,11:00:21,4.06,0.0,30,12180,买盘
426,11:00:25,4.06,0.0,39,15834,买盘
427,11:00:31,4.06,0.0,1,406,卖盘
428,11:00:34,4.06,0.0,35,14210,卖盘
429,11:00:37,4.06,0.0,8,3248,卖盘
430,11:00:40,4.06,0.0,8,3248,卖盘
431,11:00:43,4.05,-0.01,70,28364,卖盘
432,11:00:46,4.06,0.01,1,406,卖盘
433,11:00:48,4.06,0.0,1,406,卖盘
434,11:00:54,4.06,0.0,15,6090,卖盘
435,11:00:57,4.06,0.0,10,4060,卖盘
436,11:01:01,4.06,0.0,6,2436,卖盘
437,11:01:07,4.06,0.0,10,4060,买盘
438,11:01:16,4.06,0.0,8,3248,买盘
439,11:01:19,4.05,-0.01,1757,711585,卖盘
440,11:01:21,4.05,0.0,6,2430,卖盘
441,11:01:27,4.05,0.0,48,19440,卖盘
442,11:01:55,4.04,-0.01,16,6464,卖盘
443,11:02:09,4.04,0.0,10,4040,卖盘
444,11:02:12,4.04,0.0,67,27068,卖盘
445,11:02:16,4.04,0.0,4,1616,卖盘
446,11:02:34,4.04,0.0,5,2020,卖盘
447,11:02:40,4.04,0.0,20,8080,卖盘
448,11:02:49,4.04,0.0,10,4040,卖盘
449,11:03:04,4.05,0.01,10,4050,买盘
450,11:03:10,4.04,-0.01,250,101000,卖盘
451,11:03:13,4.04,0.0,26,10504,卖盘
452,11:03:25,4.04,0.0,20,8080,卖盘
453,11:03:43,4.04,0.0,120,48480,卖盘
454,11:03:46,4.04,0.0,59,23836,卖盘
455,11:04:00,4.05,0.01,44,17820,买盘
456,11:04:10,4.04,-0.01,112,45248,卖盘
457,11:04:19,4.04,0.0,95,38380,买盘
458,11:04:30,4.04,0.0,105,42420,买盘
459,11:04:40,4.04,0.0,20,8080,买盘
460,11:04:42,4.03,-0.01,60,24180,卖盘
461,11:04:46,4.04,0.01,28,11312,买盘
462,11:04:58,4.04,0.0,6,2424,买盘
463,11:05:00,4.03,-0.01,91,36684,卖盘
464,11:05:04,4.03,0.0,60,24180,卖盘
465,11:05:10,4.03,0.0,48,19344,卖盘
466,11:05:15,4.04,0.01,255,102974,买盘
467,11:05:18,4.04,0.0,53,21412,卖盘
468,11:05:22,4.04,0.0,2,808,卖盘
469,11:05:25,4.04,0.0,3,1212,卖盘
470,11:05:28,4.04,0.0,121,48884,卖盘
471,11:05:31,4.04,0.0,150,60476,买盘
472,11:05:33,4.03,-0.01,246,99184,卖盘
473,11:05:45,4.03,0.0,1,403,卖盘
474,11:05:52,4.03,0.0,83,33449,卖盘
475,11:05:55,4.03,0.0,522,210376,卖盘
476,11:05:58,4.03,0.0,25,10075,卖盘
477,11:06:04,4.03,0.0,31,12493,买盘
478,11:06:10,4.02,-0.01,16,6432,卖盘
479,11:06:22,4.03,0.01,10,4030,买盘
480,11:06:25,4.03,0.0,100,40300,买盘
481,11:06:31,4.03,0.0,93,37479,买盘
482,11:06:34,4.02,-0.01,106,42619,卖盘
483,11:06:40,4.02,0.0,25,10050,卖盘
484,11:06:43,4.03,0.01,15,6045,中性盘
485,11:06:46,4.03,0.0,5,2015,买盘
486,11:06:52,4.03,0.0,80,32240,买盘
487,11:06:55,4.02,-0.01,150,60334,卖盘
488,11:07:04,4.02,0.0,11,4422,卖盘
489,11:07:10,4.03,0.01,17,6851,买盘
490,11:07:16,4.03,0.0,4,1612,买盘
491,11:07:19,4.03,0.0,32,12896,买盘
492,11:07:34,4.02,-0.01,301,121063,卖盘
493,11:07:42,4.02,0.0,174,69948,卖盘
494,11:07:55,4.04,0.02,10,4040,买盘
495,11:08:19,4.03,-0.01,15,6045,卖盘
496,11:08:46,4.03,0.0,15,6055,卖盘
497,11:09:07,4.03,0.0,5,2015,卖盘
498,11:09:12,4.04,0.01,12,4848,买盘
499,11:09:31,4.04,0.0,22,8888,卖盘
500,11:09:34,4.04,0.0,13,5252,买盘
501,11:10:07,4.04,0.0,50,20200,买盘
502,11:10:19,4.04,0.0,63,25452,买盘
503,11:10:28,4.03,-0.01,2,806,卖盘
504,11:10:37,4.03,0.0,10,4030,卖盘
505,11:10:52,4.04,0.01,69,27876,买盘
506,11:11:18,4.04,0.0,7,2828,卖盘
507,11:11:25,4.05,0.01,55,22230,买盘
508,11:11:37,4.04,-0.01,3,1212,卖盘
509,11:11:42,4.05,0.01,16,6480,买盘
510,11:11:55,4.05,0.0,5,2025,买盘
511,11:12:00,4.05,0.0,24,9720,买盘
512,11:12:55,4.04,-0.01,110,44440,卖盘
513,11:13:25,4.05,0.01,44,17820,买盘
514,11:13:31,4.05,0.0,10,4050,卖盘
515,11:14:57,4.04,-0.01,35,14140,卖盘
516,11:15:46,4.04,0.0,20,8080,买盘
517,11:16:19,4.04,0.0,10,4040,买盘
518,11:16:22,4.04,0.0,15,6060,买盘
519,11:16:25,4.04,0.0,100,40400,买盘
520,11:16:43,4.03,-0.01,30,12110,卖盘
521,11:17:31,4.04,0.01,40,16160,卖盘
522,11:17:58,4.05,0.01,10,4050,买盘
523,11:18:03,4.05,0.0,69,27945,买盘
524,11:18:07,4.05,0.0,13,5265,卖盘
525,11:18:16,4.05,0.0,3,1215,卖盘
526,11:18:24,4.05,0.0,15,6075,卖盘
527,11:18:39,4.04,-0.01,201,81204,卖盘
528,11:19:04,4.04,0.0,50,20200,买盘
529,11:19:19,4.04,0.0,156,63024,买盘
530,11:19:37,4.04,0.0,99,39996,卖盘
531,11:19:49,4.04,0.0,50,20200,卖盘
532,11:19:55,4.05,0.01,2,810,买盘
533,11:20:24,4.04,-0.01,10,4040,买盘
534,11:20:48,4.03,-0.01,20,8060,卖盘
535,11:20:51,4.04,0.01,20,8080,买盘
536,11:21:16,4.03,-0.01,50,20150,卖盘
537,11:21:28,4.03,0.0,2,806,卖盘
538,11:21:37,4.04,0.01,78,31512,买盘
539,11:21:48,4.03,-0.01,1,403,卖盘
540,11:21:52,4.03,0.0,20,8060,卖盘
541,11:22:01,4.04,0.01,122,49266,买盘
542,11:22:07,4.03,-0.01,100,40300,卖盘
543,11:22:28,4.04,0.01,209,84436,买盘
544,11:22:46,4.03,-0.01,14,5642,卖盘
545,11:22:48,4.04,0.01,1,404,买盘
546,11:22:51,4.04,0.0,20,8080,买盘
547,11:22:57,4.03,-0.01,12,4836,卖盘
548,11:23:10,4.03,0.0,90,36270,卖盘
549,11:23:13,4.04,0.01,36,14544,买盘
550,11:23:19,4.03,-0.01,2,806,卖盘
551,11:23:22,4.03,0.0,19,7657,卖盘
552,11:23:39,4.03,0.0,30,12090,卖盘
553,11:23:49,4.03,0.0,64,25792,卖盘
554,11:24:40,4.04,0.01,2,808,买盘
555,11:24:55,4.03,-0.01,11,4433,卖盘
556,11:25:04,4.04,0.01,10,4040,买盘
557,11:25:12,4.03,-0.01,30,12090,卖盘
558,11:25:45,4.04,0.01,10,4040,买盘
559,11:26:04,4.04,0.0,10,4040,买盘
560,11:26:09,4.04,0.0,50,20200,买盘
561,11:26:15,4.04,0.0,74,29896,买盘
562,11:26:24,4.04,0.0,89,35956,卖盘
563,11:26:28,4.04,0.0,20,8080,卖盘
564,11:26:31,4.04,0.0,17,6868,卖盘
565,11:26:33,4.03,-0.01,112,45136,卖盘
566,11:26:36,4.04,0.01,62,25048,买盘
567,11:26:46,4.04,0.0,10,4040,卖盘
568,11:27:31,4.04,0.0,20,8080,卖盘
569,11:27:34,4.04,0.0,196,79184,卖盘
570,11:27:49,4.04,0.0,5,2020,买盘
571,11:28:00,4.04,0.0,6,2424,买盘
572,11:28:25,4.04,0.0,4,1616,买盘
573,11:28:27,4.04,0.0,20,8080,买盘
574,11:28:33,4.04,0.0,190,76760,买盘
575,11:28:36,4.03,-0.01,89,35867,卖盘
576,11:29:09,4.03,0.0,1439,579917,卖盘
577,11:29:15,4.03,0.0,7,2821,买盘
578,11:29:24,4.03,0.0,33,13299,买盘
579,11:29:34,4.03,0.0,2,806,买盘
580,11:29:48,4.03,0.0,140,56420,买盘
581,13:00:04,4.03,0.0,1803,724950,买盘
582,13:00:07,4.03,0.0,11,4433,买盘
583,13:00:18,4.02,-0.01,40,16080,卖盘
584,13:00:33,4.02,0.0,60,24120,卖盘
585,13:01:30,4.02,0.0,392,157584,卖盘
586,13:02:00,4.02,0.0,7,2814,买盘
587,13:02:10,4.02,0.0,29,11658,买盘
588,13:02:16,4.02,0.0,74,29748,买盘
589,13:03:07,4.01,-0.01,48,19248,卖盘
590,13:03:24,4.01,0.0,18,7218,卖盘
591,13:03:30,4.02,0.01,10,4020,买盘
592,13:03:33,4.01,-0.01,10,4010,卖盘
593,13:03:42,4.02,0.01,20,8040,买盘
594,13:03:45,4.02,0.0,10,4020,买盘
595,13:05:12,4.02,0.0,10,4020,买盘
596,13:05:16,4.02,0.0,15,6030,买盘
597,13:05:18,4.01,-0.01,20,8020,卖盘
598,13:05:24,4.02,0.01,5,2010,买盘
599,13:05:40,4.02,0.0,100,40200,买盘
600,13:05:51,4.02,0.0,12,4824,买盘
601,13:05:54,4.02,0.0,10,4020,买盘
602,13:06:07,4.01,-0.01,624,250224,卖盘
603,13:06:12,4.01,0.0,8,3208,卖盘
604,13:06:28,4.01,0.0,100,40100,卖盘
605,13:06:31,4.01,0.0,62,24862,卖盘
606,13:06:34,4.02,0.01,10,4020,买盘
607,13:06:37,4.01,-0.01,26,10426,卖盘
608,13:06:49,4.01,0.0,20,8020,卖盘
609,13:06:55,4.01,0.0,21,8421,卖盘
610,13:07:04,4.01,0.0,11,4684,卖盘
611,13:07:06,4.01,0.0,3,1203,卖盘
612,13:07:15,4.01,0.0,50,20050,卖盘
613,13:07:19,4.01,0.0,20,8020,卖盘
614,13:07:21,4.01,0.0,5,2005,卖盘
615,13:07:33,4.01,0.0,5,2005,卖盘
616,13:07:45,4.01,0.0,35,14035,卖盘
617,13:07:54,4.01,0.0,100,39827,卖盘
618,13:08:00,4.0,-0.01,22,8800,卖盘
619,13:08:07,4.01,0.01,60,24060,买盘
620,13:08:10,4.01,0.0,2,802,买盘
621,13:08:12,4.0,-0.01,685,274000,卖盘
622,13:08:21,4.01,0.01,30,12030,买盘
623,13:08:33,4.0,-0.01,28,11200,卖盘
624,13:08:37,4.01,0.01,16,6416,买盘
625,13:08:39,4.0,-0.01,9,3600,卖盘
626,13:08:42,4.0,0.0,13,5200,卖盘
627,13:08:48,4.01,0.01,3,1203,买盘
628,13:08:52,4.0,-0.01,40,16000,卖盘
629,13:08:57,4.01,0.01,139,55739,买盘
630,13:09:06,4.0,-0.01,90,36000,卖盘
631,13:09:22,4.0,0.0,41,16400,卖盘
632,13:09:36,4.01,0.01,299,119899,买盘
633,13:09:43,4.0,-0.01,41,16400,卖盘
634,13:09:58,4.01,0.01,1,401,买盘
635,13:10:04,4.01,0.0,30,12030,买盘
636,13:10:06,4.0,-0.01,1,400,卖盘
637,13:10:10,4.01,0.01,20,8020,买盘
638,13:10:13,4.01,0.0,10,4010,买盘
639,13:10:15,4.01,0.0,30,12030,买盘
640,13:10:21,4.01,0.0,20,8020,买盘
641,13:10:25,4.01,0.0,100,40100,买盘
642,13:10:31,4.01,0.0,121,48794,买盘
643,13:10:48,4.01,0.0,200,80200,卖盘
644,13:11:07,4.01,0.0,10,4010,卖盘
645,13:11:13,4.01,0.0,1,401,卖盘
646,13:11:25,4.02,0.01,10,4020,买盘
647,13:11:31,4.01,-0.01,172,68699,卖盘
648,13:11:42,4.01,0.0,34,13634,买盘
649,13:11:46,4.01,0.0,90,36090,买盘
650,13:11:49,4.01,0.0,167,66967,买盘
651,13:11:51,4.01,0.0,5,2005,买盘
652,13:12:09,4.01,0.0,28,11228,买盘
653,13:12:12,4.0,-0.01,10,4000,卖盘
654,13:12:18,4.01,0.01,10,4010,买盘
655,13:12:25,4.01,0.0,19,7619,买盘
656,13:12:27,4.01,0.0,115,46115,买盘
657,13:12:34,4.01,0.0,50,20050,买盘
658,13:12:37,4.01,0.0,10,4010,买盘
659,13:12:39,4.01,0.0,20,8020,买盘
660,13:12:42,4.01,0.0,156,62506,买盘
661,13:12:55,4.01,0.0,144,57744,买盘
662,13:13:15,4.01,0.0,5,2005,买盘
663,13:13:21,4.01,0.0,13,5213,买盘
664,13:13:27,4.01,0.0,20,8020,买盘
665,13:13:31,4.01,0.0,19,7892,买盘
666,13:14:16,4.01,0.0,5,2005,卖盘
667,13:14:25,4.02,0.01,34,13668,买盘
668,13:14:31,4.02,0.0,67,26934,卖盘
669,13:14:37,4.02,0.0,1,402,买盘
670,13:14:49,4.02,0.0,5,2010,买盘
671,13:14:58,4.02,0.0,22,8844,买盘
672,13:15:04,4.02,0.0,47,18894,买盘
673,13:15:07,4.02,0.0,282,113364,买盘
674,13:15:15,4.02,0.0,41,16482,买盘
675,13:15:25,4.02,0.0,1,402,买盘
676,13:15:33,4.02,0.0,16,6432,买盘
677,13:15:45,4.02,0.0,4,1608,买盘
678,13:15:58,4.02,0.0,8,3216,买盘
679,13:16:46,4.01,-0.01,275,110275,卖盘
680,13:17:01,4.01,0.0,30,12030,卖盘
681,13:17:22,4.01,0.0,3,1203,卖盘
682,13:17:28,4.01,0.0,70,28070,卖盘
683,13:17:48,4.01,0.0,86,34486,卖盘
684,13:18:04,4.01,0.0,25,10025,卖盘
685,13:18:37,4.02,0.01,2,804,买盘
686,13:18:40,4.01,-0.01,30,12030,卖盘
687,13:19:43,4.02,0.01,100,40200,买盘
688,13:19:48,4.02,0.0,52,20904,买盘
689,13:20:01,4.02,0.0,3,1206,买盘
690,13:20:04,4.02,0.0,22,8844,买盘
691,13:20:28,4.02,0.0,9,3618,买盘
692,13:20:34,4.02,0.0,1,402,买盘
693,13:20:40,4.02,0.0,18,7236,买盘
694,13:20:42,4.02,0.0,35,14070,买盘
695,13:21:06,4.01,-0.01,12,4812,卖盘
696,13:21:09,4.02,0.01,100,40200,买盘
697,13:21:25,4.02,0.0,9,3618,买盘
698,13:21:54,4.02,0.0,56,22512,买盘
699,13:22:28,4.02,0.0,22,8844,卖盘
700,13:22:42,4.02,0.0,1,402,卖盘
701,13:23:01,4.02,0.0,10,4020,卖盘
702,13:23:04,4.01,-0.01,270,108345,卖盘
703,13:23:06,4.03,0.02,12,4836,买盘
704,13:23:18,4.02,-0.01,22,8844,买盘
705,13:23:42,4.02,0.0,14,5628,卖盘
706,13:24:24,4.03,0.01,1,403,买盘
707,13:24:54,4.03,0.0,5,2015,买盘
708,13:25:01,4.03,0.0,15,6045,买盘
709,13:25:04,4.03,0.0,49,19747,买盘
710,13:25:10,4.03,0.0,70,28210,买盘
711,13:25:13,4.03,0.0,10,4030,买盘
712,13:25:16,4.03,0.0,157,63271,买盘
713,13:26:55,4.04,0.01,10,4040,买盘
714,13:26:57,4.03,-0.01,50,20150,卖盘
715,13:27:16,4.04,0.01,11,4444,买盘
716,13:27:22,4.04,0.0,70,28280,买盘
717,13:27:34,4.04,0.0,103,41612,买盘
718,13:27:43,4.04,0.0,37,14948,买盘
719,13:27:46,4.04,0.0,64,25856,买盘
720,13:27:48,4.04,0.0,87,35148,买盘
721,13:28:07,4.04,0.0,2,808,卖盘
722,13:28:42,4.04,0.0,30,12145,卖盘
723,13:28:49,4.04,0.0,61,24644,卖盘
724,13:29:01,4.04,0.0,7,2828,卖盘
725,13:29:04,4.04,0.0,7,2828,卖盘
726,13:29:22,4.04,0.0,20,8080,卖盘
727,13:29:34,4.04,0.0,17,6868,卖盘
728,13:29:40,4.04,0.0,13,5252,卖盘
729,13:29:54,4.04,0.0,11,4444,买盘
730,13:30:07,4.04,0.0,4,1616,卖盘
731,13:31:10,4.04,0.0,33,13332,卖盘
732,13:31:16,4.04,0.0,18,7272,买盘
733,13:31:34,4.03,-0.01,200,80600,卖盘
734,13:31:43,4.03,0.0,53,21359,卖盘
735,13:31:52,4.03,0.0,14,5642,卖盘
736,13:32:10,4.03,0.0,12,4836,卖盘
737,13:32:36,4.03,0.0,1,403,卖盘
738,13:33:07,4.03,0.0,30,12090,卖盘
739,13:33:12,4.04,0.01,5,2020,买盘
740,13:33:54,4.04,0.0,5,2020,买盘
741,13:34:00,4.04,0.0,19,7676,买盘
742,13:34:09,4.04,0.0,12,4848,买盘
743,13:34:12,4.04,0.0,17,6868,买盘
744,13:34:27,4.04,0.0,20,8080,买盘
745,13:34:40,4.04,0.0,14,5644,买盘
746,13:35:06,4.03,-0.01,40,16120,卖盘
747,13:35:09,4.04,0.01,30,12120,买盘
748,13:36:21,4.03,-0.01,24,9672,卖盘
749,13:36:24,4.04,0.01,10,4040,买盘
750,13:37:07,4.03,-0.01,98,39494,卖盘
751,13:38:01,4.04,0.01,8,3232,买盘
752,13:38:48,4.04,0.0,10,4040,买盘
753,13:39:04,4.04,0.0,10,4040,买盘
754,13:39:09,4.03,-0.01,5,2015,卖盘
755,13:39:24,4.04,0.01,10,4040,买盘
756,13:40:06,4.03,-0.01,291,117436,卖盘
757,13:40:31,4.04,0.01,9,3636,买盘
758,13:41:48,4.02,-0.02,91,36607,卖盘
759,13:42:16,4.02,0.0,86,34572,卖盘
760,13:42:36,4.04,0.02,50,20200,买盘
761,13:42:42,4.02,-0.02,74,29748,卖盘
762,13:43:09,4.02,0.0,96,38592,卖盘
763,13:43:15,4.03,0.01,6,2418,中性盘
764,13:43:24,4.04,0.01,76,30704,买盘
765,13:43:36,4.02,-0.02,89,35782,卖盘
766,13:44:03,4.02,0.0,82,32964,卖盘
767,13:44:09,4.03,0.01,50,20150,中性盘
768,13:44:16,4.03,0.0,71,28613,卖盘
769,13:44:30,4.02,-0.01,90,36269,卖盘
770,13:44:54,4.04,0.02,20,8080,买盘
771,13:44:57,4.02,-0.02,108,43416,卖盘
772,13:45:24,4.02,0.0,80,32160,卖盘
773,13:45:30,4.03,0.01,40,16120,买盘
774,13:45:51,4.02,-0.01,79,31763,卖盘
775,13:46:19,4.01,-0.01,96,38589,卖盘
776,13:46:25,4.02,0.01,10,4020,卖盘
777,13:46:33,4.02,0.0,10,4020,卖盘
778,13:46:46,4.01,-0.01,95,38095,卖盘
779,13:46:49,4.02,0.01,34,13635,买盘
780,13:47:00,4.02,0.0,1,402,买盘
781,13:47:07,4.02,0.0,5,2010,买盘
782,13:47:13,4.01,-0.01,93,37293,卖盘
783,13:47:27,4.02,0.01,5,2010,买盘
784,13:47:36,4.01,-0.01,49,19649,卖盘
785,13:47:39,4.01,0.0,77,30877,卖盘
786,13:48:06,4.01,0.0,86,34486,卖盘
787,13:48:25,4.01,0.0,50,20050,卖盘
788,13:48:27,4.01,0.0,18,7218,卖盘
789,13:48:33,4.01,0.0,87,34887,卖盘
790,13:48:46,4.02,0.01,1,402,买盘
791,13:48:49,4.01,-0.01,2,802,卖盘
792,13:48:51,4.01,0.0,124,49724,卖盘
793,13:49:00,4.01,0.0,109,43709,卖盘
794,13:49:04,4.02,0.01,2,804,买盘
795,13:49:09,4.01,-0.01,62,24862,卖盘
796,13:49:15,4.01,0.0,3,1203,卖盘
797,13:49:28,4.01,0.0,106,42521,卖盘
798,13:49:31,4.01,0.0,240,96240,卖盘
799,13:49:48,4.02,0.01,1,402,买盘
800,13:49:55,4.01,-0.01,98,39298,卖盘
801,13:50:07,4.01,0.0,30,12030,卖盘
802,13:50:22,4.01,0.0,91,36491,卖盘
803,13:50:46,4.02,0.01,32,12864,买盘
804,13:50:49,4.01,-0.01,74,29716,卖盘
805,13:50:54,4.01,0.0,69,27669,卖盘
806,13:51:15,4.01,0.0,92,36892,卖盘
807,13:51:21,4.01,0.0,100,40100,卖盘
808,13:51:34,4.01,0.0,29,11629,卖盘
809,13:51:42,4.01,0.0,85,34085,卖盘
810,13:51:45,4.01,0.0,200,80200,卖盘
811,13:52:09,4.01,0.0,98,39298,卖盘
812,13:52:36,4.0,-0.01,101,40401,卖盘
813,13:53:04,4.0,0.0,78,31230,卖盘
814,13:53:09,4.02,0.02,45,18090,买盘
815,13:53:24,4.02,0.0,27,10854,卖盘
816,13:53:31,4.0,-0.02,81,32458,卖盘
817,13:53:34,4.03,0.03,4,1612,买盘
818,13:53:57,4.0,-0.03,71,28463,卖盘
819,13:54:25,4.0,0.0,133,53200,卖盘
820,13:54:34,4.0,0.0,115,46004,卖盘
821,13:54:51,4.0,0.0,108,43200,卖盘
822,13:55:18,4.01,0.01,84,33684,卖盘
823,13:55:31,4.01,0.0,12,4812,卖盘
824,13:55:37,4.01,0.0,15,6015,卖盘
825,13:55:45,4.0,-0.01,84,33632,卖盘
826,13:56:12,4.0,0.0,77,30821,卖盘
827,13:56:40,4.0,0.0,104,41702,卖盘
828,13:56:58,4.01,0.01,128,51328,买盘
829,13:57:00,4.01,0.0,50,20050,卖盘
830,13:57:06,4.01,0.0,103,41303,卖盘
831,13:57:34,4.01,0.0,93,37293,卖盘
832,13:57:54,4.02,0.01,20,8040,买盘
833,13:57:57,4.02,0.0,10,4020,买盘
834,13:58:01,4.01,-0.01,86,34486,卖盘
835,13:58:28,4.01,0.0,79,31679,卖盘
836,13:58:39,4.02,0.01,14,5628,买盘
837,13:58:55,4.01,-0.01,90,36090,卖盘
838,13:59:22,4.01,0.0,220,88220,卖盘
839,13:59:49,4.01,0.0,72,28872,卖盘
840,14:00:00,4.01,0.0,50,20050,卖盘
841,14:00:16,4.01,0.0,99,39699,卖盘
842,14:00:30,4.01,0.0,3,1203,卖盘
843,14:00:43,4.02,0.01,92,36897,买盘
844,14:00:45,4.01,-0.01,5,2005,卖盘
845,14:00:48,4.02,0.01,1,402,买盘
846,14:00:58,4.01,-0.01,1,401,卖盘
847,14:01:04,4.02,0.01,14,5628,买盘
848,14:01:09,4.01,-0.01,75,30075,卖盘
849,14:01:15,4.02,0.01,2,804,买盘
850,14:01:36,4.01,-0.01,94,37694,卖盘
851,14:01:45,4.02,0.01,100,40200,买盘
852,14:01:48,4.02,0.0,55,22110,买盘
853,14:01:55,4.02,0.0,6,2412,买盘
854,14:01:58,4.02,0.0,100,40200,买盘
855,14:02:04,4.01,-0.01,83,33283,卖盘
856,14:02:07,4.02,0.01,44,17688,买盘
857,14:02:13,4.02,0.0,33,13247,卖盘
858,14:02:31,4.03,0.01,385,155155,买盘
859,14:02:37,4.04,0.01,5,2020,买盘
860,14:02:49,4.04,0.0,100,40400,买盘
861,14:03:13,4.04,0.0,605,244420,买盘
862,14:03:30,4.04,0.0,55,22220,买盘
863,14:03:37,4.05,0.01,30,12150,买盘
864,14:03:40,4.04,-0.01,34,13736,卖盘
865,14:03:52,4.05,0.01,10,4050,买盘
866,14:04:16,4.05,0.0,15,6075,买盘
867,14:04:21,4.04,-0.01,51,20604,卖盘
868,14:04:28,4.04,0.0,14,5656,买盘
869,14:04:43,4.04,0.0,23,9292,卖盘
870,14:04:52,4.04,0.0,1,404,卖盘
871,14:04:58,4.05,0.01,19,7695,买盘
872,14:05:07,4.04,-0.01,15,6060,卖盘
873,14:05:30,4.04,0.0,13,5252,卖盘
874,14:05:34,4.04,0.0,20,8080,卖盘
875,14:05:42,4.05,0.01,5,2025,买盘
876,14:05:49,4.05,0.0,97,39285,买盘
877,14:05:52,4.05,0.0,1,405,买盘
878,14:06:01,4.04,-0.01,15,6060,卖盘
879,14:06:34,4.05,0.01,50,20250,买盘
880,14:06:46,4.05,0.0,2,810,买盘
881,14:06:52,4.04,-0.01,37,14948,卖盘
882,14:07:00,4.04,0.0,47,18988,卖盘
883,14:07:37,4.04,0.0,30,12120,卖盘
884,14:07:49,4.05,0.01,5,2025,买盘
885,14:08:09,4.05,0.0,50,20250,买盘
886,14:08:13,4.04,-0.01,50,20200,卖盘
887,14:10:55,4.05,0.01,74,29970,买盘
888,14:11:10,4.05,0.0,5,2025,买盘
889,14:11:22,4.04,-0.01,89,35956,卖盘
890,14:11:31,4.04,0.0,2,808,卖盘
891,14:11:46,4.05,0.01,30,12150,买盘
892,14:11:48,4.04,-0.01,96,38784,卖盘
893,14:12:16,4.04,0.0,93,37572,卖盘
894,14:12:27,4.05,0.01,4,1620,买盘
895,14:12:40,4.05,0.0,41,16605,买盘
896,14:12:42,4.04,-0.01,84,33936,卖盘
897,14:12:52,4.05,0.01,2,810,买盘
898,14:13:01,4.04,-0.01,3,1212,卖盘
899,14:13:09,4.04,0.0,83,33532,卖盘
900,14:13:16,4.04,0.0,120,48580,卖盘
901,14:13:36,4.04,0.0,99,39996,卖盘
902,14:13:39,4.04,0.0,12,4848,卖盘
903,14:13:52,4.04,0.0,1,404,买盘
904,14:13:55,4.04,0.0,29,11716,买盘
905,14:14:04,4.03,-0.01,89,35867,卖盘
906,14:14:09,4.03,0.0,165,66495,卖盘
907,14:14:19,4.03,0.0,179,72266,卖盘
908,14:14:31,4.02,-0.01,97,39020,卖盘
909,14:14:55,4.03,0.01,7,2823,中性盘
910,14:14:57,4.02,-0.01,79,31773,卖盘
911,14:15:04,4.02,0.0,16,6432,卖盘
912,14:15:12,4.02,0.0,23,9246,卖盘
913,14:15:24,4.02,0.0,79,31758,卖盘
914,14:15:28,4.03,0.01,1,403,卖盘
915,14:15:45,4.04,0.01,74,29896,买盘
916,14:15:51,4.03,-0.01,84,33852,卖盘
917,14:16:15,4.04,0.01,20,8080,买盘
918,14:16:18,4.03,-0.01,88,35464,卖盘
919,14:16:46,4.03,0.0,109,43927,卖盘
920,14:16:58,4.04,0.01,159,64236,买盘
921,14:17:13,4.03,-0.01,109,43927,卖盘
922,14:17:24,4.04,0.01,32,12928,买盘
923,14:17:28,4.03,-0.01,100,40358,卖盘
924,14:17:37,4.04,0.01,543,219913,中性盘
925,14:17:39,4.04,0.0,100,40400,卖盘
926,14:18:07,4.03,-0.01,94,37938,卖盘
927,14:18:27,4.03,0.0,5,2015,卖盘
928,14:18:34,4.04,0.01,98,39504,买盘
929,14:18:52,4.04,0.0,20,8080,买盘
930,14:19:01,4.03,-0.01,83,33449,卖盘
931,14:19:10,4.03,0.0,58,23374,卖盘
932,14:19:28,4.03,0.0,108,43534,卖盘
933,14:19:34,4.04,0.01,49,19796,买盘
934,14:19:40,4.04,0.0,6,2424,买盘
935,14:19:43,4.04,0.0,74,29896,买盘
936,14:19:46,4.04,0.0,64,25856,买盘
937,14:19:55,4.03,-0.01,93,37479,卖盘
938,14:19:57,4.04,0.01,40,16160,买盘
939,14:20:01,4.04,0.0,43,17372,买盘
940,14:20:04,4.04,0.0,35,14140,买盘
941,14:20:13,4.04,0.0,3,1212,买盘
942,14:20:16,4.04,0.0,21,8484,买盘
943,14:20:19,4.04,0.0,1,404,买盘
944,14:20:21,4.04,0.0,81,32724,卖盘
945,14:20:24,4.04,0.0,2,808,卖盘
946,14:20:37,4.05,0.01,345,139725,买盘
947,14:20:43,4.05,0.0,32,12960,卖盘
948,14:20:49,4.05,0.0,82,33210,卖盘
949,14:20:52,4.05,0.0,100,40500,卖盘
950,14:21:15,4.05,0.0,108,43740,卖盘
951,14:21:40,4.05,0.0,83,33615,卖盘
952,14:21:43,4.05,0.0,108,43740,卖盘
953,14:21:46,4.06,0.01,13,5278,买盘
954,14:21:57,4.06,0.0,50,20300,买盘
955,14:22:04,4.06,0.0,40,16240,买盘
956,14:22:09,4.05,-0.01,94,38070,卖盘
957,14:22:18,4.05,0.0,8,3240,卖盘
958,14:22:30,4.06,0.01,20,8120,买盘
959,14:22:36,4.05,-0.01,88,35640,卖盘
960,14:22:40,4.05,0.0,43,17415,卖盘
961,14:22:42,4.05,0.0,100,40500,买盘
962,14:22:55,4.04,-0.01,100,40400,卖盘
963,14:23:03,4.04,0.0,85,34340,卖盘
964,14:23:16,4.04,0.0,420,169680,卖盘
965,14:23:19,4.05,0.01,25,10125,买盘
966,14:23:31,4.04,-0.01,96,38784,卖盘
967,14:23:46,4.05,0.01,88,35640,买盘
968,14:23:58,4.04,-0.01,86,34753,卖盘
969,14:24:25,4.05,0.01,103,41715,中性盘
970,14:24:52,4.06,0.01,100,40502,买盘
971,14:25:10,4.06,0.0,123,49938,买盘
972,14:25:19,4.05,-0.01,82,33210,卖盘
973,14:25:21,4.06,0.01,34,13804,买盘
974,14:25:24,4.06,0.0,137,55622,买盘
975,14:25:34,4.06,0.0,2,812,买盘
976,14:25:37,4.06,0.0,2,812,买盘
977,14:25:42,4.06,0.0,13,5278,买盘
978,14:25:45,4.05,-0.01,102,41310,卖盘
979,14:25:52,4.06,0.01,75,30450,买盘
980,14:26:12,4.05,-0.01,90,36454,卖盘
981,14:26:21,4.06,0.01,5,2030,买盘
982,14:26:40,4.05,-0.01,73,29565,卖盘
983,14:26:55,4.06,0.01,1,406,买盘
984,14:26:58,4.05,-0.01,1,405,卖盘
985,14:27:04,4.06,0.01,3,1218,买盘
986,14:27:06,4.05,-0.01,106,42975,卖盘
987,14:27:34,4.06,0.01,106,43036,卖盘
988,14:28:01,4.06,0.0,84,34104,卖盘
989,14:28:10,4.06,0.0,33,13398,卖盘
990,14:28:16,4.06,0.0,108,43848,卖盘
991,14:28:19,4.07,0.01,100,40618,买盘
992,14:28:22,4.06,-0.01,4,1624,买盘
993,14:28:24,4.06,0.0,25,10150,买盘
994,14:28:28,4.06,0.0,111,44965,买盘
995,14:28:40,4.06,0.0,11,4466,买盘
996,14:28:49,4.06,0.0,25,10150,卖盘
997,14:28:54,4.05,-0.01,71,28755,卖盘
998,14:29:21,4.05,0.0,76,30780,卖盘
999,14:29:48,4.05,0.0,106,42930,卖盘
1000,14:29:58,4.05,0.0,25,10125,卖盘
1001,14:30:16,4.05,0.0,77,31185,卖盘
1002,14:30:39,4.06,0.01,1,406,买盘
1003,14:30:43,4.05,-0.01,75,30375,卖盘
1004,14:31:09,4.05,0.0,75,30375,卖盘
1005,14:31:13,4.06,0.01,148,60088,买盘
1006,14:31:22,4.06,0.0,24,9744,买盘
1007,14:31:25,4.07,0.01,121,49247,买盘
1008,14:31:37,4.05,-0.02,96,38956,卖盘
1009,14:31:42,4.07,0.02,50,20348,买盘
1010,14:31:49,4.07,0.0,20,8140,买盘
1011,14:31:58,4.06,-0.01,15,6090,中性盘
1012,14:32:04,4.05,-0.01,86,34905,卖盘
1013,14:32:31,4.06,0.01,192,77952,卖盘
1014,14:32:37,4.06,0.0,23,9338,买盘
1015,14:32:49,4.06,0.0,1,406,卖盘
1016,14:32:58,4.05,-0.01,82,33216,卖盘
1017,14:33:25,4.05,0.0,76,30780,卖盘
1018,14:33:40,4.07,0.02,10,4070,买盘
1019,14:33:46,4.06,-0.01,1,406,卖盘
1020,14:33:52,4.07,0.01,584,237688,买盘
1021,14:34:04,4.07,0.0,10,4070,卖盘
1022,14:34:13,4.07,0.0,5,2035,卖盘
1023,14:34:19,4.08,0.01,30,12240,买盘
1024,14:34:40,4.08,0.0,32,13056,买盘
1025,14:34:52,4.08,0.0,53,21624,买盘
1026,14:34:55,4.08,0.0,40,16320,买盘
1027,14:35:04,4.08,0.0,646,263568,买盘
1028,14:35:10,4.08,0.0,20,8160,买盘
1029,14:35:13,4.08,0.0,15,6120,买盘
1030,14:35:16,4.08,0.0,49,19992,买盘
1031,14:35:18,4.08,0.0,61,24888,卖盘
1032,14:35:22,4.08,0.0,2,816,买盘
1033,14:35:24,4.08,0.0,186,75888,买盘
1034,14:35:40,4.08,0.0,11,4488,买盘
1035,14:35:57,4.07,-0.01,5,2035,卖盘
1036,14:36:01,4.08,0.01,30,12240,买盘
1037,14:36:19,4.08,0.0,196,79968,买盘
1038,14:36:34,4.08,0.0,10,4080,买盘
1039,14:36:40,4.08,0.0,2,816,买盘
1040,14:36:49,4.07,-0.01,25,10175,卖盘
1041,14:37:04,4.07,0.0,67,27269,卖盘
1042,14:37:40,4.08,0.01,164,66895,买盘
1043,14:37:43,4.07,-0.01,70,28490,卖盘
1044,14:37:49,4.07,0.0,17,6919,卖盘
1045,14:38:04,4.07,0.0,10,4070,卖盘
1046,14:38:10,4.07,0.0,3,1221,卖盘
1047,14:38:13,4.07,0.0,2,814,卖盘
1048,14:38:22,4.08,0.01,5,2040,买盘
1049,14:39:06,4.07,-0.01,2,814,卖盘
1050,14:39:16,4.07,0.0,10,4070,买盘
1051,14:39:19,4.07,0.0,4,1628,买盘
1052,14:39:25,4.08,0.01,148,60370,买盘
1053,14:39:58,4.07,-0.01,10,4070,卖盘
1054,14:40:18,4.06,-0.01,230,93380,卖盘
1055,14:40:43,4.05,-0.01,10,4050,卖盘
1056,14:41:04,4.05,0.0,10,4050,卖盘
1057,14:41:22,4.06,0.01,148,60088,买盘
1058,14:41:28,4.05,-0.01,281,113805,卖盘
1059,14:41:43,4.06,0.01,30,12180,买盘
1060,14:41:57,4.06,0.0,200,81200,买盘
1061,14:42:01,4.06,0.0,82,33292,买盘
1062,14:42:07,4.06,0.0,5,2030,卖盘
1063,14:42:16,4.06,0.0,12,4872,卖盘
1064,14:42:28,4.08,0.02,148,60248,买盘
1065,14:42:39,4.06,-0.02,143,58058,卖盘
1066,14:43:07,4.06,0.0,5,2030,买盘
1067,14:43:25,4.06,0.0,6,2431,买盘
1068,14:44:09,4.05,-0.01,277,112185,卖盘
1069,14:44:19,4.06,0.01,148,60088,买盘
1070,14:44:49,4.06,0.0,201,81606,买盘
1071,14:44:57,4.08,0.02,148,60274,买盘
1072,14:45:33,4.06,-0.02,2,812,卖盘
1073,14:46:31,4.06,0.0,7,2842,卖盘
1074,14:46:46,4.06,0.0,84,34104,卖盘
1075,14:46:58,4.05,-0.01,40,16225,卖盘
1076,14:47:34,4.07,0.02,25,10141,买盘
1077,14:48:04,4.06,-0.01,2,812,卖盘
1078,14:48:06,4.06,0.0,24,9744,卖盘
1079,14:48:10,4.07,0.01,14,5698,买盘
1080,14:48:22,4.06,-0.01,58,23548,卖盘
1081,14:48:30,4.06,0.0,33,13398,买盘
1082,14:48:34,4.05,-0.01,16,6480,卖盘
1083,14:48:37,4.06,0.01,20,8120,买盘
1084,14:49:04,4.06,0.0,319,129514,买盘
1085,14:49:15,4.06,0.0,35,14210,买盘
1086,14:49:22,4.06,0.0,54,21924,买盘
1087,14:49:25,4.06,0.0,333,135198,卖盘
1088,14:49:28,4.06,0.0,143,58058,卖盘
1089,14:49:37,4.05,-0.01,1,405,卖盘
1090,14:49:45,4.05,0.0,6,2430,卖盘
1091,14:50:06,4.06,0.01,10,4060,买盘
1092,14:50:16,4.06,0.0,500,203000,买盘
1093,14:50:22,4.06,0.0,236,95816,买盘
1094,14:50:28,4.06,0.0,68,27608,买盘
1095,14:50:39,4.06,0.0,30,12180,买盘
1096,14:50:45,4.06,0.0,7,2842,买盘
1097,14:50:55,4.06,0.0,56,22736,买盘
1098,14:51:07,4.06,0.0,12,4872,卖盘
1099,14:51:28,4.07,0.01,30,12210,买盘
1100,14:51:37,4.06,-0.01,12,4872,卖盘
1101,14:51:43,4.06,0.0,170,69020,卖盘
1102,14:51:48,4.06,0.0,2,812,卖盘
1103,14:51:57,4.07,0.01,4,1628,买盘
1104,14:52:01,4.06,-0.01,258,104748,卖盘
1105,14:52:07,4.07,0.01,34,13838,买盘
1106,14:52:13,4.07,0.0,101,41107,买盘
1107,14:52:15,4.06,-0.01,25,10150,卖盘
1108,14:52:28,4.07,0.01,258,105006,买盘
1109,14:52:43,4.07,0.0,2,814,卖盘
1110,14:52:49,4.07,0.0,4,1628,卖盘
1111,14:52:54,4.08,0.01,10,4080,买盘
1112,14:52:58,4.07,-0.01,4,1628,卖盘
1113,14:53:01,4.07,0.0,8,3256,卖盘
1114,14:53:04,4.07,0.0,10,4070,卖盘
1115,14:53:40,4.07,0.0,5,2035,卖盘
1116,14:53:46,4.07,0.0,50,20350,卖盘
1117,14:53:58,4.07,0.0,42,17094,卖盘
1118,14:54:04,4.08,0.01,43,17534,买盘
1119,14:54:25,4.07,-0.01,100,40700,卖盘
1120,14:54:28,4.08,0.01,10,4080,买盘
1121,14:54:31,4.07,-0.01,36,14652,卖盘
1122,14:54:33,4.08,0.01,15,6120,买盘
1123,14:54:37,4.08,0.0,10,4080,买盘
1124,14:54:43,4.07,-0.01,50,20350,卖盘
1125,14:54:46,4.07,0.0,45,18315,卖盘
1126,14:54:55,4.07,0.0,25,10175,卖盘
1127,14:55:00,4.07,0.0,100,40700,卖盘
1128,14:55:04,4.07,0.0,20,8140,卖盘
1129,14:55:16,4.07,0.0,10,4070,卖盘
1130,14:55:27,4.08,0.01,22,8976,买盘
1131,14:55:31,4.07,-0.01,100,40750,卖盘
1132,14:55:33,4.07,0.0,7,2849,卖盘
1133,14:55:37,4.07,0.0,40,16310,卖盘
1134,14:55:40,4.07,0.0,10,4070,卖盘
1135,14:55:49,4.07,0.0,10,4070,卖盘
1136,14:55:52,4.07,0.0,5,2035,卖盘
1137,14:55:55,4.07,0.0,41,16687,卖盘
1138,14:55:58,4.08,0.01,10,4080,买盘
1139,14:56:01,4.07,-0.01,82,33374,卖盘
1140,14:56:04,4.08,0.01,3,1224,买盘
1141,14:56:10,4.08,0.0,3,1224,买盘
1142,14:56:13,4.08,0.0,37,15061,买盘
1143,14:56:16,4.08,0.0,25,10181,买盘
1144,14:56:25,4.08,0.0,20,8160,买盘
1145,14:56:28,4.08,0.0,212,86496,买盘
1146,14:56:34,4.08,0.0,38,15504,买盘
1147,14:56:37,4.08,0.0,100,40800,买盘
1148,14:56:54,4.08,0.0,18,7344,买盘
1149,14:56:57,4.08,0.0,100,40800,买盘
1150,14:57:00,4.08,0.0,35,14280,买盘
1151,15:00:04,4.07,-0.01,1759,715913,卖盘
