,time,price,change,volume,amount,type
0,09:25:05,4.96,-0.01,191,94736,卖盘
1,09:30:04,4.95,-0.01,85,42090,卖盘
2,09:30:21,4.95,0.0,10,4950,买盘
3,09:30:24,4.94,-0.01,20,9880,卖盘
4,09:30:34,4.94,0.0,2,988,卖盘
5,09:30:39,4.94,0.0,6,2969,卖盘
6,09:30:46,4.95,0.01,129,63855,买盘
7,09:30:51,4.95,0.0,2,990,卖盘
8,09:30:58,4.96,0.01,123,61008,买盘
9,09:31:01,4.95,-0.01,1,495,卖盘
10,09:31:04,4.96,0.01,123,60985,买盘
11,09:31:18,4.95,-0.01,11,5445,卖盘
12,09:31:28,4.95,0.0,2,990,卖盘
13,09:31:36,4.96,0.01,352,174591,买盘
14,09:31:46,4.95,-0.01,2,990,卖盘
15,09:32:01,4.95,0.0,1,495,卖盘
16,09:32:13,4.97,0.02,350,173640,买盘
17,09:32:15,4.97,0.0,23,11431,买盘
18,09:32:19,4.97,0.0,15,7455,买盘
19,09:32:31,4.96,-0.01,2,992,卖盘
20,09:32:33,4.97,0.01,200,99400,买盘
21,09:32:39,4.95,-0.02,61,30315,卖盘
22,09:32:49,4.95,0.0,2,990,卖盘
23,09:32:57,4.98,0.03,1300,646153,买盘
24,09:33:01,4.95,-0.03,1,495,卖盘
25,09:33:07,4.97,0.02,10,4970,买盘
26,09:33:10,4.97,0.0,28,13916,买盘
27,09:33:24,4.95,-0.02,500,247500,卖盘
28,09:33:28,4.97,0.02,5,2485,买盘
29,09:33:30,4.98,0.01,700,347973,买盘
30,09:33:34,4.95,-0.03,23,11448,卖盘
31,09:33:37,4.98,0.03,235,116370,买盘
32,09:33:42,4.97,-0.01,25,12423,中性盘
33,09:33:51,4.96,-0.01,2,992,卖盘
34,09:34:01,4.96,0.0,1,496,卖盘
35,09:34:07,4.97,0.01,30,14910,买盘
36,09:34:09,4.97,0.0,44,21868,买盘
37,09:34:15,4.97,0.0,6,2982,买盘
38,09:34:18,4.97,0.0,125,62125,买盘
39,09:34:22,4.97,0.0,298,148106,买盘
40,09:34:28,4.97,0.0,50,24850,卖盘
41,09:34:36,4.98,0.01,20,9960,买盘
42,09:34:39,4.97,-0.01,8,3976,卖盘
43,09:34:43,4.97,0.0,15,7455,买盘
44,09:34:46,4.98,0.01,559,278253,买盘
45,09:34:51,4.98,0.0,230,114540,买盘
46,09:34:54,4.98,0.0,4,1992,买盘
47,09:35:04,4.98,0.0,305,151890,买盘
48,09:35:07,4.98,0.0,360,179123,买盘
49,09:35:12,4.98,0.0,36,17928,买盘
50,09:35:15,4.99,0.01,1010,503078,买盘
51,09:35:19,4.99,0.0,111,55209,买盘
52,09:35:30,4.99,0.0,3,1497,买盘
53,09:35:33,4.99,0.0,61,30439,买盘
54,09:35:37,4.98,-0.01,61,30409,卖盘
55,09:35:40,4.99,0.01,24,11976,买盘
56,09:35:45,4.99,0.0,88,43842,买盘
57,09:35:52,4.99,0.0,55,27445,买盘
58,09:35:55,4.98,-0.01,394,196212,卖盘
59,09:35:58,4.98,0.0,12,5976,买盘
60,09:36:01,4.98,0.0,50,24900,买盘
61,09:36:04,4.98,0.0,220,109560,买盘
62,09:36:06,4.98,0.0,100,49800,买盘
63,09:36:10,4.98,0.0,43,21414,买盘
64,09:36:19,4.97,-0.01,26,12922,卖盘
65,09:36:24,4.97,0.0,80,39760,卖盘
66,09:36:28,4.97,0.0,22,10934,卖盘
67,09:36:37,4.97,0.0,1,497,卖盘
68,09:36:39,4.97,0.0,200,99400,卖盘
69,09:37:01,4.97,0.0,64,31808,卖盘
70,09:37:06,4.97,0.0,20,9940,买盘
71,09:37:16,4.97,0.0,14,6958,买盘
72,09:37:43,4.97,0.0,8,3976,买盘
73,09:37:52,4.97,0.0,2,994,买盘
74,09:37:57,4.96,-0.01,30,14880,卖盘
75,09:38:25,4.96,0.0,5,2480,卖盘
76,09:38:30,4.97,0.01,30,14910,买盘
77,09:38:37,4.97,0.0,24,11928,买盘
78,09:38:48,4.97,0.0,30,14910,买盘
79,09:39:00,4.97,0.0,9,4473,买盘
80,09:39:13,4.97,0.0,31,15407,买盘
81,09:39:21,4.97,0.0,94,46718,买盘
82,09:39:25,4.97,0.0,42,20874,买盘
83,09:39:31,4.96,-0.01,220,109120,卖盘
84,09:39:33,4.96,0.0,1,585,卖盘
85,09:39:37,4.96,0.0,102,50688,卖盘
86,09:39:46,4.96,0.0,6,2976,卖盘
87,09:39:52,4.96,0.0,100,49600,卖盘
88,09:40:01,4.96,0.0,6,2976,卖盘
89,09:40:45,4.96,0.0,9,4464,卖盘
90,09:41:04,4.96,0.0,5,2480,卖盘
91,09:41:07,4.96,0.0,1,496,卖盘
92,09:41:13,4.96,0.0,100,49600,卖盘
93,09:41:19,4.97,0.01,5,2485,买盘
94,09:41:22,4.96,-0.01,3,1488,卖盘
95,09:41:33,4.97,0.01,1,497,买盘
96,09:41:36,4.96,-0.01,27,13392,卖盘
97,09:41:49,4.97,0.01,4,1988,买盘
98,09:41:52,4.96,-0.01,165,81859,卖盘
99,09:41:54,4.97,0.01,21,10437,买盘
100,09:41:58,4.96,-0.01,1,486,卖盘
101,09:42:04,4.97,0.01,112,55662,买盘
102,09:42:06,4.96,-0.01,63,31260,卖盘
103,09:42:22,4.96,0.0,77,38212,卖盘
104,09:42:25,4.97,0.01,36,17892,买盘
105,09:42:30,4.97,0.0,113,56103,买盘
106,09:42:34,4.97,0.0,75,37275,买盘
107,09:42:37,4.97,0.0,10,4970,买盘
108,09:42:40,4.97,0.0,7,3479,买盘
109,09:42:42,4.97,0.0,37,18389,买盘
110,09:42:46,4.97,0.0,50,24850,买盘
111,09:42:48,4.97,0.0,70,34790,买盘
112,09:42:52,4.97,0.0,50,24850,买盘
113,09:42:55,4.97,0.0,3,1491,买盘
114,09:43:04,4.97,0.0,22,10934,买盘
115,09:43:06,4.96,-0.01,26,12998,卖盘
116,09:43:22,4.96,0.0,21,10416,卖盘
117,09:43:24,4.97,0.01,20,9940,买盘
118,09:43:31,4.97,0.0,22,10934,买盘
119,09:43:39,4.96,-0.01,538,267377,卖盘
120,09:43:58,4.97,0.01,7,3479,买盘
121,09:44:06,4.98,0.01,20,9960,买盘
122,09:44:12,4.98,0.0,25,12450,买盘
123,09:44:18,4.97,-0.01,13,6461,卖盘
124,09:44:28,4.96,-0.01,57,28272,卖盘
125,09:44:52,4.96,0.0,20,9920,卖盘
126,09:45:03,4.96,0.0,5,2480,卖盘
127,09:45:07,4.97,0.01,16,7952,买盘
128,09:45:16,4.97,0.0,1,497,买盘
129,09:45:21,4.96,-0.01,21,10416,卖盘
130,09:45:36,4.96,0.0,22,10912,卖盘
131,09:45:40,4.97,0.01,16,7952,买盘
132,09:45:45,4.96,-0.01,17,8432,卖盘
133,09:45:48,4.96,0.0,200,99200,卖盘
134,09:45:52,4.96,0.0,21,10416,卖盘
135,09:46:01,4.96,0.0,39,19344,卖盘
136,09:46:07,4.96,0.0,12,5952,卖盘
137,09:46:15,4.96,0.0,30,14880,卖盘
138,09:46:21,4.96,0.0,21,10416,卖盘
139,09:46:24,4.96,0.0,5,2480,卖盘
140,09:46:27,4.96,0.0,31,15376,卖盘
141,09:46:34,4.96,0.0,3,1488,卖盘
142,09:46:36,4.96,0.0,22,10912,卖盘
143,09:46:52,4.96,0.0,22,10912,卖盘
144,09:46:54,4.96,0.0,19,9424,卖盘
145,09:47:04,4.96,0.0,18,8928,卖盘
146,09:47:15,4.96,0.0,16,7936,卖盘
147,09:47:22,4.96,0.0,16,7936,卖盘
148,09:47:28,4.96,0.0,13,6448,卖盘
149,09:47:30,4.96,0.0,1,248,卖盘
150,09:47:33,4.96,0.0,3,1488,卖盘
151,09:47:36,4.97,0.01,23,11431,买盘
152,09:47:39,4.96,-0.01,18,8928,卖盘
153,09:47:42,4.97,0.01,25,12420,买盘
154,09:47:49,4.96,-0.01,31,15394,卖盘
155,09:47:51,4.96,0.0,6,2976,卖盘
156,09:47:54,4.97,0.01,25,12425,买盘
157,09:48:01,4.97,0.0,20,9940,买盘
158,09:48:04,4.96,-0.01,22,10877,卖盘
159,09:48:06,4.96,0.0,22,10912,卖盘
160,09:48:09,4.96,0.0,24,11925,卖盘
161,09:48:12,4.97,0.01,20,9940,买盘
162,09:48:16,4.96,-0.01,15,7440,卖盘
163,09:48:28,4.96,0.0,14,6944,卖盘
164,09:48:33,4.96,0.0,3,1488,卖盘
165,09:48:40,4.96,0.0,18,8928,卖盘
166,09:48:49,4.96,0.0,13,6448,卖盘
167,09:48:51,4.96,0.0,59,29264,卖盘
168,09:48:57,4.96,0.0,13,6448,卖盘
169,09:49:04,4.96,0.0,8,3968,卖盘
170,09:49:07,4.96,0.0,23,11408,卖盘
171,09:49:09,4.96,0.0,15,7440,卖盘
172,09:49:22,4.96,0.0,44,21824,卖盘
173,09:49:24,4.97,0.01,3,1491,买盘
174,09:49:27,4.96,-0.01,12,5952,卖盘
175,09:49:33,4.96,0.0,20,9920,卖盘
176,09:49:37,4.96,0.0,12,5952,卖盘
177,09:49:52,4.96,0.0,14,6944,卖盘
178,09:49:55,4.97,0.01,23,11431,买盘
179,09:50:01,4.96,-0.01,20,9920,卖盘
180,09:50:04,4.97,0.01,1,497,买盘
181,09:50:06,4.96,-0.01,3,1488,卖盘
182,09:50:21,4.96,0.0,22,10912,卖盘
183,09:50:25,4.96,0.0,14,6944,卖盘
184,09:50:36,4.96,0.0,25,12400,卖盘
185,09:50:40,4.96,0.0,21,10416,卖盘
186,09:50:52,4.96,0.0,22,10912,卖盘
187,09:50:55,4.96,0.0,12,5952,卖盘
188,09:50:58,4.96,0.0,28,13899,卖盘
189,09:51:06,4.96,0.0,3,1488,卖盘
190,09:51:12,4.97,0.01,5,2485,买盘
191,09:51:21,4.96,-0.01,22,10912,卖盘
192,09:51:27,4.96,0.0,2,1002,卖盘
193,09:51:31,4.96,0.0,116,57536,卖盘
194,09:51:34,4.96,0.0,54,26784,卖盘
195,09:51:37,4.96,0.0,25,12400,卖盘
196,09:51:42,4.96,0.0,19,9424,卖盘
197,09:51:51,4.96,0.0,22,10912,卖盘
198,09:51:55,4.96,0.0,13,6448,卖盘
199,09:52:06,4.96,0.0,3,1488,卖盘
200,09:52:22,4.96,0.0,16,7936,卖盘
201,09:52:34,4.96,0.0,20,9920,卖盘
202,09:52:36,4.96,0.0,42,20849,卖盘
203,09:52:40,4.97,0.01,55,27319,买盘
204,09:52:42,4.95,-0.02,44,21799,卖盘
205,09:52:49,4.97,0.02,12,5964,买盘
206,09:52:51,4.95,-0.02,22,10890,卖盘
207,09:52:54,4.95,0.0,37,18357,卖盘
208,09:52:58,4.97,0.02,18,8946,买盘
209,09:53:01,4.95,-0.02,20,9900,卖盘
210,09:53:04,4.97,0.02,25,12425,买盘
211,09:53:07,4.95,-0.02,3,1485,卖盘
212,09:53:09,4.95,0.0,31,15363,卖盘
213,09:53:19,4.96,0.01,25,12400,买盘
214,09:53:24,4.96,0.0,19,9424,买盘
215,09:53:30,4.96,0.0,30,14880,买盘
216,09:53:34,4.95,-0.01,26,12870,卖盘
217,09:53:37,4.95,0.0,42,20810,卖盘
218,09:53:40,4.95,0.0,103,50985,卖盘
219,09:53:46,4.96,0.01,43,21305,买盘
220,09:53:51,4.96,0.0,50,24778,买盘
221,09:54:01,4.96,0.0,23,11408,买盘
222,09:54:06,4.95,-0.01,46,22794,卖盘
223,09:54:10,4.96,0.01,64,31741,买盘
224,09:54:13,4.96,0.0,18,8928,卖盘
225,09:54:21,4.97,0.01,24,11928,买盘
226,09:54:25,4.96,-0.01,6,2976,卖盘
227,09:54:28,4.97,0.01,18,8946,买盘
228,09:54:34,4.96,-0.01,31,15376,卖盘
229,09:54:40,4.95,-0.01,3,1485,卖盘
230,09:54:45,4.95,0.0,4,1980,卖盘
231,09:54:49,4.95,0.0,2,693,卖盘
232,09:54:52,4.95,0.0,23,11385,卖盘
233,09:55:00,4.96,0.01,169,83824,买盘
234,09:55:07,4.95,-0.01,22,10890,卖盘
235,09:55:09,4.95,0.0,3,1485,卖盘
236,09:55:15,4.96,0.01,378,187488,买盘
237,09:55:22,4.96,0.0,587,291152,买盘
238,09:55:25,4.95,-0.01,200,99000,卖盘
239,09:55:27,4.96,0.01,265,131832,买盘
240,09:55:31,4.96,0.0,631,312584,卖盘
241,09:55:33,4.96,0.0,214,106144,买盘
242,09:55:39,4.95,-0.01,8,3960,卖盘
243,09:55:51,4.96,0.01,20,9920,买盘
244,09:56:06,4.96,0.0,423,209808,买盘
245,09:56:10,4.95,-0.01,3,1485,卖盘
246,09:56:25,4.96,0.01,632,313472,买盘
247,09:56:30,4.95,-0.01,1,495,卖盘
248,09:56:39,4.95,0.0,3,1485,卖盘
249,09:56:57,4.95,0.0,100,49500,卖盘
250,09:57:00,4.95,0.0,1,886,卖盘
251,09:57:06,4.95,0.0,5,2475,卖盘
252,09:57:09,4.95,0.0,3,1485,卖盘
253,09:57:19,4.95,0.0,140,69300,卖盘
254,09:57:22,4.96,0.01,842,417631,买盘
255,09:57:33,4.96,0.0,259,128464,买盘
256,09:57:37,4.95,-0.01,100,49500,卖盘
257,09:57:42,4.96,0.01,468,232128,买盘
258,09:57:45,4.96,0.0,464,230040,买盘
259,09:57:51,4.97,0.01,23,11431,买盘
260,09:58:04,4.97,0.0,25,12425,买盘
261,09:58:12,4.97,0.0,18,8946,买盘
262,09:58:25,4.96,-0.01,4,2088,卖盘
263,09:58:30,4.95,-0.01,2,644,卖盘
264,09:58:54,4.96,0.01,10,4960,买盘
265,09:59:12,4.96,0.0,677,335792,买盘
266,09:59:22,4.96,0.0,886,439456,买盘
267,09:59:27,4.96,0.0,304,150784,买盘
268,09:59:30,4.96,0.0,39,19344,买盘
269,09:59:33,4.96,0.0,11,5456,买盘
270,09:59:39,4.96,0.0,5,2480,买盘
271,09:59:42,4.95,-0.01,5,2475,卖盘
272,09:59:46,4.96,0.01,44,21824,买盘
273,09:59:49,4.96,0.0,80,39680,买盘
274,09:59:52,4.95,-0.01,1,376,卖盘
275,10:00:10,4.96,0.01,20,9920,买盘
276,10:00:13,4.96,0.0,10,4960,买盘
277,10:00:18,4.96,0.0,513,254448,买盘
278,10:00:24,4.96,0.0,246,122408,买盘
279,10:00:31,4.96,0.0,212,105152,卖盘
280,10:00:34,4.96,0.0,100,49600,卖盘
281,10:00:37,4.97,0.01,18,8946,买盘
282,10:00:39,4.96,-0.01,219,108232,卖盘
283,10:00:42,4.96,0.0,23,11408,买盘
284,10:00:51,4.96,0.0,1,496,买盘
285,10:00:54,4.96,0.0,20,9920,买盘
286,10:00:57,4.96,0.0,6,2976,买盘
287,10:01:06,4.95,-0.01,6,2970,卖盘
288,10:01:12,4.95,0.0,1101,546302,卖盘
289,10:01:24,4.96,0.01,50,24800,买盘
290,10:01:27,4.96,0.0,244,121024,买盘
291,10:01:31,4.96,0.0,176,87296,买盘
292,10:01:34,4.96,0.0,1,392,卖盘
293,10:01:36,4.97,0.01,25,12425,买盘
294,10:01:45,4.96,-0.01,5,2480,卖盘
295,10:01:49,4.96,0.0,26,12918,卖盘
296,10:01:58,4.96,0.0,68,33746,卖盘
297,10:02:04,4.97,0.01,25,12425,买盘
298,10:02:09,4.97,0.0,22,10934,买盘
299,10:02:12,4.97,0.0,11,5467,买盘
300,10:02:34,4.96,-0.01,314,155848,卖盘
301,10:02:49,4.96,0.0,578,286688,买盘
302,10:02:54,4.96,0.0,738,365938,买盘
303,10:03:06,4.97,0.01,105,52185,买盘
304,10:03:09,4.97,0.0,24,11928,买盘
305,10:03:13,4.97,0.0,18,8946,买盘
306,10:03:19,4.97,0.0,86,42742,买盘
307,10:03:24,4.96,-0.01,35,17365,卖盘
308,10:03:27,4.96,0.0,19,9297,卖盘
309,10:03:36,4.97,0.01,30,14910,买盘
310,10:03:40,4.97,0.0,65,32305,买盘
311,10:03:48,4.97,0.0,17,8449,买盘
312,10:03:51,4.96,-0.01,5,2480,卖盘
313,10:04:00,4.97,0.01,22,10934,买盘
314,10:04:04,4.97,0.0,20,9940,买盘
315,10:04:06,4.97,0.0,15,7455,买盘
316,10:04:16,4.96,-0.01,383,190216,卖盘
317,10:04:31,4.95,-0.01,100,49500,卖盘
318,10:04:49,4.95,0.0,978,485036,卖盘
319,10:04:52,4.96,0.01,152,75138,买盘
320,10:04:58,4.96,0.0,12,5952,卖盘
321,10:05:09,4.96,0.0,35,17360,卖盘
322,10:05:39,4.96,0.0,1,848,卖盘
323,10:05:42,4.96,0.0,64,31640,卖盘
324,10:05:48,4.96,0.0,22,10912,买盘
325,10:05:55,4.95,-0.01,5,2475,卖盘
326,10:06:01,4.96,0.01,28,13888,买盘
327,10:06:06,4.95,-0.01,120,59400,卖盘
328,10:06:27,4.95,0.0,320,158490,卖盘
329,10:06:48,4.95,0.0,11,5455,卖盘
330,10:06:55,4.95,0.0,5,2475,卖盘
331,10:07:03,4.95,0.0,100,49500,卖盘
332,10:07:09,4.96,0.01,55,27280,买盘
333,10:07:13,4.95,-0.01,98,48510,卖盘
334,10:07:28,4.95,0.0,100,49500,卖盘
335,10:07:39,4.95,0.0,2,846,卖盘
336,10:07:54,4.95,0.0,5,2475,卖盘
337,10:07:57,4.95,0.0,150,74250,卖盘
338,10:08:12,4.95,0.0,50,24750,卖盘
339,10:08:36,4.95,0.0,10,4950,卖盘
340,10:08:48,4.95,0.0,5,2475,卖盘
341,10:09:00,4.95,0.0,50,24750,卖盘
342,10:09:19,4.95,0.0,619,306202,卖盘
343,10:09:30,4.95,0.0,13,6785,买盘
344,10:09:45,4.95,0.0,31,15345,买盘
345,10:09:48,4.95,0.0,123,60885,买盘
346,10:09:54,4.95,0.0,9,4450,买盘
347,10:10:06,4.95,0.0,4,1980,买盘
348,10:10:10,4.95,0.0,24,11880,买盘
349,10:10:27,4.95,0.0,10,4950,买盘
350,10:10:39,4.95,0.0,324,160098,买盘
351,10:10:42,4.95,0.0,289,143337,卖盘
352,10:10:45,4.95,0.0,173,85353,买盘
353,10:10:49,4.95,0.0,29,14379,卖盘
354,10:10:52,4.95,0.0,634,314112,卖盘
355,10:10:54,4.96,0.01,210,103725,买盘
356,10:11:04,4.95,-0.01,81,40377,卖盘
357,10:11:06,4.95,0.0,54,26448,买盘
358,10:11:10,4.95,0.0,385,190857,卖盘
359,10:11:12,4.95,0.0,50,24750,买盘
360,10:11:18,4.95,0.0,9,4123,买盘
361,10:11:22,4.95,0.0,214,106262,卖盘
362,10:11:30,4.95,0.0,63,31185,买盘
363,10:11:39,4.95,0.0,7,3465,买盘
364,10:11:45,4.94,-0.01,6,2964,卖盘
365,10:11:49,4.95,0.01,648,320760,买盘
366,10:11:54,4.94,-0.01,7,3458,卖盘
367,10:12:15,4.95,0.01,857,424215,买盘
368,10:12:21,4.95,0.0,237,116983,买盘
369,10:12:48,4.95,0.0,5,2475,卖盘
370,10:12:54,4.95,0.0,1,846,卖盘
371,10:12:58,4.95,0.0,1,495,卖盘
372,10:13:27,4.95,0.0,10,4950,卖盘
373,10:13:42,4.95,0.0,60,29700,卖盘
374,10:13:51,4.95,0.0,40,19800,卖盘
375,10:13:54,4.95,0.0,6,2970,卖盘
376,10:14:04,4.95,0.0,9,4455,卖盘
377,10:14:06,4.95,0.0,9,4455,卖盘
378,10:14:46,4.95,0.0,2,846,卖盘
379,10:14:55,4.95,0.0,5,2475,卖盘
380,10:15:00,4.95,0.0,60,29700,卖盘
381,10:15:12,4.95,0.0,366,181294,卖盘
382,10:15:24,4.95,0.0,30,14850,买盘
383,10:15:30,4.95,0.0,693,343035,买盘
384,10:15:33,4.94,-0.01,1,370,卖盘
385,10:15:39,4.95,0.01,902,446490,买盘
386,10:15:48,4.95,0.0,111,54945,买盘
387,10:15:55,4.94,-0.01,321,158894,卖盘
388,10:15:57,4.94,0.0,5,2470,卖盘
389,10:16:00,4.95,0.01,378,186986,买盘
390,10:16:06,4.95,0.0,9,4455,卖盘
391,10:16:33,4.95,0.0,15,7425,卖盘
392,10:16:40,4.95,0.0,3,1485,卖盘
393,10:16:45,4.95,0.0,62,30690,卖盘
394,10:16:54,4.95,0.0,5,2475,卖盘
395,10:17:09,4.95,0.0,1,846,卖盘
396,10:17:22,4.95,0.0,1,495,卖盘
397,10:17:27,4.95,0.0,662,327690,卖盘
398,10:17:33,4.95,0.0,141,69567,卖盘
399,10:17:48,4.94,-0.01,5,2470,卖盘
400,10:17:51,4.95,0.01,23,11385,买盘
401,10:18:36,4.95,0.0,389,192555,买盘
402,10:18:42,4.95,0.0,947,468765,买盘
403,10:18:45,4.94,-0.01,10,4940,卖盘
404,10:18:48,4.94,0.0,1,494,卖盘
405,10:18:51,4.95,0.01,156,77220,买盘
406,10:19:00,4.95,0.0,365,180675,买盘
407,10:19:03,4.94,-0.01,6,2964,卖盘
408,10:19:15,4.95,0.01,284,140808,买盘
409,10:19:21,4.96,0.01,300,148800,买盘
410,10:19:33,4.96,0.0,7,3472,买盘
411,10:19:36,4.96,0.0,450,223200,买盘
412,10:19:49,4.97,0.01,1523,756208,买盘
413,10:20:00,4.96,-0.01,22,10860,买盘
414,10:20:04,4.97,0.01,43,21371,买盘
415,10:20:09,4.97,0.0,30,14910,买盘
416,10:20:21,4.95,-0.02,962,476440,卖盘
417,10:20:30,4.95,0.0,287,142065,卖盘
418,10:20:42,4.97,0.02,632,312880,买盘
419,10:20:51,4.95,-0.02,728,360182,卖盘
420,10:20:55,4.95,0.0,16,7914,买盘
421,10:21:00,4.95,0.0,4,1980,买盘
422,10:21:09,4.95,0.0,260,128700,买盘
423,10:21:18,4.95,0.0,5,2475,买盘
424,10:21:24,4.95,0.0,10,4950,买盘
425,10:21:27,4.94,-0.01,2,845,卖盘
426,10:21:36,4.95,0.01,1,495,买盘
427,10:21:49,4.94,-0.01,1,494,卖盘
428,10:21:55,4.94,0.0,5,2470,卖盘
429,10:22:04,4.95,0.01,10,4950,买盘
430,10:22:06,4.95,0.0,165,81675,买盘
431,10:22:12,4.95,0.0,20,9900,买盘
432,10:22:27,4.95,0.0,16,7920,买盘
433,10:22:33,4.95,0.0,34,16830,买盘
434,10:23:13,4.94,-0.01,5,2470,卖盘
435,10:23:19,4.95,0.01,100,49500,买盘
436,10:23:27,4.94,-0.01,1,494,卖盘
437,10:23:33,4.95,0.01,40,19800,买盘
438,10:23:36,4.95,0.0,6,2970,买盘
439,10:23:58,4.94,-0.01,5,2470,卖盘
440,10:24:06,4.95,0.01,4,1980,买盘
441,10:24:15,4.95,0.0,24,11880,买盘
442,10:24:39,4.94,-0.01,2,939,卖盘
443,10:24:52,4.94,0.0,1,494,卖盘
444,10:25:00,4.94,0.0,5,2470,卖盘
445,10:25:25,4.95,0.01,15,7425,买盘
446,10:25:31,4.94,-0.01,48,23735,卖盘
447,10:25:36,4.95,0.01,22,10890,买盘
448,10:25:46,4.95,0.0,18,8910,买盘
449,10:25:48,4.94,-0.01,5,2470,卖盘
450,10:25:55,4.95,0.01,26,12870,买盘
451,10:26:00,4.95,0.0,22,10890,买盘
452,10:26:04,4.95,0.0,18,8910,买盘
453,10:26:18,4.94,-0.01,1,494,卖盘
454,10:26:51,4.94,0.0,39,19266,卖盘
455,10:26:54,4.94,0.0,5,2470,卖盘
456,10:27:07,4.94,0.0,15,7410,卖盘
457,10:27:28,4.94,0.0,1,845,卖盘
458,10:27:45,4.94,0.0,6,2964,卖盘
459,10:27:48,4.94,0.0,200,98800,卖盘
460,10:27:51,4.94,0.0,1,494,卖盘
461,10:27:54,4.95,0.01,21,10389,买盘
462,10:27:58,4.95,0.0,210,103950,买盘
463,10:28:01,4.95,0.0,20,9900,买盘
464,10:28:06,4.95,0.0,18,8910,买盘
465,10:28:12,4.95,0.0,20,9900,买盘
466,10:28:25,4.94,-0.01,30,14820,卖盘
467,10:28:36,4.94,0.0,20,9880,卖盘
468,10:28:51,4.94,0.0,105,51870,卖盘
469,10:28:54,4.94,0.0,128,63232,卖盘
470,10:29:01,4.95,0.01,121,59895,买盘
471,10:29:09,4.95,0.0,80,39600,买盘
472,10:29:21,4.95,0.0,50,24750,买盘
473,10:29:39,4.95,0.0,100,49500,买盘
474,10:29:42,4.94,-0.01,10,4940,卖盘
475,10:29:54,4.95,0.01,8,3960,买盘
476,10:29:57,4.94,-0.01,126,62364,卖盘
477,10:30:06,4.95,0.01,200,99000,买盘
478,10:30:10,4.94,-0.01,2,845,卖盘
479,10:30:12,4.94,0.0,80,39543,卖盘
480,10:30:19,4.95,0.01,150,74250,买盘
481,10:30:36,4.95,0.0,40,19800,买盘
482,10:30:39,4.94,-0.01,12,5928,卖盘
483,10:30:45,4.96,0.02,250,123761,买盘
484,10:30:48,4.94,-0.02,1,494,卖盘
485,10:30:54,4.96,0.02,30,14880,买盘
486,10:31:06,4.96,0.0,40,19840,买盘
487,10:31:24,4.95,-0.01,100,49500,卖盘
488,10:31:33,4.95,0.0,3,1485,买盘
489,10:31:37,4.95,0.0,1,495,买盘
490,10:31:40,4.95,0.0,1000,495000,买盘
491,10:31:45,4.95,0.0,40,19800,买盘
492,10:31:54,4.95,0.0,47,23260,买盘
493,10:32:04,4.96,0.01,27,13389,买盘
494,10:32:09,4.96,0.0,18,8928,买盘
495,10:32:24,4.94,-0.02,1,494,卖盘
496,10:32:33,4.94,0.0,1002,495845,卖盘
497,10:32:54,4.94,0.0,5,2470,卖盘
498,10:33:06,4.96,0.02,200,99106,买盘
499,10:33:15,4.96,0.0,280,138857,买盘
500,10:33:24,4.97,0.01,300,148825,买盘
501,10:33:33,4.97,0.0,23,11431,买盘
502,10:33:36,4.97,0.0,15,7444,买盘
503,10:33:42,4.97,0.0,28,13916,买盘
504,10:33:49,4.97,0.0,20,9940,买盘
505,10:33:54,4.97,0.0,25,12422,买盘
506,10:33:58,4.97,0.0,5,2483,买盘
507,10:34:00,4.97,0.0,22,10934,买盘
508,10:34:06,4.96,-0.01,90,44570,中性盘
509,10:34:10,4.96,0.0,500,248000,买盘
510,10:34:18,4.97,0.01,20,9928,买盘
511,10:34:33,4.95,-0.02,35,17325,卖盘
512,10:34:39,4.95,0.0,200,99000,卖盘
513,10:34:45,4.95,0.0,1,495,卖盘
514,10:34:54,4.95,0.0,5,2475,卖盘
515,10:35:06,4.95,0.0,17,8415,卖盘
516,10:35:12,4.95,0.0,30,14850,卖盘
517,10:35:18,4.96,0.01,85,42160,买盘
518,10:35:24,4.95,-0.01,1,495,卖盘
519,10:35:48,4.95,0.0,5,2475,卖盘
520,10:36:04,4.95,0.0,4,1980,卖盘
521,10:36:18,4.96,0.01,57,28272,买盘
522,10:36:24,4.95,-0.01,60,29700,卖盘
523,10:36:39,4.95,0.0,16,7920,卖盘
524,10:36:54,4.95,0.0,7,3465,卖盘
525,10:36:57,4.96,0.01,25,12400,买盘
526,10:37:04,4.96,0.0,12,5952,买盘
527,10:37:10,4.96,0.0,18,8928,买盘
528,10:37:15,4.95,-0.01,30,14850,卖盘
529,10:37:21,4.95,0.0,51,25596,卖盘
530,10:37:30,4.95,0.0,19,9054,卖盘
531,10:37:42,4.95,0.0,125,61875,买盘
532,10:37:48,4.94,-0.01,50,24700,卖盘
533,10:37:51,4.94,0.0,5,2470,卖盘
534,10:37:57,4.94,0.0,1,494,卖盘
535,10:38:12,4.94,0.0,18,8961,卖盘
536,10:38:21,4.94,0.0,42,20748,卖盘
537,10:38:25,4.94,0.0,165,81610,卖盘
538,10:38:28,4.95,0.01,45,22275,买盘
539,10:38:31,4.94,-0.01,12,5928,卖盘
540,10:38:36,4.95,0.01,22,10886,买盘
541,10:38:39,4.94,-0.01,12,5928,卖盘
542,10:38:42,4.95,0.01,12,5940,买盘
543,10:38:48,4.95,0.0,20,9900,买盘
544,10:38:51,4.95,0.0,25,12375,买盘
545,10:38:54,4.94,-0.01,63,31122,卖盘
546,10:38:58,4.94,0.0,35,17312,卖盘
547,10:39:04,4.95,0.01,26,12870,买盘
548,10:39:15,4.94,-0.01,30,14820,卖盘
549,10:39:21,4.95,0.01,50,24750,买盘
550,10:39:24,4.94,-0.01,20,9880,卖盘
551,10:39:33,4.96,0.02,250,123778,买盘
552,10:39:39,4.96,0.0,22,10912,买盘
553,10:39:51,4.95,-0.01,6,2970,卖盘
554,10:39:54,4.96,0.01,18,8928,买盘
555,10:40:00,4.96,0.0,22,10912,买盘
556,10:40:04,4.96,0.0,25,12400,买盘
557,10:40:06,4.96,0.0,1,496,买盘
558,10:40:09,4.95,-0.01,50,24750,卖盘
559,10:40:12,4.95,0.0,34,16830,卖盘
560,10:40:15,4.96,0.01,15,7440,买盘
561,10:40:18,4.95,-0.01,9,4455,卖盘
562,10:40:21,4.95,0.0,1,495,买盘
563,10:40:30,4.94,-0.01,10,4940,卖盘
564,10:40:36,4.94,0.0,38,18772,卖盘
565,10:40:39,4.95,0.01,22,10890,买盘
566,10:40:45,4.94,-0.01,42,20748,卖盘
567,10:40:55,4.94,0.0,6,2964,卖盘
568,10:40:57,4.94,0.0,60,29640,卖盘
569,10:41:15,4.94,0.0,35,17290,卖盘
570,10:41:21,4.94,0.0,1,494,卖盘
571,10:41:24,4.95,0.01,22,10890,买盘
572,10:41:27,4.95,0.0,428,211860,买盘
573,10:41:33,4.95,0.0,666,329635,买盘
574,10:41:39,4.94,-0.01,858,424680,卖盘
575,10:41:42,4.95,0.01,24,11880,买盘
576,10:41:45,4.95,0.0,222,109890,卖盘
577,10:41:48,4.95,0.0,455,225225,买盘
578,10:41:51,4.94,-0.01,48,23712,卖盘
579,10:41:54,4.96,0.02,664,328900,买盘
580,10:41:57,4.95,-0.01,17,8415,中性盘
581,10:42:01,4.95,0.0,22,10890,买盘
582,10:42:04,4.95,0.0,564,279180,买盘
583,10:42:10,4.95,0.0,130,64350,卖盘
584,10:42:24,4.95,0.0,873,432135,买盘
585,10:42:36,4.95,0.0,411,203445,买盘
586,10:42:42,4.95,0.0,510,252450,买盘
587,10:42:45,4.95,0.0,100,49500,买盘
588,10:42:51,4.95,0.0,567,280665,买盘
589,10:42:54,4.96,0.01,28,13883,买盘
590,10:42:57,4.95,-0.01,1,495,卖盘
591,10:43:00,4.97,0.02,650,322498,买盘
592,10:43:04,4.95,-0.02,136,67320,卖盘
593,10:43:06,4.95,0.0,22,10890,买盘
594,10:43:09,4.95,0.0,329,162855,买盘
595,10:43:15,4.97,0.02,20,9940,买盘
596,10:43:18,4.95,-0.02,812,401940,卖盘
597,10:43:24,4.95,0.0,137,67815,卖盘
598,10:43:27,4.97,0.02,227,112619,买盘
599,10:43:33,4.95,-0.02,191,94545,卖盘
600,10:43:39,4.95,0.0,341,168795,买盘
601,10:43:42,4.95,0.0,15,7425,买盘
602,10:43:54,4.95,0.0,545,269775,买盘
603,10:43:57,4.95,0.0,9,4455,买盘
604,10:44:00,4.94,-0.01,6,2964,卖盘
605,10:44:04,4.95,0.01,698,345510,买盘
606,10:44:06,4.94,-0.01,110,54396,卖盘
607,10:44:09,4.95,0.01,762,377190,中性盘
608,10:44:19,4.95,0.0,229,113378,卖盘
609,10:44:22,4.95,0.0,172,85140,买盘
610,10:44:28,4.95,0.0,381,188595,买盘
611,10:44:31,4.94,-0.01,241,119195,卖盘
612,10:44:33,4.95,0.01,396,196020,买盘
613,10:44:36,4.95,0.0,216,106920,卖盘
614,10:44:39,4.95,0.0,171,84645,买盘
615,10:44:45,4.96,0.01,20,9920,买盘
616,10:44:54,4.95,-0.01,5,2475,卖盘
617,10:44:57,4.95,0.0,172,85162,卖盘
618,10:45:03,4.96,0.01,21,10416,买盘
619,10:45:21,4.96,0.0,57,28272,买盘
620,10:45:48,4.95,-0.01,1,495,卖盘
621,10:45:51,4.95,0.0,6,2970,卖盘
622,10:46:04,4.96,0.01,22,10912,买盘
623,10:46:09,4.96,0.0,20,9920,买盘
624,10:46:12,4.96,0.0,18,8928,买盘
625,10:46:24,4.96,0.0,47,23312,买盘
626,10:46:33,4.95,-0.01,10,4950,卖盘
627,10:46:45,4.96,0.01,25,12400,买盘
628,10:46:51,4.96,0.0,18,8928,买盘
629,10:46:54,4.96,0.0,17,8432,买盘
630,10:46:57,4.95,-0.01,712,352440,卖盘
631,10:47:00,4.95,0.0,5,2475,卖盘
632,10:47:03,4.96,0.01,20,9920,买盘
633,10:47:06,4.95,-0.01,370,183150,卖盘
634,10:47:12,4.95,0.0,362,179190,卖盘
635,10:47:21,4.95,0.0,436,215820,卖盘
636,10:47:24,4.96,0.01,351,173845,买盘
637,10:47:27,4.95,-0.01,337,166815,卖盘
638,10:47:36,4.95,0.0,662,327690,卖盘
639,10:47:39,4.96,0.01,100,49600,买盘
640,10:47:42,4.95,-0.01,987,488565,卖盘
641,10:47:54,4.95,0.0,313,154935,卖盘
642,10:47:57,4.95,0.0,5,2475,卖盘
643,10:48:06,4.95,0.0,637,315315,卖盘
644,10:48:12,4.96,0.01,200,99200,买盘
645,10:48:15,4.95,-0.01,1269,628462,卖盘
646,10:48:21,4.95,0.0,3,1485,卖盘
647,10:48:27,4.95,0.0,112,55540,卖盘
648,10:48:30,4.95,0.0,70,34650,卖盘
649,10:48:33,4.95,0.0,267,132165,卖盘
650,10:48:39,4.95,0.0,100,49500,买盘
651,10:48:51,4.95,0.0,321,158752,买盘
652,10:48:57,4.94,-0.01,5,2470,卖盘
653,10:49:03,4.94,0.0,100,49400,卖盘
654,10:49:12,4.94,0.0,1,494,卖盘
655,10:49:30,4.95,0.01,516,255420,买盘
656,10:49:36,4.95,0.0,23,11385,买盘
657,10:49:39,4.94,-0.01,736,364309,卖盘
658,10:49:42,4.95,0.01,954,472230,买盘
659,10:49:45,4.95,0.0,18,8910,买盘
660,10:49:48,4.95,0.0,143,70785,买盘
661,10:49:51,4.95,0.0,32,15840,买盘
662,10:49:54,4.95,0.0,20,9900,买盘
663,10:49:57,4.95,0.0,357,176710,买盘
664,10:50:00,4.95,0.0,18,8910,买盘
665,10:50:04,4.94,-0.01,26,12865,卖盘
666,10:50:06,4.95,0.01,561,277695,买盘
667,10:50:09,4.95,0.0,26,12870,买盘
668,10:50:15,4.94,-0.01,827,409308,卖盘
669,10:50:18,4.94,0.0,1011,500413,卖盘
670,10:50:21,4.94,0.0,118,58292,卖盘
671,10:50:24,4.94,0.0,192,94848,卖盘
672,10:50:28,4.94,0.0,349,172594,卖盘
673,10:50:30,4.95,0.01,397,196515,买盘
674,10:50:36,4.95,0.0,10,4950,买盘
675,10:50:39,4.95,0.0,606,299970,买盘
676,10:50:42,4.95,0.0,670,331605,买盘
677,10:50:51,4.95,0.0,34,16830,卖盘
678,10:50:57,4.95,0.0,5,2475,卖盘
679,10:51:00,4.95,0.0,144,71303,卖盘
680,10:51:09,4.95,0.0,13,6435,卖盘
681,10:51:33,4.95,0.0,1,495,卖盘
682,10:51:36,4.95,0.0,28,13860,卖盘
683,10:51:39,4.96,0.01,1,496,买盘
684,10:51:42,4.95,-0.01,5,2475,卖盘
685,10:51:52,4.95,0.0,5,2475,卖盘
686,10:51:57,4.95,0.0,80,39600,卖盘
687,10:52:04,4.95,0.0,8,3960,卖盘
688,10:52:09,4.95,0.0,15,7425,买盘
689,10:52:15,4.94,-0.01,12,5928,卖盘
690,10:52:18,4.94,0.0,7,3458,卖盘
691,10:52:22,4.94,0.0,6,2964,卖盘
692,10:52:31,4.94,0.0,6,2964,卖盘
693,10:52:39,4.94,0.0,12,5928,卖盘
694,10:52:45,4.94,0.0,3,1482,卖盘
695,10:52:54,4.94,0.0,560,276640,卖盘
696,10:52:57,4.94,0.0,6,2964,卖盘
697,10:53:15,4.94,0.0,10,4940,卖盘
698,10:53:31,4.94,0.0,34,16796,卖盘
699,10:53:49,4.94,0.0,127,62738,卖盘
700,10:53:52,4.94,0.0,5,2470,卖盘
701,10:54:30,4.95,0.01,20,9900,买盘
702,10:54:36,4.94,-0.01,190,93860,卖盘
703,10:54:45,4.95,0.01,25,12375,买盘
704,10:54:54,4.95,0.0,24,11874,买盘
705,10:54:57,4.95,0.0,11,5444,买盘
706,10:55:06,4.95,0.0,18,8910,买盘
707,10:55:12,4.95,0.0,20,9900,买盘
708,10:55:39,4.94,-0.01,110,54340,卖盘
709,10:55:48,4.94,0.0,18,8892,卖盘
710,10:55:51,4.94,0.0,7,3458,卖盘
711,10:55:54,4.94,0.0,100,49400,卖盘
712,10:55:57,4.95,0.01,860,425700,买盘
713,10:56:00,4.95,0.0,278,137610,买盘
714,10:56:04,4.95,0.0,499,246993,买盘
715,10:56:09,4.95,0.0,696,344520,买盘
716,10:56:13,4.94,-0.01,67,33098,卖盘
717,10:56:16,4.95,0.01,905,447975,买盘
718,10:56:22,4.95,0.0,114,56430,买盘
719,10:56:24,4.95,0.0,356,176187,买盘
720,10:56:31,4.95,0.0,532,263340,买盘
721,10:56:39,4.95,0.0,841,416295,买盘
722,10:56:42,4.94,-0.01,140,69160,卖盘
723,10:56:45,4.95,0.01,950,470250,买盘
724,10:56:51,4.94,-0.01,5,2470,卖盘
725,10:56:54,4.95,0.01,159,78705,买盘
726,10:56:57,4.94,-0.01,1,494,卖盘
727,10:57:15,4.95,0.01,368,182160,买盘
728,10:57:18,4.94,-0.01,60,29640,卖盘
729,10:57:22,4.95,0.01,577,285615,买盘
730,10:57:30,4.94,-0.01,28,13832,卖盘
731,10:57:36,4.95,0.01,1,495,买盘
732,10:57:39,4.94,-0.01,72,35568,卖盘
733,10:57:48,4.94,0.0,45,22230,卖盘
734,10:57:54,4.94,0.0,5,2470,卖盘
735,10:58:00,4.94,0.0,55,27170,卖盘
736,10:58:04,4.96,0.02,800,396007,买盘
737,10:58:15,4.96,0.0,20,9920,买盘
738,10:58:42,4.94,-0.02,560,276647,卖盘
739,10:58:51,4.96,0.02,20,9920,买盘
740,10:58:54,4.95,-0.01,3,1485,卖盘
741,10:59:04,4.96,0.01,25,12398,买盘
742,10:59:15,4.94,-0.02,12,5928,卖盘
743,10:59:36,4.94,0.0,39,19266,卖盘
744,10:59:39,4.94,0.0,44,21736,卖盘
745,10:59:48,4.94,0.0,56,27664,卖盘
746,10:59:51,4.94,0.0,39,19266,卖盘
747,10:59:55,4.94,0.0,5,2470,卖盘
748,11:00:01,4.94,0.0,112,55328,卖盘
749,11:00:04,4.94,0.0,10,4940,卖盘
750,11:00:06,4.94,0.0,45,22230,卖盘
751,11:00:12,4.94,0.0,12,5928,卖盘
752,11:00:21,4.94,0.0,2,988,卖盘
753,11:00:25,4.96,0.02,8,3968,买盘
754,11:00:31,4.96,0.0,20,9920,买盘
755,11:00:51,4.96,0.0,19,9424,买盘
756,11:01:00,4.96,0.0,10,4960,买盘
757,11:01:12,4.96,0.0,12,5952,买盘
758,11:01:27,4.96,0.0,3,1488,买盘
759,11:01:37,4.95,-0.01,10,4950,卖盘
760,11:01:42,4.96,0.01,1,496,买盘
761,11:01:52,4.95,-0.01,6,2970,卖盘
762,11:02:04,4.95,0.0,4,1980,卖盘
763,11:02:09,4.95,0.0,50,24750,买盘
764,11:02:15,4.95,0.0,20,9900,买盘
765,11:02:40,4.94,-0.01,1,494,卖盘
766,11:02:49,4.95,0.01,7,3465,买盘
767,11:02:58,4.94,-0.01,5,2470,卖盘
768,11:03:12,4.95,0.01,13,6435,买盘
769,11:03:19,4.94,-0.01,100,49400,卖盘
770,11:03:21,4.95,0.01,20,9900,买盘
771,11:03:31,4.94,-0.01,30,14820,卖盘
772,11:03:39,4.95,0.01,19,9405,买盘
773,11:03:42,4.94,-0.01,70,34580,卖盘
774,11:03:48,4.95,0.01,25,12375,买盘
775,11:03:51,4.95,0.0,12,5940,买盘
776,11:03:57,4.95,0.0,20,9900,买盘
777,11:04:00,4.95,0.0,34,16824,买盘
778,11:04:04,4.94,-0.01,150,74100,卖盘
779,11:04:07,4.95,0.01,17,8415,买盘
780,11:04:21,4.94,-0.01,1,494,卖盘
781,11:04:24,4.94,0.0,55,27184,卖盘
782,11:04:51,4.94,0.0,50,24700,卖盘
783,11:04:54,4.94,0.0,5,2470,卖盘
784,11:04:57,4.94,0.0,12,5928,卖盘
785,11:05:15,4.94,0.0,12,5928,卖盘
786,11:05:18,4.94,0.0,12,5928,卖盘
787,11:05:21,4.94,0.0,25,12350,卖盘
788,11:05:25,4.94,0.0,12,5928,卖盘
789,11:05:30,4.94,0.0,24,11856,卖盘
790,11:05:34,4.94,0.0,12,5928,卖盘
791,11:05:46,4.94,0.0,12,5928,卖盘
792,11:05:48,4.94,0.0,23,11384,卖盘
793,11:05:52,4.95,0.01,32,15828,买盘
794,11:05:55,4.94,-0.01,5,2470,卖盘
795,11:05:57,4.94,0.0,50,24717,卖盘
796,11:06:04,4.95,0.01,20,9900,买盘
797,11:06:06,4.95,0.0,23,11385,买盘
798,11:06:45,4.95,0.0,22,10890,买盘
799,11:06:48,4.95,0.0,23,11385,买盘
800,11:06:55,4.94,-0.01,23,11380,卖盘
801,11:06:58,4.95,0.01,12,5940,买盘
802,11:07:04,4.95,0.0,20,9900,买盘
803,11:07:10,4.95,0.0,22,10890,买盘
804,11:07:57,4.94,-0.01,5,2470,卖盘
805,11:08:10,4.94,0.0,11,5434,卖盘
806,11:08:18,4.94,0.0,30,14820,卖盘
807,11:08:37,4.94,0.0,6,2964,卖盘
808,11:08:57,4.94,0.0,6,2964,卖盘
809,11:09:09,4.94,0.0,12,6155,卖盘
810,11:09:21,4.94,0.0,10,4940,卖盘
811,11:09:27,4.94,0.0,36,17784,卖盘
812,11:09:30,4.94,0.0,22,10859,卖盘
813,11:09:33,4.94,0.0,24,11856,卖盘
814,11:09:37,4.95,0.01,71,35085,买盘
815,11:09:39,4.94,-0.01,48,23712,卖盘
816,11:09:42,4.95,0.01,30,14838,买盘
817,11:09:45,4.94,-0.01,12,5928,卖盘
818,11:09:49,4.95,0.01,26,12870,买盘
819,11:09:54,4.95,0.0,12,5940,买盘
820,11:10:00,4.94,-0.01,27,13358,卖盘
821,11:10:06,4.95,0.01,16,7920,买盘
822,11:10:48,4.95,0.0,22,10890,买盘
823,11:10:51,4.95,0.0,28,13848,买盘
824,11:10:54,4.94,-0.01,6,2964,卖盘
825,11:10:58,4.94,0.0,310,153150,卖盘
826,11:11:00,4.95,0.01,12,5940,买盘
827,11:11:04,4.95,0.0,11,5445,买盘
828,11:11:09,4.95,0.0,20,9900,买盘
829,11:11:39,4.94,-0.01,100,49400,卖盘
830,11:11:42,4.95,0.01,1,495,买盘
831,11:12:00,4.94,-0.01,5,2470,卖盘
832,11:12:27,4.95,0.01,5,2475,买盘
833,11:12:34,4.94,-0.01,100,49400,卖盘
834,11:12:39,4.94,0.0,24,11856,卖盘
835,11:12:42,4.94,0.0,48,23712,卖盘
836,11:12:46,4.94,0.0,33,16302,卖盘
837,11:12:48,4.94,0.0,24,11856,卖盘
838,11:12:51,4.94,0.0,5,2470,卖盘
839,11:12:54,4.94,0.0,12,5928,卖盘
840,11:13:22,4.95,0.01,22,10890,买盘
841,11:13:27,4.95,0.0,12,5940,买盘
842,11:13:33,4.95,0.0,18,8910,买盘
843,11:13:36,4.95,0.0,11,5445,买盘
844,11:13:42,4.95,0.0,25,12375,买盘
845,11:13:45,4.95,0.0,20,9900,买盘
846,11:13:51,4.95,0.0,18,8910,买盘
847,11:13:54,4.95,0.0,20,9895,买盘
848,11:14:00,4.95,0.0,425,210375,买盘
849,11:14:04,4.94,-0.01,12,5928,卖盘
850,11:14:07,4.95,0.01,632,312840,买盘
851,11:14:09,4.94,-0.01,22,10868,卖盘
852,11:14:12,4.95,0.01,851,421245,买盘
853,11:14:18,4.95,0.0,272,134640,买盘
854,11:14:25,4.95,0.0,458,226710,买盘
855,11:14:33,4.95,0.0,667,330165,买盘
856,11:14:37,4.94,-0.01,22,10868,卖盘
857,11:14:39,4.95,0.01,678,335599,买盘
858,11:14:45,4.95,0.0,876,433620,买盘
859,11:14:51,4.94,-0.01,5,2470,卖盘
860,11:15:03,4.94,0.0,22,10868,卖盘
861,11:15:15,4.95,0.01,306,151458,买盘
862,11:15:21,4.95,0.0,503,248985,买盘
863,11:15:24,4.94,-0.01,12,5928,卖盘
864,11:15:27,4.95,0.01,712,352440,买盘
865,11:15:31,4.94,-0.01,79,39026,卖盘
866,11:15:33,4.94,0.0,22,10868,卖盘
867,11:15:37,4.95,0.01,921,455895,买盘
868,11:15:39,4.94,-0.01,12,5928,卖盘
869,11:15:42,4.94,0.0,154,76206,卖盘
870,11:15:45,4.94,0.0,12,5928,卖盘
871,11:15:48,4.95,0.01,339,167805,买盘
872,11:15:51,4.95,0.0,1,495,买盘
873,11:15:54,4.95,0.0,548,271260,买盘
874,11:15:57,4.94,-0.01,105,51870,卖盘
875,11:16:00,4.94,0.0,11,5434,卖盘
876,11:16:06,4.95,0.01,757,374715,买盘
877,11:16:09,4.94,-0.01,20,9880,卖盘
878,11:16:12,4.95,0.01,11,5441,买盘
879,11:16:18,4.94,-0.01,1166,576970,卖盘
880,11:16:25,4.95,0.01,175,86625,买盘
881,11:16:33,4.95,0.0,164,81180,买盘
882,11:16:36,4.95,0.0,175,86625,买盘
883,11:16:42,4.95,0.0,384,190080,买盘
884,11:16:48,4.95,0.0,593,293535,买盘
885,11:16:51,4.95,0.0,5,2475,买盘
886,11:17:00,4.94,-0.01,5,2470,卖盘
887,11:17:06,4.94,0.0,30,14820,卖盘
888,11:17:15,4.95,0.01,802,396990,买盘
889,11:17:21,4.95,0.0,220,108900,买盘
890,11:17:27,4.95,0.0,429,212355,买盘
891,11:17:39,4.94,-0.01,37,18278,卖盘
892,11:17:42,4.95,0.01,500,247500,买盘
893,11:17:48,4.94,-0.01,100,49400,卖盘
894,11:17:52,4.94,0.0,12,5928,卖盘
895,11:17:57,4.94,0.0,56,27725,卖盘
896,11:18:00,4.95,0.01,55,27225,卖盘
897,11:18:03,4.96,0.01,23,11408,买盘
898,11:18:06,4.95,-0.01,24,11880,卖盘
899,11:18:10,4.95,0.0,12,5940,卖盘
900,11:18:12,4.96,0.01,18,8928,买盘
901,11:18:16,4.95,-0.01,12,5940,卖盘
902,11:18:18,4.95,0.0,67,33185,卖盘
903,11:18:21,4.94,-0.01,37,18304,卖盘
904,11:18:24,4.95,0.01,2,990,买盘
905,11:18:27,4.96,0.01,22,10898,买盘
906,11:18:31,4.94,-0.02,12,5928,卖盘
907,11:18:33,4.94,0.0,24,11856,卖盘
908,11:18:36,4.95,0.01,2,990,买盘
909,11:18:39,4.95,0.0,1,495,买盘
910,11:18:42,4.95,0.0,2,990,买盘
911,11:18:45,4.95,0.0,2,990,买盘
912,11:18:48,4.95,0.0,6,2970,买盘
913,11:18:51,4.96,0.01,60,29714,买盘
914,11:18:57,4.96,0.0,18,8928,买盘
915,11:19:00,4.96,0.0,22,10912,买盘
916,11:19:04,4.95,-0.01,5,2475,卖盘
917,11:19:06,4.95,0.0,25,12375,买盘
918,11:19:27,4.95,0.0,3,1485,买盘
919,11:19:36,4.94,-0.01,25,12350,卖盘
920,11:19:40,4.94,0.0,24,11856,卖盘
921,11:19:43,4.94,0.0,12,5928,卖盘
922,11:19:48,4.94,0.0,12,5928,卖盘
923,11:19:55,4.94,0.0,37,18278,卖盘
924,11:19:58,4.94,0.0,2,988,卖盘
925,11:20:00,4.94,0.0,6,2964,卖盘
926,11:20:10,4.94,0.0,12,5928,卖盘
927,11:20:13,4.95,0.01,20,9900,买盘
928,11:20:18,4.94,-0.01,12,5928,卖盘
929,11:20:21,4.94,0.0,17,8403,卖盘
930,11:20:31,4.95,0.01,6,2970,买盘
931,11:20:37,4.94,-0.01,12,5928,卖盘
932,11:20:40,4.94,0.0,43,21269,卖盘
933,11:20:43,4.95,0.01,20,9900,买盘
934,11:20:46,4.95,0.0,28,13860,买盘
935,11:20:48,4.95,0.0,18,8910,买盘
936,11:20:51,4.95,0.0,25,12375,买盘
937,11:20:58,4.95,0.0,43,21263,买盘
938,11:21:01,4.95,0.0,45,22275,买盘
939,11:21:07,4.95,0.0,22,10890,买盘
940,11:21:10,4.95,0.0,18,8910,买盘
941,11:21:13,4.95,0.0,118,58310,买盘
942,11:21:16,4.95,0.0,84,41580,买盘
943,11:21:19,4.94,-0.01,5,2470,卖盘
944,11:21:22,4.95,0.01,33,16335,买盘
945,11:21:28,4.95,0.0,2,990,买盘
946,11:21:30,4.95,0.0,20,9900,买盘
947,11:21:34,4.94,-0.01,17,8398,卖盘
948,11:21:42,4.95,0.01,1,495,买盘
949,11:21:46,4.95,0.0,17,8415,买盘
950,11:21:49,4.95,0.0,33,16335,买盘
951,11:21:51,4.95,0.0,46,22770,买盘
952,11:21:54,4.95,0.0,69,34139,买盘
953,11:21:57,4.95,0.0,51,25245,买盘
954,11:22:01,4.95,0.0,38,18805,买盘
955,11:22:04,4.95,0.0,40,19800,买盘
956,11:22:07,4.95,0.0,30,14850,买盘
957,11:22:09,4.95,0.0,32,15823,买盘
958,11:22:19,4.94,-0.01,100,49400,卖盘
959,11:22:27,4.94,0.0,17,8398,卖盘
960,11:22:30,4.94,0.0,56,27664,卖盘
961,11:22:37,4.94,0.0,44,21736,卖盘
962,11:22:40,4.94,0.0,17,8398,卖盘
963,11:22:48,4.95,0.01,5,2475,买盘
964,11:22:55,4.94,-0.01,49,24206,卖盘
965,11:23:01,4.94,0.0,5,2470,卖盘
966,11:23:04,4.94,0.0,17,8398,卖盘
967,11:23:09,4.94,0.0,60,29640,卖盘
968,11:23:15,4.94,0.0,17,8398,卖盘
969,11:23:18,4.95,0.01,32,15840,买盘
970,11:23:22,4.95,0.0,8,3960,买盘
971,11:23:30,4.94,-0.01,16,7904,卖盘
972,11:23:49,4.94,0.0,1,494,卖盘
973,11:23:51,4.94,0.0,101,49894,卖盘
974,11:23:55,4.95,0.01,638,315810,买盘
975,11:24:00,4.95,0.0,852,421735,买盘
976,11:24:06,4.94,-0.01,465,229975,卖盘
977,11:24:12,4.94,0.0,1,494,卖盘
978,11:24:21,4.95,0.01,5,2475,买盘
979,11:24:30,4.95,0.0,474,234630,买盘
980,11:24:36,4.95,0.0,683,338085,买盘
981,11:24:42,4.95,0.0,892,441540,买盘
982,11:24:49,4.95,0.0,101,49995,买盘
983,11:24:55,4.95,0.0,310,153450,买盘
984,11:24:57,4.94,-0.01,5,2470,卖盘
985,11:25:03,4.94,0.0,100,49400,卖盘
986,11:25:12,4.94,0.0,100,49400,卖盘
987,11:25:24,4.95,0.01,519,256905,买盘
988,11:25:30,4.94,-0.01,50,24700,卖盘
989,11:25:39,4.95,0.01,728,360360,买盘
990,11:25:45,4.94,-0.01,1007,498395,卖盘
991,11:25:51,4.94,0.0,1,494,卖盘
992,11:25:54,4.94,0.0,151,74740,卖盘
993,11:25:57,4.95,0.01,355,175725,买盘
994,11:26:00,4.94,-0.01,80,39520,卖盘
995,11:26:04,4.95,0.01,367,181665,买盘
996,11:26:06,4.95,0.0,565,279675,买盘
997,11:26:15,4.94,-0.01,60,29640,卖盘
998,11:26:31,4.94,0.0,140,69160,卖盘
999,11:26:48,4.95,0.01,20,9900,买盘
1000,11:26:54,4.94,-0.01,6,2964,卖盘
1001,11:27:03,4.95,0.01,20,9900,买盘
1002,11:27:30,4.95,0.0,29,14355,买盘
1003,11:27:33,4.94,-0.01,123,60762,卖盘
1004,11:27:36,4.94,0.0,12,5928,卖盘
1005,11:27:49,4.95,0.01,25,12375,买盘
1006,11:27:54,4.94,-0.01,23,11380,卖盘
1007,11:27:57,4.95,0.01,20,9900,买盘
1008,11:28:03,4.95,0.0,22,10890,买盘
1009,11:28:06,4.95,0.0,17,8415,买盘
1010,11:28:12,4.95,0.0,54,26694,买盘
1011,11:28:15,4.95,0.0,21,10395,买盘
1012,11:28:18,4.95,0.0,9,4455,买盘
1013,11:28:21,4.95,0.0,10,4950,买盘
1014,11:28:27,4.95,0.0,20,9900,买盘
1015,11:28:30,4.95,0.0,18,8910,买盘
1016,11:28:33,4.94,-0.01,12,5928,卖盘
1017,11:28:36,4.95,0.01,21,10395,买盘
1018,11:28:42,4.95,0.0,26,12870,买盘
1019,11:28:51,4.95,0.0,24,11880,买盘
1020,11:28:57,4.95,0.0,21,10395,买盘
1021,11:29:00,4.94,-0.01,6,2964,卖盘
1022,11:29:24,4.95,0.01,30,14850,买盘
1023,11:29:27,4.95,0.0,21,10395,买盘
1024,11:29:34,4.94,-0.01,36,17808,卖盘
1025,11:29:36,4.95,0.01,23,11385,买盘
1026,11:29:42,4.95,0.0,18,8910,买盘
1027,11:29:45,4.95,0.0,24,11880,买盘
1028,11:29:51,4.95,0.0,20,9900,买盘
1029,11:29:54,4.95,0.0,33,16323,买盘
1030,11:30:00,4.95,0.0,17,8415,买盘
1031,13:00:04,4.95,0.0,161,79578,买盘
1032,13:00:06,4.95,0.0,47,23265,买盘
1033,13:00:13,4.94,-0.01,12,5928,卖盘
1034,13:00:18,4.95,0.01,8,3960,买盘
1035,13:00:21,4.94,-0.01,13,6422,卖盘
1036,13:00:30,4.94,0.0,20,9880,卖盘
1037,13:00:43,4.94,0.0,18,8892,卖盘
1038,13:00:45,4.94,0.0,9,4446,卖盘
1039,13:00:51,4.95,0.01,20,9900,买盘
1040,13:00:54,4.94,-0.01,18,8892,卖盘
1041,13:01:06,4.94,0.0,18,8892,卖盘
1042,13:01:09,4.94,0.0,9,4446,卖盘
1043,13:01:34,4.95,0.01,13,6435,买盘
1044,13:01:36,4.95,0.0,21,10395,买盘
1045,13:01:42,4.95,0.0,18,8910,买盘
1046,13:01:45,4.95,0.0,22,10890,买盘
1047,13:01:48,4.94,-0.01,41,20254,卖盘
1048,13:01:51,4.95,0.01,30,14850,买盘
1049,13:01:54,4.95,0.0,22,10890,买盘
1050,13:02:00,4.95,0.0,20,9900,买盘
1051,13:02:03,4.95,0.0,67,33115,买盘
1052,13:02:09,4.95,0.0,21,10395,买盘
1053,13:02:15,4.94,-0.01,4,1976,卖盘
1054,13:02:21,4.95,0.01,16,7920,买盘
1055,13:02:24,4.95,0.0,5,2475,买盘
1056,13:02:48,4.94,-0.01,5,2470,卖盘
1057,13:03:21,4.94,0.0,1,494,卖盘
1058,13:03:25,4.95,0.01,23,11385,买盘
1059,13:03:27,4.95,0.0,30,14838,买盘
1060,13:03:34,4.94,-0.01,22,10883,卖盘
1061,13:03:36,4.95,0.01,33,16323,买盘
1062,13:03:42,4.95,0.0,20,9900,买盘
1063,13:03:45,4.95,0.0,31,15345,买盘
1064,13:03:48,4.95,0.0,26,12868,买盘
1065,13:03:54,4.95,0.0,14,6930,买盘
1066,13:03:57,4.95,0.0,27,13365,买盘
1067,13:04:03,4.95,0.0,20,9900,买盘
1068,13:04:06,4.95,0.0,15,7425,买盘
1069,13:04:18,4.94,-0.01,9,4446,卖盘
1070,13:04:51,4.94,0.0,8,3952,卖盘
1071,13:05:09,4.94,0.0,9,4446,卖盘
1072,13:05:12,4.94,0.0,12,5928,卖盘
1073,13:05:21,4.94,0.0,17,8398,卖盘
1074,13:05:39,4.94,0.0,12,5928,卖盘
1075,13:05:42,4.94,0.0,9,4446,卖盘
1076,13:05:48,4.95,0.01,14,6930,买盘
1077,13:05:51,4.95,0.0,15,7425,买盘
1078,13:05:57,4.95,0.0,27,13365,买盘
1079,13:06:00,4.94,-0.01,36,17808,卖盘
1080,13:06:06,4.95,0.01,19,9405,买盘
1081,13:06:09,4.95,0.0,20,9900,买盘
1082,13:06:12,4.95,0.0,10,4950,买盘
1083,13:06:15,4.94,-0.01,12,5928,卖盘
1084,13:06:19,4.95,0.01,19,9402,买盘
1085,13:06:22,4.95,0.0,23,11385,买盘
1086,13:06:28,4.95,0.0,21,10395,买盘
1087,13:06:33,4.94,-0.01,36,17808,卖盘
1088,13:06:36,4.95,0.01,20,9900,买盘
1089,13:06:42,4.94,-0.01,35,17311,卖盘
1090,13:06:45,4.95,0.01,31,15332,买盘
1091,13:06:55,4.95,0.0,24,11880,买盘
1092,13:07:00,4.95,0.0,20,9900,买盘
1093,13:07:04,4.95,0.0,21,10395,买盘
1094,13:07:15,4.94,-0.01,7,3458,卖盘
1095,13:07:33,4.94,0.0,5,2470,卖盘
1096,13:07:51,4.94,0.0,7,3458,卖盘
1097,13:08:18,4.94,0.0,499,246506,卖盘
1098,13:08:21,4.94,0.0,4,1976,卖盘
1099,13:08:25,4.94,0.0,13,6422,卖盘
1100,13:08:34,4.95,0.01,100,49500,买盘
1101,13:08:51,4.94,-0.01,8,3952,卖盘
1102,13:09:12,4.94,0.0,1000,494000,卖盘
1103,13:09:21,4.94,0.0,2,988,卖盘
1104,13:09:30,4.96,0.02,2200,1088986,买盘
1105,13:09:39,4.96,0.0,23,11408,买盘
1106,13:09:45,4.96,0.0,15,7434,买盘
1107,13:09:48,4.96,0.0,18,8928,买盘
1108,13:09:54,4.96,0.0,21,10416,买盘
1109,13:09:57,4.96,0.0,20,9920,买盘
1110,13:10:04,4.96,0.0,20,9920,买盘
1111,13:10:06,4.96,0.0,1,496,买盘
1112,13:10:15,4.95,-0.01,8,3960,卖盘
1113,13:10:18,4.96,0.01,21,10416,买盘
1114,13:10:24,4.95,-0.01,37,18315,卖盘
1115,13:10:45,4.95,0.0,12,5940,卖盘
1116,13:10:57,4.95,0.0,12,5940,卖盘
1117,13:11:09,4.95,0.0,24,11880,卖盘
1118,13:11:12,4.95,0.0,7,3465,卖盘
1119,13:11:15,4.96,0.01,30,14880,买盘
1120,13:11:18,4.95,-0.01,120,59400,卖盘
1121,13:11:42,4.95,0.0,1,495,买盘
1122,13:11:51,4.94,-0.01,10,4940,卖盘
1123,13:12:39,4.95,0.01,412,203940,买盘
1124,13:12:42,4.94,-0.01,485,239931,卖盘
1125,13:12:48,4.96,0.02,10,4960,买盘
1126,13:13:04,4.95,-0.01,388,192060,卖盘
1127,13:13:12,4.94,-0.01,688,339975,卖盘
1128,13:13:27,4.95,0.01,20,9900,买盘
1129,13:13:30,4.94,-0.01,11,5434,卖盘
1130,13:14:04,4.95,0.01,242,119790,买盘
1131,13:14:06,4.95,0.0,25,12375,卖盘
1132,13:14:12,4.94,-0.01,369,182455,卖盘
1133,13:14:16,4.96,0.02,10,4960,买盘
1134,13:14:22,4.95,-0.01,312,154440,卖盘
1135,13:14:42,4.95,0.0,100,49500,卖盘
1136,13:14:45,4.96,0.01,10,4960,买盘
1137,13:14:49,4.94,-0.02,344,170088,卖盘
1138,13:15:09,4.94,0.0,9,4446,卖盘
1139,13:15:45,4.95,0.01,10,4950,买盘
1140,13:16:16,4.94,-0.01,244,120536,卖盘
1141,13:16:24,4.94,0.0,1,494,卖盘
1142,13:16:30,4.94,0.0,100,49400,卖盘
1143,13:16:54,4.94,0.0,15,7410,卖盘
1144,13:17:04,4.94,0.0,15,7410,卖盘
1145,13:17:09,4.95,0.01,30,14850,买盘
1146,13:17:15,4.95,0.0,20,9900,买盘
1147,13:17:21,4.95,0.0,20,9900,买盘
1148,13:17:37,4.95,0.0,15,7425,买盘
1149,13:17:57,4.95,0.0,26,12870,买盘
1150,13:18:01,4.95,0.0,18,8910,买盘
1151,13:18:04,4.95,0.0,22,10890,买盘
1152,13:18:09,4.95,0.0,21,10395,买盘
1153,13:19:01,4.94,-0.01,20,9880,卖盘
1154,13:19:15,4.95,0.01,200,99000,买盘
1155,13:19:24,4.95,0.0,1,495,买盘
1156,13:19:36,4.94,-0.01,400,197600,卖盘
1157,13:19:45,4.95,0.01,32,15830,买盘
1158,13:19:52,4.95,0.0,20,9900,买盘
1159,13:20:09,4.95,0.0,20,9900,买盘
1160,13:21:06,4.95,0.0,3,1485,买盘
1161,13:21:42,4.95,0.0,1,495,买盘
1162,13:22:06,4.95,0.0,30,14850,买盘
1163,13:22:40,4.94,-0.01,32,15808,卖盘
1164,13:23:04,4.95,0.01,21,10395,买盘
1165,13:23:06,4.95,0.0,18,8910,买盘
1166,13:23:09,4.95,0.0,22,10890,买盘
1167,13:23:16,4.95,0.0,23,11385,买盘
1168,13:23:18,4.95,0.0,1041,515295,买盘
1169,13:23:24,4.96,0.01,25,12400,买盘
1170,13:24:37,4.96,0.0,130,64480,买盘
1171,13:24:45,4.96,0.0,100,49600,买盘
1172,13:24:48,4.96,0.0,16,7936,买盘
1173,13:25:04,4.95,-0.01,101,50095,卖盘
1174,13:25:21,4.96,0.01,150,74400,买盘
1175,13:25:34,4.96,0.0,7,3472,买盘
1176,13:25:42,4.96,0.0,15,7440,买盘
1177,13:26:21,4.96,0.0,2,992,买盘
1178,13:26:24,4.97,0.01,1500,744024,买盘
1179,13:26:33,4.97,0.0,25,12425,买盘
1180,13:26:42,4.97,0.0,30,14888,买盘
1181,13:26:57,4.96,-0.01,234,115844,买盘
1182,13:27:00,4.97,0.01,53,26341,买盘
1183,13:27:04,4.97,0.0,25,12425,买盘
1184,13:27:09,4.97,0.0,52,25818,买盘
1185,13:27:24,4.96,-0.01,3,1488,卖盘
1186,13:27:33,4.97,0.01,50,24843,买盘
1187,13:27:40,4.96,-0.01,32,15872,买盘
1188,13:27:43,4.97,0.01,32,15904,买盘
1189,13:27:54,4.97,0.0,26,12910,买盘
1190,13:27:57,4.97,0.0,57,28329,买盘
1191,13:28:00,4.96,-0.01,12,5952,卖盘
1192,13:28:16,4.96,0.0,12,5952,卖盘
1193,13:28:24,4.97,0.01,57,28329,买盘
1194,13:28:30,4.96,-0.01,37,18352,卖盘
1195,13:28:42,4.96,0.0,80,39680,买盘
1196,13:28:45,4.96,0.0,37,18352,买盘
1197,13:28:54,4.97,0.01,20,9940,买盘
1198,13:29:04,4.97,0.0,58,28826,买盘
1199,13:29:06,4.97,0.0,83,41251,买盘
1200,13:29:15,4.96,-0.01,30,14880,卖盘
1201,13:29:19,4.96,0.0,20,9920,买盘
1202,13:29:27,4.96,0.0,174,86304,中性盘
1203,13:29:30,4.96,0.0,26,12896,买盘
1204,13:29:36,4.97,0.01,57,28286,买盘
1205,13:29:43,4.96,-0.01,101,50096,买盘
1206,13:30:06,4.97,0.01,50,24850,买盘
1207,13:30:12,4.96,-0.01,6,2976,卖盘
1208,13:30:24,4.96,0.0,266,131936,买盘
1209,13:30:27,4.95,-0.01,12,5940,卖盘
1210,13:30:30,4.97,0.02,48,23856,买盘
1211,13:30:33,4.97,0.0,30,14910,买盘
1212,13:30:36,4.95,-0.02,12,5940,卖盘
1213,13:30:51,4.97,0.02,30,14910,买盘
1214,13:31:06,4.97,0.0,50,24850,买盘
1215,13:31:09,4.96,-0.01,17,8432,买盘
1216,13:31:30,4.97,0.01,73,36263,买盘
1217,13:31:33,4.95,-0.02,638,315810,卖盘
1218,13:31:43,4.95,0.0,558,276210,卖盘
1219,13:31:45,4.96,0.01,335,165826,买盘
1220,13:31:54,4.95,-0.01,240,118800,买盘
1221,13:31:57,4.96,0.01,52,25792,买盘
1222,13:32:01,4.95,-0.01,383,189585,卖盘
1223,13:32:04,4.95,0.0,17,8415,买盘
1224,13:32:09,4.95,0.0,654,323730,卖盘
1225,13:32:15,4.96,0.01,20,9920,买盘
1226,13:32:21,4.95,-0.01,456,225720,卖盘
1227,13:32:24,4.95,0.0,452,223740,买盘
1228,13:32:30,4.95,0.0,52,25740,中性盘
1229,13:32:33,4.95,0.0,110,54450,买盘
1230,13:32:36,4.96,0.01,10,4960,买盘
1231,13:32:39,4.95,-0.01,416,205920,卖盘
1232,13:32:48,4.95,0.0,670,331650,卖盘
1233,13:32:55,4.95,0.0,303,150043,卖盘
1234,13:33:01,4.95,0.0,340,168300,买盘
1235,13:33:06,4.95,0.0,52,25740,买盘
1236,13:33:09,4.95,0.0,544,269280,买盘
1237,13:33:21,4.95,0.0,75,37125,买盘
1238,13:33:24,4.95,0.0,42,20790,买盘
1239,13:33:27,4.95,0.0,798,395010,买盘
1240,13:33:31,4.95,0.0,26,12870,买盘
1241,13:33:36,4.95,0.0,51,25245,买盘
1242,13:33:39,4.95,0.0,306,151470,买盘
1243,13:33:45,4.95,0.0,90,44550,买盘
1244,13:33:48,4.95,0.0,26,12870,买盘
1245,13:33:51,4.95,0.0,560,277200,买盘
1246,13:34:04,4.95,0.0,871,431145,买盘
1247,13:34:09,4.95,0.0,455,225225,买盘
1248,13:34:12,4.95,0.0,10,4950,买盘
1249,13:34:18,4.95,0.0,18,8910,买盘
1250,13:34:21,4.95,0.0,576,285120,买盘
1251,13:34:24,4.95,0.0,77,38115,买盘
1252,13:34:27,4.95,0.0,823,407385,买盘
1253,13:34:30,4.95,0.0,159,78705,卖盘
1254,13:34:33,4.95,0.0,305,150975,买盘
1255,13:34:37,4.96,0.01,10,4960,买盘
1256,13:34:39,4.95,-0.01,338,167310,卖盘
1257,13:34:48,4.95,0.0,592,293040,买盘
1258,13:34:51,4.95,0.0,261,129195,买盘
1259,13:34:54,4.95,0.0,89,44055,买盘
1260,13:34:57,4.95,0.0,42,20790,买盘
1261,13:35:16,4.94,-0.01,25,12350,卖盘
1262,13:35:19,4.95,0.01,170,84150,买盘
1263,13:35:24,4.95,0.0,19,9405,买盘
1264,13:35:27,4.95,0.0,3,1485,买盘
1265,13:35:30,4.95,0.0,52,25740,买盘
1266,13:35:39,4.95,0.0,16,7920,买盘
1267,13:35:48,4.95,0.0,55,27225,买盘
1268,13:35:51,4.95,0.0,56,27720,买盘
1269,13:36:00,4.95,0.0,52,25740,买盘
1270,13:36:09,4.95,0.0,42,20790,买盘
1271,13:36:18,4.95,0.0,2,990,买盘
1272,13:36:30,4.94,-0.01,1,494,卖盘
1273,13:36:34,4.95,0.01,49,24255,买盘
1274,13:36:45,4.95,0.0,24,11880,买盘
1275,13:36:48,4.94,-0.01,12,5928,卖盘
1276,13:36:57,4.94,0.0,17,8398,卖盘
1277,13:37:04,4.94,0.0,1,494,卖盘
1278,13:37:09,4.95,0.01,26,12849,买盘
1279,13:38:09,4.95,0.0,903,446985,买盘
1280,13:38:33,4.96,0.01,23,11408,买盘
1281,13:38:39,4.96,0.0,21,10416,买盘
1282,13:38:45,4.96,0.0,35,17360,买盘
1283,13:38:51,4.96,0.0,18,8928,买盘
1284,13:38:54,4.96,0.0,41,20327,买盘
1285,13:39:00,4.96,0.0,36,17856,买盘
1286,13:39:06,4.96,0.0,24,11904,买盘
1287,13:39:12,4.96,0.0,22,10912,买盘
1288,13:39:19,4.96,0.0,36,17856,买盘
1289,13:39:22,4.96,0.0,18,8928,买盘
1290,13:39:27,4.96,0.0,15,7440,买盘
1291,13:39:33,4.96,0.0,20,9920,买盘
1292,13:39:39,4.95,-0.01,25,12399,卖盘
1293,13:39:45,4.96,0.01,21,10416,买盘
1294,13:39:51,4.96,0.0,30,14880,买盘
1295,13:39:57,4.96,0.0,45,22320,买盘
1296,13:40:03,4.96,0.0,12,5952,买盘
1297,13:40:12,4.96,0.0,50,24800,买盘
1298,13:40:42,4.96,0.0,6,2976,买盘
1299,13:40:45,4.95,-0.01,5,2475,卖盘
1300,13:41:15,4.97,0.02,1000,496551,买盘
1301,13:41:31,4.97,0.0,20,9940,买盘
1302,13:41:45,4.96,-0.01,10,4960,卖盘
1303,13:41:48,4.97,0.01,354,175938,买盘
1304,13:42:06,4.97,0.0,546,271362,买盘
1305,13:42:12,4.97,0.0,20,9940,买盘
1306,13:42:24,4.97,0.0,654,325038,买盘
1307,13:42:27,4.97,0.0,100,49700,买盘
1308,13:42:30,4.97,0.0,100,49700,买盘
1309,13:42:54,4.97,0.0,563,279811,买盘
1310,13:43:09,4.97,0.0,30,14910,买盘
1311,13:43:27,4.98,0.01,1209,600877,买盘
1312,13:43:30,4.96,-0.02,2,992,卖盘
1313,13:43:33,4.97,0.01,20,9940,买盘
1314,13:43:40,4.98,0.01,64,31858,买盘
1315,13:43:51,4.98,0.0,29,14442,买盘
1316,13:44:00,4.98,0.0,2,996,买盘
1317,13:44:09,4.97,-0.01,256,127451,卖盘
1318,13:44:21,4.98,0.01,2,996,买盘
1319,13:44:24,4.97,-0.01,17,8449,卖盘
1320,13:44:39,4.97,0.0,17,8449,卖盘
1321,13:44:51,4.97,0.0,25,12425,卖盘
1322,13:45:00,4.97,0.0,100,49700,卖盘
1323,13:45:06,4.98,0.01,37,18409,买盘
1324,13:45:27,4.98,0.0,15,7470,买盘
1325,13:45:30,4.98,0.0,28,13944,买盘
1326,13:45:36,4.97,-0.01,22,10944,卖盘
1327,13:45:39,4.97,0.0,10,4970,卖盘
1328,13:45:42,4.98,0.01,23,11454,买盘
1329,13:45:48,4.98,0.0,24,11952,买盘
1330,13:45:54,4.98,0.0,15,7470,买盘
1331,13:45:57,4.98,0.0,21,10458,买盘
1332,13:46:04,4.98,0.0,20,9960,买盘
1333,13:46:06,4.97,-0.01,24,11928,卖盘
1334,13:46:12,4.97,0.0,177,87969,卖盘
1335,13:46:21,4.98,0.01,12,5976,买盘
1336,13:46:27,4.97,-0.01,7,3479,卖盘
1337,13:46:33,4.97,0.0,21,10437,卖盘
1338,13:46:51,4.97,0.0,50,24850,卖盘
1339,13:46:54,4.97,0.0,10,4970,买盘
1340,13:47:04,4.97,0.0,30,14910,买盘
1341,13:47:06,4.96,-0.01,406,201761,卖盘
1342,13:47:09,4.97,0.01,1,497,买盘
1343,13:47:42,4.97,0.0,7,3479,买盘
1344,13:48:30,4.97,0.0,14,6958,买盘
1345,13:48:42,4.97,0.0,3,1491,买盘
1346,13:49:00,4.97,0.0,20,9940,买盘
1347,13:49:04,4.97,0.0,132,65604,买盘
1348,13:49:06,4.97,0.0,422,209734,买盘
1349,13:49:18,4.97,0.0,319,158543,卖盘
1350,13:49:21,4.98,0.01,20,9960,买盘
1351,13:49:28,4.98,0.0,20,9960,买盘
1352,13:49:31,4.97,-0.01,255,126735,卖盘
1353,13:49:39,4.97,0.0,438,217342,卖盘
1354,13:49:42,4.98,0.01,25,12447,买盘
1355,13:50:00,4.98,0.0,44,21912,买盘
1356,13:50:15,4.97,-0.01,8,3976,卖盘
1357,13:50:30,4.97,0.0,112,55664,买盘
1358,13:50:42,4.97,0.0,30,14910,买盘
1359,13:50:45,4.96,-0.01,1005,499480,卖盘
1360,13:50:48,4.97,0.01,4,1988,买盘
1361,13:50:54,4.97,0.0,20,9940,买盘
1362,13:50:57,4.97,0.0,125,62125,买盘
1363,13:51:06,4.98,0.01,10,4980,买盘
1364,13:51:12,4.97,-0.01,13,6461,卖盘
1365,13:51:15,4.97,0.0,22,10934,买盘
1366,13:51:18,4.97,0.0,1,497,买盘
1367,13:51:22,4.97,0.0,47,23359,买盘
1368,13:51:24,4.97,0.0,10,4970,卖盘
1369,13:51:31,4.98,0.01,20,9960,买盘
1370,13:51:45,4.97,-0.01,362,179914,卖盘
1371,13:51:48,4.97,0.0,370,183910,卖盘
1372,13:51:54,4.96,-0.01,298,148039,卖盘
1373,13:51:57,4.98,0.02,20,9960,买盘
1374,13:52:04,4.96,-0.02,340,168640,卖盘
1375,13:52:09,4.98,0.02,1,498,买盘
1376,13:52:15,4.96,-0.02,120,59567,卖盘
1377,13:52:18,4.98,0.02,5,2490,买盘
1378,13:52:33,4.97,-0.01,20,9940,中性盘
1379,13:52:45,4.96,-0.01,150,74400,卖盘
1380,13:52:54,4.97,0.01,1,497,买盘
1381,13:53:00,4.97,0.0,337,167489,买盘
1382,13:53:04,4.97,0.0,426,211722,卖盘
1383,13:53:09,4.97,0.0,200,99400,卖盘
1384,13:53:12,4.97,0.0,188,93436,卖盘
1385,13:53:15,4.98,0.01,3,1494,买盘
1386,13:53:18,4.97,-0.01,93,46221,卖盘
1387,13:53:27,4.97,0.0,233,115801,卖盘
1388,13:53:36,4.96,-0.01,366,181566,卖盘
1389,13:53:39,4.97,0.01,1,497,买盘
1390,13:53:45,4.97,0.0,24,11928,买盘
1391,13:53:48,4.96,-0.01,287,142352,卖盘
1392,13:54:00,4.96,0.0,250,124000,卖盘
1393,13:54:12,4.97,0.01,20,9940,买盘
1394,13:54:18,4.96,-0.01,100,49600,卖盘
1395,13:54:21,4.97,0.01,20,9940,买盘
1396,13:54:30,4.97,0.0,1,497,买盘
1397,13:54:39,4.96,-0.01,4,1984,卖盘
1398,13:54:57,4.97,0.01,40,19880,买盘
1399,13:55:03,4.97,0.0,5,2485,买盘
1400,13:55:15,4.97,0.0,1,497,买盘
1401,13:55:39,4.97,0.0,200,99400,买盘
1402,13:56:01,4.97,0.0,1,497,买盘
1403,13:56:06,4.97,0.0,5,2485,买盘
1404,13:56:09,4.96,-0.01,1,496,卖盘
1405,13:56:15,4.96,0.0,21,10416,卖盘
1406,13:56:45,4.97,0.01,1,497,买盘
1407,13:56:48,4.96,-0.01,8,3968,卖盘
1408,13:57:00,4.96,0.0,12,5952,卖盘
1409,13:57:22,4.97,0.01,15,7455,买盘
1410,13:57:24,4.97,0.0,273,135681,买盘
1411,13:57:27,4.97,0.0,1021,507437,买盘
1412,13:57:30,4.97,0.0,18,8946,买盘
1413,13:57:33,4.97,0.0,12,5964,买盘
1414,13:57:36,4.98,0.01,4,1992,买盘
1415,13:57:39,4.98,0.0,15,7470,买盘
1416,13:57:42,4.98,0.0,22,10956,买盘
1417,13:57:48,4.98,0.0,26,12948,买盘
1418,13:57:54,4.98,0.0,20,9960,买盘
1419,13:57:57,4.98,0.0,37,18426,买盘
1420,13:58:03,4.98,0.0,15,7470,买盘
1421,13:58:06,4.97,-0.01,4,1988,卖盘
1422,13:58:22,4.97,0.0,5,2485,卖盘
1423,13:58:24,4.97,0.0,108,53676,买盘
1424,13:58:36,4.97,0.0,4,1988,卖盘
1425,13:58:39,4.97,0.0,1,497,买盘
1426,13:58:45,4.97,0.0,21,10437,中性盘
1427,13:59:12,4.97,0.0,229,113813,卖盘
1428,13:59:18,4.97,0.0,252,125244,买盘
1429,13:59:24,4.98,0.01,6,2988,买盘
1430,13:59:27,4.97,-0.01,3,1491,卖盘
1431,13:59:45,4.98,0.01,26,12948,买盘
1432,13:59:49,4.97,-0.01,21,10437,卖盘
1433,14:00:00,4.97,0.0,2,994,卖盘
1434,14:00:09,4.98,0.01,1,498,买盘
1435,14:00:27,4.98,0.0,20,9960,买盘
1436,14:00:31,4.97,-0.01,18,8946,卖盘
1437,14:00:36,4.98,0.01,1,498,买盘
1438,14:00:51,4.98,0.0,1,498,买盘
1439,14:01:18,4.98,0.0,1,498,买盘
1440,14:01:21,4.97,-0.01,130,64610,卖盘
1441,14:01:24,4.97,0.0,4,1988,卖盘
1442,14:01:33,4.98,0.01,6,2988,买盘
1443,14:01:40,4.97,-0.01,3,1491,卖盘
1444,14:01:45,4.97,0.0,18,8963,卖盘
1445,14:01:54,4.98,0.01,39,19422,买盘
1446,14:01:57,4.98,0.0,1508,750984,买盘
1447,14:02:07,4.98,0.0,27,13446,买盘
1448,14:02:24,4.98,0.0,5,2490,买盘
1449,14:02:30,4.98,0.0,148,73704,买盘
1450,14:02:33,4.98,0.0,5,2490,买盘
1451,14:02:40,4.98,0.0,303,150894,买盘
1452,14:02:42,4.98,0.0,188,93624,买盘
1453,14:02:48,4.98,0.0,972,484056,买盘
1454,14:02:54,4.98,0.0,446,222108,买盘
1455,14:02:57,4.98,0.0,91,45318,买盘
1456,14:03:00,4.98,0.0,17,8466,买盘
1457,14:03:04,4.98,0.0,3,1494,买盘
1458,14:03:10,4.98,0.0,12,5976,买盘
1459,14:03:13,4.98,0.0,40,19920,买盘
1460,14:03:16,4.98,0.0,100,49800,买盘
1461,14:03:30,4.98,0.0,107,53286,买盘
1462,14:03:40,4.98,0.0,6,2988,买盘
1463,14:03:55,4.98,0.0,120,59760,买盘
1464,14:04:10,4.98,0.0,5,2490,买盘
1465,14:04:12,4.98,0.0,4,1992,买盘
1466,14:04:15,4.98,0.0,730,363540,买盘
1467,14:04:18,4.98,0.0,10,4980,买盘
1468,14:04:24,4.98,0.0,651,324198,买盘
1469,14:04:27,4.98,0.0,60,29880,买盘
1470,14:04:36,4.97,-0.01,203,100573,卖盘
1471,14:04:42,4.99,0.02,1243,619219,买盘
1472,14:04:48,4.99,0.0,20,9980,买盘
1473,14:05:04,4.99,0.0,25,12475,买盘
1474,14:05:06,4.99,0.0,28,13972,买盘
1475,14:05:09,4.98,-0.01,52,25896,卖盘
1476,14:05:12,4.99,0.01,22,10964,买盘
1477,14:05:21,4.99,0.0,20,9980,买盘
1478,14:05:24,4.99,0.0,20,9980,买盘
1479,14:05:27,4.98,-0.01,9,4482,卖盘
1480,14:05:30,4.99,0.01,26,12974,买盘
1481,14:05:33,4.99,0.0,25,12475,买盘
1482,14:05:36,4.99,0.0,57,28443,买盘
1483,14:05:42,4.99,0.0,37,18463,买盘
1484,14:05:45,4.99,0.0,23,11477,买盘
1485,14:05:48,4.99,0.0,40,19957,买盘
1486,14:05:51,4.99,0.0,18,8982,买盘
1487,14:05:54,4.99,0.0,15,7485,买盘
1488,14:05:57,4.98,-0.01,400,199200,卖盘
1489,14:06:00,4.99,0.01,21,10479,买盘
1490,14:06:04,4.98,-0.01,20,9960,卖盘
1491,14:06:06,4.99,0.01,24,11976,买盘
1492,14:06:09,4.99,0.0,21,10479,买盘
1493,14:06:12,4.98,-0.01,20,9960,卖盘
1494,14:06:15,4.99,0.01,19,9481,买盘
1495,14:06:18,4.99,0.0,15,7485,买盘
1496,14:06:24,4.99,0.0,80,39860,买盘
1497,14:06:27,4.99,0.0,84,41916,买盘
1498,14:06:33,4.99,0.0,24,11976,买盘
1499,14:06:39,4.99,0.0,10,4990,买盘
1500,14:06:42,4.98,-0.01,11,5478,卖盘
1501,14:06:45,4.99,0.01,29,14471,买盘
1502,14:06:57,4.98,-0.01,26,12972,卖盘
1503,14:07:00,4.99,0.01,80,39855,买盘
1504,14:07:03,4.98,-0.01,1,498,卖盘
1505,14:07:07,4.99,0.01,18,8982,买盘
1506,14:07:10,4.99,0.0,24,11976,买盘
1507,14:07:13,4.99,0.0,229,114271,买盘
1508,14:07:15,4.99,0.0,15,7485,买盘
1509,14:07:27,4.99,0.0,11,5489,买盘
1510,14:07:30,4.98,-0.01,110,54781,卖盘
1511,14:07:45,4.98,0.0,20,9960,卖盘
1512,14:07:48,4.99,0.01,184,91816,买盘
1513,14:08:00,4.98,-0.01,102,50796,卖盘
1514,14:08:09,4.99,0.01,10,4990,买盘
1515,14:08:15,4.99,0.0,51,25449,买盘
1516,14:08:22,4.98,-0.01,3,1494,卖盘
1517,14:08:24,4.98,0.0,152,75696,卖盘
1518,14:08:27,4.98,0.0,48,23904,买盘
1519,14:08:30,4.97,-0.01,1262,627220,卖盘
1520,14:08:36,4.99,0.02,2,998,买盘
1521,14:08:39,4.98,-0.01,41,20418,买盘
1522,14:08:45,4.98,0.0,24,11952,买盘
1523,14:09:00,4.99,0.01,20,9980,买盘
1524,14:09:06,4.98,-0.01,169,84162,卖盘
1525,14:09:12,4.98,0.0,351,174798,买盘
1526,14:09:15,4.98,0.0,5,2490,买盘
1527,14:09:18,4.98,0.0,102,50796,买盘
1528,14:09:30,4.98,0.0,29,14442,买盘
1529,14:09:33,4.98,0.0,31,15438,买盘
1530,14:09:36,4.98,0.0,117,58266,买盘
1531,14:09:45,4.98,0.0,23,11454,买盘
1532,14:09:54,4.98,0.0,234,116532,买盘
1533,14:10:09,4.98,0.0,3,1494,买盘
1534,14:10:30,4.98,0.0,2,996,买盘
1535,14:10:37,4.98,0.0,26,12948,买盘
1536,14:10:45,4.98,0.0,74,36852,买盘
1537,14:10:48,4.98,0.0,390,194220,买盘
1538,14:11:00,4.99,0.01,25,12475,买盘
1539,14:11:21,4.98,-0.01,23,11455,买盘
1540,14:11:24,4.98,0.0,3,1494,买盘
1541,14:11:27,4.99,0.01,36,17946,买盘
1542,14:11:33,4.99,0.0,32,15968,买盘
1543,14:11:36,4.98,-0.01,170,84660,卖盘
1544,14:11:42,4.98,0.0,100,49800,买盘
1545,14:11:51,4.98,0.0,10,4980,买盘
1546,14:11:54,4.98,0.0,11,5478,买盘
1547,14:12:04,4.97,-0.01,252,125246,卖盘
1548,14:12:09,4.98,0.01,35,17430,买盘
1549,14:12:15,4.98,0.0,1,498,买盘
1550,14:12:21,4.97,-0.01,120,59640,卖盘
1551,14:12:33,4.98,0.01,4,1992,买盘
1552,14:12:42,4.98,0.0,132,65624,买盘
1553,14:12:57,4.98,0.0,20,9960,买盘
1554,14:13:00,4.97,-0.01,230,114310,卖盘
1555,14:13:12,4.98,0.01,30,14940,买盘
1556,14:13:21,4.98,0.0,15,7470,买盘
1557,14:13:27,4.98,0.0,18,8964,买盘
1558,14:13:30,4.98,0.0,17,8466,买盘
1559,14:13:36,4.98,0.0,20,9960,买盘
1560,14:13:39,4.98,0.0,12,5976,买盘
1561,14:13:45,4.98,0.0,21,10458,买盘
1562,14:13:48,4.98,0.0,24,11952,买盘
1563,14:13:51,4.98,0.0,10,4980,买盘
1564,14:13:54,4.98,0.0,19,9462,买盘
1565,14:13:57,4.98,0.0,26,12948,买盘
1566,14:14:03,4.98,0.0,22,10956,买盘
1567,14:14:21,4.98,0.0,1,498,买盘
1568,14:15:09,4.98,0.0,1,498,买盘
1569,14:15:40,4.97,-0.01,17,8449,卖盘
1570,14:16:00,4.98,0.01,18,8964,买盘
1571,14:16:06,4.97,-0.01,50,24850,卖盘
1572,14:16:09,4.98,0.01,30,14940,买盘
1573,14:16:15,4.97,-0.01,45,22365,卖盘
1574,14:16:27,4.98,0.01,17,8466,买盘
1575,14:16:34,4.98,0.0,69,34362,买盘
1576,14:16:40,4.98,0.0,1,498,买盘
1577,14:17:09,4.98,0.0,9,4482,买盘
1578,14:17:12,4.98,0.0,45,22410,买盘
1579,14:17:16,4.98,0.0,17,8466,买盘
1580,14:17:19,4.98,0.0,5,2490,买盘
1581,14:17:30,4.98,0.0,1,498,买盘
1582,14:17:39,4.98,0.0,150,74700,买盘
1583,14:17:42,4.98,0.0,20,9960,买盘
1584,14:17:46,4.98,0.0,12,5976,买盘
1585,14:17:49,4.98,0.0,100,49800,买盘
1586,14:17:52,4.98,0.0,100,49800,买盘
1587,14:18:09,4.98,0.0,1,498,买盘
1588,14:18:15,4.98,0.0,9,4482,买盘
1589,14:18:21,4.98,0.0,43,21414,买盘
1590,14:18:31,4.98,0.0,47,23406,买盘
1591,14:18:37,4.98,0.0,233,116034,买盘
1592,14:18:42,4.98,0.0,20,9960,买盘
1593,14:18:45,4.98,0.0,40,19920,买盘
1594,14:18:51,4.98,0.0,88,43824,买盘
1595,14:18:57,4.98,0.0,100,49800,买盘
1596,14:19:01,4.97,-0.01,113,56273,卖盘
1597,14:19:09,4.98,0.01,50,24900,买盘
1598,14:19:18,4.98,0.0,17,8466,买盘
1599,14:19:21,4.98,0.0,34,16932,买盘
1600,14:19:27,4.98,0.0,134,66732,买盘
1601,14:19:33,4.98,0.0,194,96612,买盘
1602,14:19:40,4.98,0.0,120,59760,买盘
1603,14:19:45,4.98,0.0,100,49800,买盘
1604,14:19:48,4.98,0.0,8,3984,买盘
1605,14:19:54,4.98,0.0,46,22908,买盘
1606,14:20:01,4.98,0.0,451,224598,买盘
1607,14:20:04,4.98,0.0,74,36852,买盘
1608,14:20:07,4.98,0.0,28,13944,买盘
1609,14:20:09,4.97,-0.01,16,7958,卖盘
1610,14:20:13,4.98,0.01,507,252486,买盘
1611,14:20:18,4.98,0.0,6,2988,买盘
1612,14:20:21,4.99,0.01,217,108208,买盘
1613,14:20:28,4.99,0.0,21,10479,买盘
1614,14:20:31,4.99,0.0,7,3493,买盘
1615,14:20:34,4.99,0.0,13,6487,买盘
1616,14:20:36,4.99,0.0,55,27415,买盘
1617,14:20:39,4.99,0.0,5,2495,买盘
1618,14:20:43,4.99,0.0,38,18962,买盘
1619,14:20:46,4.99,0.0,124,61876,买盘
1620,14:20:51,4.99,0.0,15,7485,买盘
1621,14:20:54,4.99,0.0,20,9980,买盘
1622,14:20:57,4.98,-0.01,10,4980,卖盘
1623,14:21:00,4.99,0.01,127,63373,买盘
1624,14:21:04,4.99,0.0,6,2994,买盘
1625,14:21:06,4.99,0.0,33,16467,买盘
1626,14:21:09,4.99,0.0,24,11976,买盘
1627,14:21:15,4.99,0.0,6,2994,买盘
1628,14:21:18,4.99,0.0,100,49900,买盘
1629,14:21:21,4.99,0.0,228,113772,买盘
1630,14:21:28,4.98,-0.01,8,3984,卖盘
1631,14:21:33,4.99,0.01,8,3992,买盘
1632,14:21:39,4.99,0.0,6,2994,买盘
1633,14:21:48,4.98,-0.01,30,14940,卖盘
1634,14:21:57,4.99,0.01,6,2994,买盘
1635,14:22:00,4.99,0.0,1,499,买盘
1636,14:22:16,4.99,0.0,40,19940,买盘
1637,14:22:18,4.99,0.0,20,9980,买盘
1638,14:22:22,4.99,0.0,12,5988,买盘
1639,14:22:30,4.98,-0.01,90,44820,卖盘
1640,14:22:33,4.99,0.01,11,5479,买盘
1641,14:22:36,4.99,0.0,2,998,买盘
1642,14:22:51,4.98,-0.01,7,3486,卖盘
1643,14:22:54,4.98,0.0,12,5976,卖盘
1644,14:23:06,4.99,0.01,11,5489,买盘
1645,14:23:27,4.99,0.0,9,4491,买盘
1646,14:23:36,4.99,0.0,20,9980,买盘
1647,14:23:45,4.99,0.0,10,4990,买盘
1648,14:23:51,4.99,0.0,45,22425,买盘
1649,14:23:55,4.99,0.0,17,8483,买盘
1650,14:24:04,4.99,0.0,12,5988,买盘
1651,14:24:06,4.99,0.0,11,5489,买盘
1652,14:24:15,4.99,0.0,2,998,买盘
1653,14:24:28,4.99,0.0,11,5489,买盘
1654,14:24:45,4.99,0.0,9,4491,买盘
1655,14:24:49,4.99,0.0,27,13473,买盘
1656,14:24:51,4.99,0.0,11,5489,买盘
1657,14:25:01,4.99,0.0,41,20459,买盘
1658,14:25:04,4.99,0.0,21,10479,买盘
1659,14:25:07,4.99,0.0,17,8483,买盘
1660,14:25:10,4.99,0.0,65,32435,买盘
1661,14:25:13,4.99,0.0,18,8982,买盘
1662,14:25:15,4.99,0.0,12,5988,买盘
1663,14:25:21,4.99,0.0,2,998,买盘
1664,14:25:28,4.99,0.0,164,81836,买盘
1665,14:25:31,4.99,0.0,100,49900,买盘
1666,14:25:33,4.99,0.0,120,59880,买盘
1667,14:25:37,4.99,0.0,11,5489,买盘
1668,14:25:43,4.99,0.0,145,72355,买盘
1669,14:25:45,4.99,0.0,1,499,买盘
1670,14:25:52,4.98,-0.01,103,51394,卖盘
1671,14:25:55,4.99,0.01,10,4990,买盘
1672,14:26:04,4.99,0.0,190,94810,买盘
1673,14:26:07,4.99,0.0,89,44411,买盘
1674,14:26:15,4.99,0.0,10,4990,买盘
1675,14:26:21,4.99,0.0,100,49900,买盘
1676,14:26:31,4.99,0.0,56,27944,买盘
1677,14:26:33,4.99,0.0,6,2994,买盘
1678,14:26:36,4.99,0.0,435,216715,买盘
1679,14:26:42,4.99,0.0,30,14970,买盘
1680,14:26:46,4.99,0.0,17,8483,买盘
1681,14:26:52,4.99,0.0,5,2495,买盘
1682,14:26:55,4.99,0.0,18,8982,买盘
1683,14:26:58,4.98,-0.01,390,194220,卖盘
1684,14:27:01,4.99,0.01,40,19960,买盘
1685,14:27:10,4.99,0.0,1,499,买盘
1686,14:27:12,4.99,0.0,30,14970,买盘
1687,14:27:19,4.99,0.0,6,2994,买盘
1688,14:27:25,4.98,-0.01,10,4980,卖盘
1689,14:27:28,4.98,0.0,25,12450,卖盘
1690,14:27:34,4.99,0.01,6,2994,买盘
1691,14:27:40,4.99,0.0,6,2994,买盘
1692,14:27:51,4.99,0.0,24,11976,买盘
1693,14:27:54,4.99,0.0,7,3493,买盘
1694,14:27:57,4.98,-0.01,556,276894,卖盘
1695,14:28:01,4.99,0.01,1,499,买盘
1696,14:28:04,4.99,0.0,55,27445,买盘
1697,14:28:07,4.99,0.0,30,14970,买盘
1698,14:28:09,4.99,0.0,20,9980,买盘
1699,14:28:16,4.99,0.0,6,2994,买盘
1700,14:28:27,4.99,0.0,6,2994,买盘
1701,14:28:33,4.99,0.0,25,12475,买盘
1702,14:28:40,4.99,0.0,6,2994,买盘
1703,14:28:52,4.99,0.0,6,2994,买盘
1704,14:28:54,4.99,0.0,1,499,买盘
1705,14:29:00,4.99,0.0,6,2994,买盘
1706,14:29:04,4.99,0.0,10,4990,买盘
1707,14:29:06,4.99,0.0,5,2495,买盘
1708,14:29:15,4.99,0.0,7,3493,买盘
1709,14:29:24,4.99,0.0,10,4990,买盘
1710,14:29:27,4.99,0.0,4,1996,买盘
1711,14:29:37,4.99,0.0,5,2495,买盘
1712,14:29:55,4.98,-0.01,213,106074,卖盘
1713,14:29:57,4.99,0.01,3,1497,买盘
1714,14:30:07,4.98,-0.01,51,25398,卖盘
1715,14:30:10,4.98,0.0,100,49800,卖盘
1716,14:30:13,4.98,0.0,199,99102,卖盘
1717,14:30:18,4.98,0.0,1,498,买盘
1718,14:30:24,4.99,0.01,315,156985,买盘
1719,14:30:34,4.99,0.0,19,9475,买盘
1720,14:30:37,4.99,0.0,6,2994,买盘
1721,14:30:45,4.98,-0.01,25,12450,买盘
1722,14:30:51,4.98,0.0,25,12450,买盘
1723,14:31:00,4.98,0.0,100,49800,买盘
1724,14:31:03,4.99,0.01,17,8483,买盘
1725,14:31:16,4.99,0.0,12,5988,买盘
1726,14:31:27,4.99,0.0,3,1497,买盘
1727,14:31:30,4.99,0.0,5,2495,买盘
1728,14:31:42,4.98,-0.01,6,2989,卖盘
1729,14:31:49,4.99,0.01,8,3992,买盘
1730,14:31:58,4.98,-0.01,45,22410,卖盘
1731,14:32:00,4.99,0.01,28,13972,买盘
1732,14:32:04,4.99,0.0,12,5988,买盘
1733,14:32:09,4.99,0.0,17,8483,买盘
1734,14:32:15,4.99,0.0,1,499,买盘
1735,14:32:24,4.98,-0.01,20,9960,卖盘
1736,14:32:31,4.99,0.01,21,10469,买盘
1737,14:32:34,4.99,0.0,11,5489,买盘
1738,14:32:39,4.99,0.0,50,24950,买盘
1739,14:32:42,4.99,0.0,798,398202,买盘
1740,14:32:45,4.99,0.0,6,2994,买盘
1741,14:32:48,4.99,0.0,23,11477,买盘
1742,14:32:52,4.99,0.0,51,25449,买盘
1743,14:32:57,4.99,0.0,40,19958,买盘
1744,14:33:01,4.99,0.0,22,10978,买盘
1745,14:33:04,4.99,0.0,14,6986,买盘
1746,14:33:07,4.99,0.0,29,14471,买盘
1747,14:33:10,4.99,0.0,27,13473,买盘
1748,14:33:12,4.99,0.0,93,46407,买盘
1749,14:33:18,4.99,0.0,25,12475,买盘
1750,14:33:21,4.99,0.0,522,260478,买盘
1751,14:33:24,4.99,0.0,17,8483,买盘
1752,14:33:27,4.99,0.0,37,18463,买盘
1753,14:33:30,4.99,0.0,48,23952,买盘
1754,14:33:34,4.99,0.0,17,8483,买盘
1755,14:33:37,4.99,0.0,26,12974,买盘
1756,14:33:40,4.99,0.0,17,8483,买盘
1757,14:33:46,4.99,0.0,100,49900,买盘
1758,14:33:49,4.99,0.0,27,13473,买盘
1759,14:33:52,4.99,0.0,100,49900,买盘
1760,14:33:55,4.99,0.0,12,5988,买盘
1761,14:34:01,4.99,0.0,21,10479,买盘
1762,14:34:04,4.99,0.0,173,86327,买盘
1763,14:34:06,4.99,0.0,22,10978,买盘
1764,14:34:09,4.99,0.0,42,20958,买盘
1765,14:34:12,4.99,0.0,16,7984,买盘
1766,14:34:16,4.99,0.0,76,37924,买盘
1767,14:34:18,4.99,0.0,6,2994,买盘
1768,14:34:24,4.99,0.0,30,14970,买盘
1769,14:34:30,4.99,0.0,6,2994,买盘
1770,14:34:34,4.99,0.0,30,14970,买盘
1771,14:34:40,4.99,0.0,26,12974,买盘
1772,14:34:43,4.99,0.0,200,99800,买盘
1773,14:34:46,4.99,0.0,403,201097,买盘
1774,14:34:48,4.99,0.0,389,194111,买盘
1775,14:34:54,4.99,0.0,4,1996,买盘
1776,14:35:00,4.99,0.0,728,363272,买盘
1777,14:35:03,4.99,0.0,396,197604,买盘
1778,14:35:06,4.99,0.0,17,8483,买盘
1779,14:35:10,4.99,0.0,60,29940,买盘
1780,14:35:12,4.99,0.0,86,42914,买盘
1781,14:35:15,4.99,0.0,106,52894,买盘
1782,14:35:19,4.99,0.0,26,12934,买盘
1783,14:35:22,5.0,0.01,121,60500,买盘
1784,14:35:27,4.99,-0.01,7,3499,卖盘
1785,14:35:30,5.0,0.01,17,8500,买盘
1786,14:35:34,5.0,0.0,22,11000,买盘
1787,14:35:37,5.0,0.0,52,26000,买盘
1788,14:35:39,5.0,0.0,48,24000,买盘
1789,14:35:42,5.0,0.0,20,10000,买盘
1790,14:35:45,5.0,0.0,15,7500,买盘
1791,14:35:48,5.0,0.0,26,13000,买盘
1792,14:35:55,5.0,0.0,95,47500,买盘
1793,14:35:57,5.0,0.0,24,12000,买盘
1794,14:36:00,5.0,0.0,31,15500,买盘
1795,14:36:04,5.0,0.0,415,207110,买盘
1796,14:36:06,5.0,0.0,33,16500,买盘
1797,14:36:10,4.99,-0.01,31,15496,卖盘
1798,14:36:16,5.0,0.01,164,81880,买盘
1799,14:36:18,5.0,0.0,7,3500,买盘
1800,14:36:22,4.99,-0.01,20,9998,卖盘
1801,14:36:25,5.0,0.01,30,15000,买盘
1802,14:36:27,5.0,0.0,35,17500,买盘
1803,14:36:30,5.0,0.0,311,155485,买盘
1804,14:36:34,4.99,-0.01,459,229100,卖盘
1805,14:36:36,5.0,0.01,24,12000,买盘
1806,14:36:43,5.0,0.0,21,10500,买盘
1807,14:36:46,4.99,-0.01,170,84999,卖盘
1808,14:36:48,4.99,0.0,31,15469,卖盘
1809,14:36:51,5.0,0.01,37,18500,买盘
1810,14:36:54,5.0,0.0,20,10000,买盘
1811,14:36:58,5.0,0.0,36,18000,买盘
1812,14:37:03,5.0,0.0,221,110300,买盘
1813,14:37:06,5.0,0.0,6,3000,买盘
1814,14:37:09,5.0,0.0,24,12000,买盘
1815,14:37:12,5.0,0.0,17,8500,买盘
1816,14:37:15,5.0,0.0,31,15500,买盘
1817,14:37:18,4.99,-0.01,130,64870,卖盘
1818,14:37:21,5.0,0.01,30,15000,买盘
1819,14:37:24,5.0,0.0,42,21005,买盘
1820,14:37:30,4.99,-0.01,165,82360,卖盘
1821,14:37:33,5.0,0.01,20,10000,买盘
1822,14:37:36,5.0,0.0,6,3000,买盘
1823,14:37:40,5.0,0.0,34,16990,买盘
1824,14:37:43,4.99,-0.01,230,114770,卖盘
1825,14:37:48,4.99,0.0,675,336860,卖盘
1826,14:37:51,4.99,0.0,10,4990,买盘
1827,14:37:54,4.99,0.0,5613,2801675,买盘
1828,14:37:58,4.99,0.0,419,209081,买盘
1829,14:38:00,5.0,0.01,400,199980,买盘
1830,14:38:03,5.0,0.0,25,12500,买盘
1831,14:38:09,5.0,0.0,22,11000,买盘
1832,14:38:18,4.99,-0.01,45,22480,卖盘
1833,14:38:21,5.0,0.01,2,1000,买盘
1834,14:38:25,4.99,-0.01,1054,525980,卖盘
1835,14:38:31,4.99,0.0,5192,2590808,买盘
1836,14:38:34,4.99,0.0,1090,543910,买盘
1837,14:38:43,4.99,0.0,320,159705,卖盘
1838,14:38:45,4.99,0.0,8,3992,买盘
1839,14:38:48,4.99,0.0,491,245009,买盘
1840,14:38:51,4.99,0.0,25,12475,买盘
1841,14:38:55,4.98,-0.01,2,996,卖盘
1842,14:38:58,4.99,0.01,1600,798400,买盘
1843,14:39:01,4.99,0.0,383,191117,买盘
1844,14:39:04,4.99,0.0,231,115269,买盘
1845,14:39:06,4.99,0.0,70,34930,买盘
1846,14:39:13,4.98,-0.01,3753,1869259,卖盘
1847,14:39:16,5.0,0.02,23,11500,买盘
1848,14:39:22,5.0,0.0,5,2500,买盘
1849,14:39:28,5.0,0.0,355,177500,买盘
1850,14:39:30,5.0,0.0,16,8000,买盘
1851,14:39:34,5.0,0.0,24,12000,买盘
1852,14:39:39,5.0,0.0,54,27000,买盘
1853,14:39:42,5.0,0.0,24,12000,买盘
1854,14:39:45,5.0,0.0,21,10500,买盘
1855,14:39:49,4.99,-0.01,986,492014,卖盘
1856,14:39:51,4.99,0.0,2594,1294406,买盘
1857,14:39:57,4.99,0.0,1272,634728,卖盘
1858,14:40:07,4.99,0.0,2701,1347799,买盘
1859,14:40:09,5.0,0.01,29,14500,买盘
1860,14:40:12,5.0,0.0,63,31500,买盘
1861,14:40:15,5.0,0.0,40,20000,买盘
1862,14:40:18,5.0,0.0,48,24000,买盘
1863,14:40:21,5.0,0.0,45,22500,买盘
1864,14:40:24,5.0,0.0,40,20000,买盘
1865,14:40:27,5.0,0.0,73,36500,买盘
1866,14:40:30,5.0,0.0,34,17000,买盘
1867,14:40:34,5.0,0.0,52,26000,买盘
1868,14:40:36,5.0,0.0,23,11500,买盘
1869,14:40:39,5.0,0.0,80,40000,买盘
1870,14:40:42,5.0,0.0,39,19500,买盘
1871,14:40:45,5.0,0.0,3,1500,买盘
1872,14:40:48,5.0,0.0,140,70000,买盘
1873,14:40:55,5.0,0.0,6,3000,买盘
1874,14:40:57,5.0,0.0,200,100000,买盘
1875,14:41:06,4.99,-0.01,204,101796,卖盘
1876,14:41:10,4.99,0.0,12,5988,买盘
1877,14:41:21,4.99,0.0,5,2495,买盘
1878,14:41:27,4.99,0.0,40,19960,买盘
1879,14:41:39,4.98,-0.01,150,74700,卖盘
1880,14:41:42,4.99,0.01,758,378242,买盘
1881,14:41:45,4.99,0.0,6,2994,中性盘
1882,14:41:51,4.99,0.0,152,75748,买盘
1883,14:41:54,4.98,-0.01,4,1992,卖盘
1884,14:41:57,5.0,0.02,3115,1554517,买盘
1885,14:42:01,4.99,-0.01,6,2994,中性盘
1886,14:42:04,4.99,0.0,3,1497,买盘
1887,14:42:07,4.98,-0.01,300,149400,卖盘
1888,14:42:10,4.99,0.01,15,7485,买盘
1889,14:42:15,4.99,0.0,16,7984,买盘
1890,14:42:21,4.98,-0.01,103,51294,卖盘
1891,14:42:24,4.99,0.01,18,8982,买盘
1892,14:42:30,4.99,0.0,6,2994,买盘
1893,14:42:36,4.98,-0.01,120,59760,卖盘
1894,14:42:45,4.99,0.01,6,2994,买盘
1895,14:42:51,4.98,-0.01,200,99600,卖盘
1896,14:42:57,4.99,0.01,27,13473,买盘
1897,14:43:01,4.98,-0.01,50,24900,卖盘
1898,14:43:04,4.99,0.01,10,4990,买盘
1899,14:43:13,4.99,0.0,6,2994,买盘
1900,14:43:16,5.0,0.01,4100,2045990,买盘
1901,14:43:21,5.0,0.0,21,10500,买盘
1902,14:43:24,5.0,0.0,6,3000,买盘
1903,14:43:33,4.99,-0.01,60,29940,卖盘
1904,14:43:39,5.0,0.01,6,3000,买盘
1905,14:43:45,4.99,-0.01,1,499,卖盘
1906,14:43:48,5.0,0.01,1,500,买盘
1907,14:43:51,5.0,0.0,106,53000,买盘
1908,14:43:57,5.0,0.0,18,9000,买盘
1909,14:44:04,5.0,0.0,6,3000,买盘
1910,14:44:07,5.0,0.0,4,2000,买盘
1911,14:44:09,4.99,-0.01,87,43413,卖盘
1912,14:44:13,5.0,0.01,2,1000,买盘
1913,14:44:21,4.99,-0.01,82,40918,卖盘
1914,14:44:24,4.99,0.0,22,10978,买盘
1915,14:44:30,5.0,0.01,1,500,买盘
1916,14:44:39,5.0,0.0,199,99350,买盘
1917,14:44:51,4.99,-0.01,16,7984,买盘
1918,14:44:54,4.99,0.0,230,114770,买盘
1919,14:44:57,5.0,0.01,4995,2493516,买盘
1920,14:45:00,5.0,0.0,776,388000,买盘
1921,14:45:06,5.0,0.0,40,20000,买盘
1922,14:45:09,5.0,0.0,47,23500,买盘
1923,14:45:13,5.0,0.0,25,12495,买盘
1924,14:45:21,4.99,-0.01,3,1497,卖盘
1925,14:45:25,5.0,0.01,20,10000,买盘
1926,14:45:31,4.99,-0.01,130,64870,卖盘
1927,14:45:36,5.0,0.01,10,5000,买盘
1928,14:45:42,5.0,0.0,200,100000,买盘
1929,14:45:45,5.0,0.0,2,1000,买盘
1930,14:45:48,5.0,0.0,40,20000,买盘
1931,14:45:51,5.0,0.0,171,85500,买盘
1932,14:45:58,4.99,-0.01,12,5988,卖盘
1933,14:46:04,5.0,0.01,20,10000,买盘
1934,14:46:09,5.0,0.0,31,15500,买盘
1935,14:46:12,5.0,0.0,12,6000,买盘
1936,14:46:15,5.0,0.0,9,4500,买盘
1937,14:46:22,5.0,0.0,16,8000,买盘
1938,14:46:25,5.0,0.0,4,2000,买盘
1939,14:46:28,5.0,0.0,6,3000,买盘
1940,14:46:31,4.99,-0.01,3022,1511272,卖盘
1941,14:46:34,4.99,0.0,12,5988,卖盘
1942,14:46:37,5.01,0.02,75,37475,买盘
1943,14:46:42,5.0,-0.01,24,12000,买盘
1944,14:46:48,5.0,0.0,50,25000,买盘
1945,14:46:51,5.0,0.0,13,6500,买盘
1946,14:46:55,5.01,0.01,39,19539,买盘
1947,14:47:01,5.0,-0.01,52,26000,卖盘
1948,14:47:09,5.0,0.0,26,13024,卖盘
1949,14:47:12,5.01,0.01,50,25050,买盘
1950,14:47:18,5.01,0.0,20,10020,买盘
1951,14:47:33,5.01,0.0,49,24549,买盘
1952,14:47:40,5.0,-0.01,70,35053,卖盘
1953,14:47:42,5.0,0.0,101,50501,卖盘
1954,14:47:48,5.0,0.0,6,3003,卖盘
1955,14:47:51,5.01,0.01,23,11523,买盘
1956,14:47:54,5.01,0.0,31,15531,买盘
1957,14:47:57,5.0,-0.01,36,18010,卖盘
1958,14:48:00,5.01,0.01,21,10521,买盘
1959,14:48:04,5.01,0.0,56,28056,买盘
1960,14:48:07,5.01,0.0,55,27530,买盘
1961,14:48:16,5.01,0.0,9,4509,买盘
1962,14:48:19,5.0,-0.01,424,212000,卖盘
1963,14:48:22,5.0,0.0,5,2500,卖盘
1964,14:48:25,5.01,0.01,24,12024,买盘
1965,14:48:27,5.01,0.0,28,14026,买盘
1966,14:48:30,5.01,0.0,7,3507,买盘
1967,14:48:33,5.01,0.0,21,10521,买盘
1968,14:48:43,5.01,0.0,30,15030,买盘
1969,14:49:00,5.01,0.0,67,33567,买盘
1970,14:49:04,5.01,0.0,200,100100,买盘
1971,14:49:06,5.0,-0.01,100,50000,卖盘
1972,14:49:09,5.01,0.01,2,1002,买盘
1973,14:49:15,5.01,0.0,2,1002,买盘
1974,14:49:22,5.01,0.0,8,4008,买盘
1975,14:49:28,5.0,-0.01,1,500,卖盘
1976,14:49:31,5.0,0.0,22,11000,卖盘
1977,14:49:34,5.01,0.01,25,12525,买盘
1978,14:49:45,5.0,-0.01,130,65000,卖盘
1979,14:49:48,5.01,0.01,45,22545,买盘
1980,14:49:54,5.01,0.0,26,13026,买盘
1981,14:49:57,5.0,-0.01,102,51022,卖盘
1982,14:50:03,5.0,0.0,78,39068,卖盘
1983,14:50:06,5.0,0.0,23,11517,卖盘
1984,14:50:12,5.0,0.0,351,175501,卖盘
1985,14:50:19,5.0,0.0,210,105000,卖盘
1986,14:50:25,5.0,0.0,27,13500,卖盘
1987,14:50:28,5.01,0.01,10,5010,买盘
1988,14:51:00,5.01,0.0,49,24549,买盘
1989,14:51:04,5.0,-0.01,7,3500,卖盘
1990,14:51:09,5.01,0.01,101,50601,买盘
1991,14:51:16,5.0,-0.01,4,2001,卖盘
1992,14:51:21,5.01,0.01,4166,2087132,买盘
1993,14:51:24,5.01,0.0,13,6513,买盘
1994,14:51:34,5.01,0.0,12,6012,买盘
1995,14:51:37,5.01,0.0,80,40030,买盘
1996,14:51:43,5.01,0.0,9,4509,买盘
1997,14:51:54,5.01,0.0,1,501,买盘
1998,14:51:57,5.01,0.0,39,19539,买盘
1999,14:52:01,5.01,0.0,14,7014,买盘
2000,14:52:10,5.01,0.0,137,68637,买盘
2001,14:52:18,5.01,0.0,20,10020,买盘
2002,14:52:21,5.02,0.01,2150,1077446,买盘
2003,14:52:28,5.02,0.0,24,12048,买盘
2004,14:52:37,5.02,0.0,29,14558,买盘
2005,14:52:40,5.01,-0.01,452,226892,卖盘
2006,14:52:43,5.01,0.0,29,14548,卖盘
2007,14:52:48,5.02,0.01,67,33634,买盘
2008,14:52:52,5.02,0.0,21,10530,买盘
2009,14:52:55,5.01,-0.01,111,55674,卖盘
2010,14:52:57,5.01,0.0,99,49674,卖盘
2011,14:53:00,5.02,0.01,15,7530,买盘
2012,14:53:04,5.02,0.0,47,23582,买盘
2013,14:53:07,5.02,0.0,88,44166,买盘
2014,14:53:10,5.02,0.0,231,115962,买盘
2015,14:53:13,5.02,0.0,111,55686,买盘
2016,14:53:16,5.02,0.0,24,12048,买盘
2017,14:53:18,5.02,0.0,20,10040,买盘
2018,14:53:22,5.01,-0.01,138,69254,卖盘
2019,14:53:25,5.02,0.01,469,235438,买盘
2020,14:53:27,5.02,0.0,10,5020,买盘
2021,14:53:30,5.02,0.0,78,39156,买盘
2022,14:53:34,5.02,0.0,71,35642,买盘
2023,14:53:37,5.02,0.0,20,10040,买盘
2024,14:53:40,5.02,0.0,18,9036,买盘
2025,14:53:42,5.02,0.0,622,312244,买盘
2026,14:53:49,5.02,0.0,19,9538,买盘
2027,14:53:51,5.02,0.0,616,308632,买盘
2028,14:53:57,5.02,0.0,72,36144,买盘
2029,14:54:03,5.02,0.0,60,30120,买盘
2030,14:54:06,5.02,0.0,118,59236,买盘
2031,14:54:10,5.01,-0.01,56,28056,卖盘
2032,14:54:13,5.02,0.01,4,2008,买盘
2033,14:54:18,5.01,-0.01,12,6012,卖盘
2034,14:54:25,5.02,0.01,9,4518,买盘
2035,14:54:27,5.02,0.0,40,20080,买盘
2036,14:54:30,5.02,0.0,32,16064,买盘
2037,14:54:37,5.01,-0.01,1,501,卖盘
2038,14:54:43,5.02,0.01,38,19076,买盘
2039,14:54:52,5.01,-0.01,67,33567,卖盘
2040,14:54:55,5.02,0.01,40,20080,买盘
2041,14:55:00,5.02,0.0,10,5020,买盘
2042,14:55:03,5.02,0.0,146,73147,买盘
2043,14:55:10,5.02,0.0,51,25602,买盘
2044,14:55:16,5.01,-0.01,12,6012,卖盘
2045,14:55:19,5.01,0.0,2,1002,卖盘
2046,14:55:22,5.02,0.01,43,21586,买盘
2047,14:55:28,5.02,0.0,31,15562,买盘
2048,14:55:33,5.01,-0.01,12,6012,卖盘
2049,14:55:36,5.02,0.01,26,13052,买盘
2050,14:55:40,5.01,-0.01,5,2505,卖盘
2051,14:55:46,5.01,0.0,32,16052,卖盘
2052,14:55:49,5.01,0.0,248,124251,卖盘
2053,14:55:52,5.0,-0.01,475,237951,卖盘
2054,14:55:55,5.01,0.01,62,31062,买盘
2055,14:55:58,5.01,0.0,120,60182,卖盘
2056,14:56:01,5.02,0.01,51,25557,买盘
2057,14:56:04,5.0,-0.02,41,20504,卖盘
2058,14:56:07,5.0,0.0,12,6011,卖盘
2059,14:56:12,5.03,0.03,1210,607031,买盘
2060,14:56:21,5.01,-0.02,120,60120,卖盘
2061,14:56:28,5.02,0.01,85,42670,买盘
2062,14:56:31,5.02,0.0,15,7530,卖盘
2063,14:56:34,5.02,0.0,122,61344,卖盘
2064,14:56:37,5.03,0.01,241,121218,买盘
2065,14:56:40,5.03,0.0,46,23113,买盘
2066,14:56:46,5.03,0.0,42,21126,买盘
2067,14:56:49,5.03,0.0,215,107980,买盘
2068,14:56:52,5.03,0.0,55,27635,买盘
2069,14:56:55,5.03,0.0,19,9557,买盘
2070,14:56:58,5.02,-0.01,30,15080,卖盘
2071,14:57:00,5.03,0.01,18,9054,买盘
2072,15:00:04,5.03,0.0,2706,1361118,卖盘
