,time,price,change,volume,amount,type
0,09:25:04,4.89,-0.08,2451,1198539,卖盘
1,09:30:04,4.9,0.01,1367,670228,买盘
2,09:30:07,4.9,0.0,295,144570,卖盘
3,09:30:10,4.9,0.0,32,15680,卖盘
4,09:30:13,4.92,0.02,289,141870,买盘
5,09:30:19,4.92,0.0,204,100208,买盘
6,09:30:22,4.92,0.0,208,102304,买盘
7,09:30:24,4.92,0.0,51,25092,买盘
8,09:30:27,4.92,0.0,100,49142,买盘
9,09:30:31,4.92,0.0,95,46740,买盘
10,09:30:34,4.92,0.0,323,158916,买盘
11,09:30:36,4.91,-0.01,54,26567,卖盘
12,09:30:40,4.91,0.0,144,70768,卖盘
13,09:30:43,4.92,0.01,58,28533,买盘
14,09:30:46,4.92,0.0,34,16728,买盘
15,09:30:49,4.92,0.0,58,28536,买盘
16,09:30:51,4.92,0.0,263,129389,买盘
17,09:30:54,4.91,-0.01,289,141928,卖盘
18,09:30:58,4.92,0.01,138,67886,买盘
19,09:31:00,4.92,0.0,122,59944,买盘
20,09:31:05,4.92,0.0,35,17220,买盘
21,09:31:06,4.92,0.0,113,55596,买盘
22,09:31:10,4.92,0.0,146,71784,买盘
23,09:31:12,4.92,0.0,95,46740,卖盘
24,09:31:15,4.92,0.0,103,50676,卖盘
25,09:31:19,4.92,0.0,80,39360,卖盘
26,09:31:21,4.92,0.0,45,22140,卖盘
27,09:31:25,4.92,0.0,23,11316,买盘
28,09:31:28,4.91,-0.01,100,49100,卖盘
29,09:31:31,4.92,0.01,14,6888,买盘
30,09:31:34,4.92,0.0,102,50147,买盘
31,09:31:37,4.92,0.0,402,197784,买盘
32,09:31:40,4.93,0.01,10,4930,买盘
33,09:31:43,4.92,-0.01,319,156948,卖盘
34,09:31:49,4.92,0.0,181,89052,买盘
35,09:31:52,4.92,0.0,278,136776,买盘
36,09:31:54,4.92,0.0,19,9348,卖盘
37,09:31:58,4.93,0.01,1,493,买盘
38,09:32:01,4.93,0.0,162,79744,买盘
39,09:32:04,4.93,0.0,68,33524,买盘
40,09:32:06,4.93,0.0,17,8381,买盘
41,09:32:09,4.93,0.0,10,4930,买盘
42,09:32:12,4.93,0.0,167,82321,买盘
43,09:32:16,4.94,0.01,223,110139,买盘
44,09:32:19,4.95,0.01,76,37550,买盘
45,09:32:22,4.94,-0.01,48,23712,卖盘
46,09:32:25,4.95,0.01,512,253025,买盘
47,09:32:34,4.95,0.0,4,1980,卖盘
48,09:32:37,4.95,0.0,66,32670,卖盘
49,09:32:40,4.96,0.01,72,35662,买盘
50,09:32:43,4.96,0.0,237,117385,买盘
51,09:32:46,4.96,0.0,43,21328,买盘
52,09:32:49,4.95,-0.01,47,23265,卖盘
53,09:32:52,4.96,0.01,39,19344,买盘
54,09:32:55,4.96,0.0,43,21328,买盘
55,09:32:58,4.96,0.0,10,4960,买盘
56,09:33:01,4.96,0.0,1,496,买盘
57,09:33:07,4.96,0.0,134,66356,买盘
58,09:33:10,4.95,-0.01,72,35646,卖盘
59,09:33:13,4.95,0.0,104,51480,买盘
60,09:33:16,4.95,0.0,437,216558,买盘
61,09:33:18,4.95,0.0,13,6435,买盘
62,09:33:22,4.95,0.0,21,10395,买盘
63,09:33:25,4.95,0.0,5,2475,卖盘
64,09:33:31,4.96,0.01,533,264341,买盘
65,09:33:34,4.95,-0.01,30,14850,卖盘
66,09:33:37,4.95,0.0,40,19800,卖盘
67,09:33:39,4.95,0.0,26,12880,卖盘
68,09:33:43,4.95,0.0,61,30217,卖盘
69,09:33:46,4.95,0.0,4,1980,卖盘
70,09:33:49,4.96,0.01,200,99200,买盘
71,09:33:54,4.95,-0.01,31,15346,卖盘
72,09:33:57,4.95,0.0,188,93060,卖盘
73,09:34:01,4.95,0.0,45,22275,买盘
74,09:34:04,4.95,0.0,24,11880,买盘
75,09:34:07,4.95,0.0,24,11876,买盘
76,09:34:10,4.95,0.0,30,14850,买盘
77,09:34:12,4.95,0.0,145,71775,买盘
78,09:34:16,4.94,-0.01,316,156259,卖盘
79,09:34:22,4.95,0.01,75,37100,卖盘
80,09:34:25,4.95,0.0,10,4950,买盘
81,09:34:28,4.95,0.0,81,40095,买盘
82,09:34:31,4.95,0.0,40,19797,买盘
83,09:34:34,4.95,0.0,300,148500,买盘
84,09:34:37,4.94,-0.01,41,20274,卖盘
85,09:34:39,4.94,0.0,204,100974,卖盘
86,09:34:42,4.95,0.01,30,14822,买盘
87,09:34:46,4.94,-0.01,70,34590,卖盘
88,09:34:52,4.94,0.0,151,74697,卖盘
89,09:34:54,4.94,0.0,39,19301,卖盘
90,09:34:58,4.94,0.0,34,16796,卖盘
91,09:35:00,4.95,0.01,1,495,买盘
92,09:35:04,4.95,0.0,3,1485,买盘
93,09:35:07,4.95,0.0,10,4950,买盘
94,09:35:13,4.95,0.0,37,18315,买盘
95,09:35:16,4.95,0.0,56,27683,买盘
96,09:35:19,4.95,0.0,90,44471,买盘
97,09:35:22,4.94,-0.01,351,173694,卖盘
98,09:35:25,4.94,0.0,112,55328,卖盘
99,09:35:27,4.95,0.01,49,24255,买盘
100,09:35:31,4.94,-0.01,2,988,卖盘
101,09:35:34,4.95,0.01,106,52470,买盘
102,09:35:40,4.94,-0.01,383,189209,卖盘
103,09:35:43,4.95,0.01,27,13365,买盘
104,09:35:49,4.95,0.0,1,495,买盘
105,09:35:55,4.94,-0.01,90,44460,卖盘
106,09:35:58,4.95,0.01,3,1485,买盘
107,09:36:01,4.95,0.0,61,30195,买盘
108,09:36:04,4.95,0.0,78,38610,买盘
109,09:36:07,4.95,0.0,7,3465,买盘
110,09:36:16,4.94,-0.01,26,12844,卖盘
111,09:36:19,4.94,0.0,205,101364,卖盘
112,09:36:22,4.94,0.0,232,114616,卖盘
113,09:36:24,4.95,0.01,43,21246,买盘
114,09:36:30,4.94,-0.01,35,17290,卖盘
115,09:36:37,4.95,0.01,4,1980,买盘
116,09:36:40,4.95,0.0,141,69680,买盘
117,09:36:43,4.94,-0.01,39,19266,卖盘
118,09:36:46,4.94,0.0,5,2470,卖盘
119,09:36:48,4.95,0.01,25,12375,买盘
120,09:36:52,4.94,-0.01,616,304304,卖盘
121,09:36:55,4.94,0.0,204,100880,卖盘
122,09:36:58,4.94,0.0,1470,726180,卖盘
123,09:37:01,4.94,0.0,3,1482,卖盘
124,09:37:07,4.93,-0.01,5,2465,卖盘
125,09:37:10,4.94,0.01,54,26642,买盘
126,09:37:13,4.93,-0.01,140,69040,卖盘
127,09:37:16,4.93,0.0,110,54240,卖盘
128,09:37:19,4.93,0.0,208,102544,卖盘
129,09:37:22,4.93,0.0,146,71978,卖盘
130,09:37:25,4.93,0.0,141,69513,卖盘
131,09:37:28,4.93,0.0,65,32045,卖盘
132,09:37:39,4.92,-0.01,40,19680,卖盘
133,09:37:43,4.92,0.0,36,17712,卖盘
134,09:37:45,4.92,0.0,7,3444,卖盘
135,09:37:49,4.92,0.0,21,10352,卖盘
136,09:37:52,4.93,0.01,212,104355,买盘
137,09:37:54,4.93,0.0,21,10334,买盘
138,09:37:58,4.92,-0.01,397,195324,卖盘
139,09:38:06,4.93,0.01,9,4431,买盘
140,09:38:09,4.93,0.0,118,58081,买盘
141,09:38:13,4.93,0.0,100,49300,买盘
142,09:38:16,4.93,0.0,3,1479,买盘
143,09:38:19,4.93,0.0,7,3451,买盘
144,09:38:25,4.93,0.0,65,32045,买盘
145,09:38:31,4.93,0.0,49,24157,买盘
146,09:38:37,4.93,0.0,72,35496,买盘
147,09:38:40,4.93,0.0,84,41412,买盘
148,09:38:42,4.93,0.0,10,4930,买盘
149,09:38:45,4.93,0.0,226,111418,买盘
150,09:38:49,4.93,0.0,9,4437,买盘
151,09:38:52,4.93,0.0,71,34937,买盘
152,09:38:54,4.93,0.0,13,6409,买盘
153,09:38:57,4.92,-0.01,24,11813,卖盘
154,09:39:01,4.93,0.01,1,493,买盘
155,09:39:06,4.92,-0.01,1,492,卖盘
156,09:39:10,4.93,0.01,32,15771,买盘
157,09:39:13,4.93,0.0,104,51272,买盘
158,09:39:16,4.92,-0.01,24,11831,卖盘
159,09:39:19,4.93,0.01,33,16269,买盘
160,09:39:22,4.92,-0.01,82,40420,卖盘
161,09:39:25,4.93,0.01,10,4930,买盘
162,09:39:28,4.92,-0.01,517,254367,卖盘
163,09:39:31,4.93,0.01,60,29580,买盘
164,09:39:34,4.92,-0.01,24,11808,卖盘
165,09:39:37,4.92,0.0,114,56088,卖盘
166,09:39:39,4.92,0.0,20,9840,卖盘
167,09:39:46,4.93,0.01,18,8874,买盘
168,09:39:49,4.92,-0.01,46,22632,卖盘
169,09:39:55,4.93,0.01,33,16249,买盘
170,09:40:01,4.93,0.0,95,46750,买盘
171,09:40:04,4.92,-0.01,18,8861,卖盘
172,09:40:06,4.93,0.01,47,23171,买盘
173,09:40:10,4.92,-0.01,84,41328,卖盘
174,09:40:13,4.92,0.0,46,22632,卖盘
175,09:40:15,4.92,0.0,42,20664,卖盘
176,09:40:19,4.92,0.0,91,44772,卖盘
177,09:40:22,4.93,0.01,246,121062,买盘
178,09:40:31,4.92,-0.01,60,29520,卖盘
179,09:40:34,4.92,0.0,151,74303,卖盘
180,09:40:36,4.92,0.0,281,138252,卖盘
181,09:40:40,4.92,0.0,5,2460,卖盘
182,09:40:43,4.92,0.0,65,31980,卖盘
183,09:40:46,4.92,0.0,40,19695,卖盘
184,09:40:49,4.92,0.0,50,24600,卖盘
185,09:40:52,4.93,0.01,86,42317,买盘
186,09:40:55,4.93,0.0,28,13796,买盘
187,09:40:57,4.93,0.0,144,70852,买盘
188,09:41:01,4.92,-0.01,9,4428,卖盘
189,09:41:06,4.92,0.0,159,78228,卖盘
190,09:41:10,4.92,0.0,20,9840,卖盘
191,09:41:13,4.93,0.01,68,33521,买盘
192,09:41:16,4.92,-0.01,65,31980,卖盘
193,09:41:19,4.92,0.0,40,19680,卖盘
194,09:41:24,4.93,0.01,34,16748,买盘
195,09:41:28,4.92,-0.01,110,54120,卖盘
196,09:41:30,4.92,0.0,68,33456,卖盘
197,09:41:37,4.92,0.0,1,492,卖盘
198,09:41:40,4.92,0.0,155,76386,卖盘
199,09:41:43,4.92,0.0,10,4920,卖盘
200,09:41:46,4.92,0.0,104,51169,卖盘
201,09:41:52,4.92,0.0,8,3936,卖盘
202,09:41:55,4.92,0.0,37,18204,卖盘
203,09:41:57,4.93,0.01,5,2465,买盘
204,09:42:01,4.92,-0.01,2,984,卖盘
205,09:42:07,4.92,0.0,31,15263,卖盘
206,09:42:10,4.92,0.0,10,4920,卖盘
207,09:42:13,4.92,0.0,64,31488,卖盘
208,09:42:16,4.92,0.0,35,17220,卖盘
209,09:42:19,4.92,0.0,3,1476,卖盘
210,09:42:28,4.92,0.0,51,25092,卖盘
211,09:42:34,4.92,0.0,20,9840,卖盘
212,09:42:37,4.92,0.0,187,92004,卖盘
213,09:42:40,4.92,0.0,50,24600,卖盘
214,09:42:42,4.92,0.0,6,2952,卖盘
215,09:42:46,4.92,0.0,5,2460,卖盘
216,09:42:55,4.92,0.0,156,76752,卖盘
217,09:42:57,4.92,0.0,514,252888,卖盘
218,09:43:00,4.92,0.0,4,1968,卖盘
219,09:43:06,4.92,0.0,5,2460,买盘
220,09:43:10,4.92,0.0,27,13284,买盘
221,09:43:13,4.92,0.0,178,87571,买盘
222,09:43:16,4.92,0.0,161,79073,买盘
223,09:43:19,4.92,0.0,1,492,买盘
224,09:43:22,4.92,0.0,55,27056,买盘
225,09:43:25,4.92,0.0,32,15744,卖盘
226,09:43:27,4.92,0.0,24,11808,买盘
227,09:43:31,4.91,-0.01,21,10326,卖盘
228,09:43:34,4.92,0.01,19,9348,买盘
229,09:43:37,4.92,0.0,105,51660,买盘
230,09:43:40,4.92,0.0,25,12297,卖盘
231,09:43:43,4.92,0.0,69,33948,卖盘
232,09:43:46,4.92,0.0,52,25584,买盘
233,09:43:49,4.92,0.0,174,85593,买盘
234,09:43:52,4.92,0.0,418,205596,买盘
235,09:43:54,4.92,0.0,28,13776,买盘
236,09:43:58,4.92,0.0,17,8364,买盘
237,09:44:01,4.92,0.0,56,27552,买盘
238,09:44:04,4.94,0.02,656,323625,买盘
239,09:44:07,4.92,-0.02,21,10332,卖盘
240,09:44:09,4.94,0.02,1,494,买盘
241,09:44:19,4.94,0.0,2,988,买盘
242,09:44:22,4.92,-0.02,9,4428,卖盘
243,09:44:27,4.94,0.02,6,2964,买盘
244,09:44:34,4.94,0.0,16,7904,买盘
245,09:44:36,4.93,-0.01,20,9860,卖盘
246,09:44:39,4.94,0.01,5,2470,买盘
247,09:44:43,4.93,-0.01,20,9860,卖盘
248,09:44:49,4.94,0.01,4,1976,买盘
249,09:44:52,4.93,-0.01,2,986,卖盘
250,09:44:55,4.94,0.01,77,38038,买盘
251,09:44:58,4.94,0.0,10,4940,买盘
252,09:45:01,4.94,0.0,1,494,买盘
253,09:45:04,4.93,-0.01,492,242998,卖盘
254,09:45:06,4.94,0.01,5,2469,买盘
255,09:45:10,4.94,0.0,45,22230,买盘
256,09:45:13,4.94,0.0,448,221312,买盘
257,09:45:16,4.94,0.0,6,2964,买盘
258,09:45:18,4.93,-0.01,48,23683,卖盘
259,09:45:21,4.94,0.01,2,988,买盘
260,09:45:25,4.94,0.0,9,4439,买盘
261,09:45:28,4.94,0.0,41,20254,买盘
262,09:45:31,4.94,0.0,12,5928,买盘
263,09:45:37,4.94,0.0,50,24700,卖盘
264,09:45:49,4.95,0.01,23,11369,买盘
265,09:45:52,4.94,-0.01,17,8398,卖盘
266,09:45:55,4.94,0.0,1,494,买盘
267,09:45:58,4.94,0.0,49,24206,买盘
268,09:46:01,4.94,0.0,14,6916,买盘
269,09:46:04,4.95,0.01,41,20295,买盘
270,09:46:07,4.94,-0.01,10,4940,卖盘
271,09:46:10,4.94,0.0,25,12374,卖盘
272,09:46:16,4.94,0.0,65,32110,卖盘
273,09:46:22,4.94,0.0,82,40520,卖盘
274,09:46:25,4.94,0.0,138,68272,卖盘
275,09:46:27,4.95,0.01,234,115597,买盘
276,09:46:30,4.94,-0.01,10,4940,卖盘
277,09:46:43,4.94,0.0,4,1976,卖盘
278,09:46:46,4.95,0.01,21,10395,买盘
279,09:46:48,4.95,0.0,197,97495,买盘
280,09:46:52,4.94,-0.01,13,6422,卖盘
281,09:46:55,4.94,0.0,46,22749,卖盘
282,09:47:01,4.94,0.0,50,24700,卖盘
283,09:47:04,4.94,0.0,54,26686,卖盘
284,09:47:10,4.95,0.01,11,5447,中性盘
285,09:47:16,4.96,0.01,43,21288,买盘
286,09:47:19,4.95,-0.01,10,4950,中性盘
287,09:47:25,4.96,0.01,20,9920,买盘
288,09:47:28,4.96,0.0,10,4960,买盘
289,09:47:31,4.95,-0.01,270,133650,中性盘
290,09:47:33,4.95,0.0,30,14850,卖盘
291,09:47:36,4.95,0.0,10,4950,买盘
292,09:47:40,4.96,0.01,65,32204,买盘
293,09:47:49,4.95,-0.01,39,19309,卖盘
294,09:47:51,4.96,0.01,3,1488,买盘
295,09:47:54,4.96,0.0,192,95232,买盘
296,09:48:04,4.95,-0.01,523,258891,卖盘
297,09:48:06,4.95,0.0,13,6435,买盘
298,09:48:10,4.95,0.0,4,1980,买盘
299,09:48:13,4.95,0.0,20,9900,买盘
300,09:48:16,4.94,-0.01,18,8902,卖盘
301,09:48:31,4.94,0.0,400,197600,卖盘
302,09:48:34,4.94,0.0,16,7904,买盘
303,09:48:37,4.93,-0.01,101,49794,卖盘
304,09:48:39,4.94,0.01,1,494,买盘
305,09:48:42,4.94,0.0,1,494,买盘
306,09:48:45,4.94,0.0,1,494,买盘
307,09:48:52,4.94,0.0,25,12334,买盘
308,09:48:55,4.93,-0.01,15,7396,卖盘
309,09:49:00,4.93,0.0,52,25637,卖盘
310,09:49:10,4.93,0.0,5,2465,卖盘
311,09:49:13,4.94,0.01,2,988,买盘
312,09:49:16,4.93,-0.01,60,29580,卖盘
313,09:49:19,4.93,0.0,39,19227,卖盘
314,09:49:28,4.93,0.0,10,4930,卖盘
315,09:49:33,4.93,0.0,24,11832,卖盘
316,09:49:40,4.93,0.0,4,1972,卖盘
317,09:49:43,4.93,0.0,56,27608,卖盘
318,09:49:49,4.93,0.0,90,44370,卖盘
319,09:49:55,4.93,0.0,5,2465,卖盘
320,09:50:01,4.93,0.0,299,147407,卖盘
321,09:50:07,4.93,0.0,119,58722,卖盘
322,09:50:10,4.93,0.0,166,81838,卖盘
323,09:50:15,4.93,0.0,60,29580,卖盘
324,09:50:22,4.93,0.0,62,30566,卖盘
325,09:50:25,4.93,0.0,478,235654,卖盘
326,09:50:31,4.93,0.0,20,9860,买盘
327,09:50:33,4.93,0.0,47,23171,买盘
328,09:50:37,4.93,0.0,12,5916,买盘
329,09:50:40,4.93,0.0,10,4930,买盘
330,09:50:43,4.93,0.0,26,12818,买盘
331,09:50:46,4.92,-0.01,162,79734,卖盘
332,09:50:49,4.92,0.0,43,21161,卖盘
333,09:50:52,4.93,0.01,27,13311,买盘
334,09:50:55,4.93,0.0,24,11832,买盘
335,09:50:58,4.93,0.0,5,2465,买盘
336,09:51:01,4.93,0.0,8,3944,买盘
337,09:51:04,4.93,0.0,28,13804,买盘
338,09:51:07,4.93,0.0,61,30073,买盘
339,09:51:10,4.93,0.0,15,7395,买盘
340,09:51:12,4.94,0.01,3,1482,买盘
341,09:51:16,4.94,0.0,11,5434,买盘
342,09:51:19,4.94,0.0,11,5434,买盘
343,09:51:22,4.94,0.0,4,1976,买盘
344,09:51:25,4.94,0.0,8,3949,买盘
345,09:51:28,4.94,0.0,252,124488,买盘
346,09:51:31,4.94,0.0,54,26676,卖盘
347,09:51:34,4.94,0.0,5,2470,买盘
348,09:51:37,4.94,0.0,2,988,买盘
349,09:51:43,4.94,0.0,25,12350,买盘
350,09:51:46,4.94,0.0,97,47822,买盘
351,09:51:54,4.93,-0.01,62,30566,卖盘
352,09:51:57,4.94,0.01,20,9880,买盘
353,09:52:01,4.93,-0.01,30,14819,卖盘
354,09:52:04,4.93,0.0,1,493,卖盘
355,09:52:07,4.93,0.0,304,149872,卖盘
356,09:52:10,4.93,0.0,13,6409,卖盘
357,09:52:12,4.94,0.01,14,6913,买盘
358,09:52:16,4.93,-0.01,22,10846,卖盘
359,09:52:19,4.94,0.01,130,64220,买盘
360,09:52:22,4.94,0.0,3,1482,买盘
361,09:52:25,4.94,0.0,54,26676,买盘
362,09:52:28,4.94,0.0,5,2470,卖盘
363,09:52:30,4.94,0.0,8,3952,卖盘
364,09:52:34,4.94,0.0,50,24700,买盘
365,09:52:37,4.94,0.0,195,96330,买盘
366,09:52:40,4.94,0.0,77,38038,买盘
367,09:52:43,4.94,0.0,45,22230,买盘
368,09:52:45,4.94,0.0,31,15314,买盘
369,09:52:49,4.94,0.0,36,17775,买盘
370,09:52:51,4.94,0.0,21,10374,买盘
371,09:52:55,4.94,0.0,15,7410,买盘
372,09:52:58,4.93,-0.01,28,13817,卖盘
373,09:53:01,4.94,0.01,13,6421,买盘
374,09:53:04,4.94,0.0,7,3458,买盘
375,09:53:07,4.94,0.0,53,26182,买盘
376,09:53:10,4.95,0.01,31,15345,买盘
377,09:53:13,4.95,0.0,18,8910,买盘
378,09:53:15,4.94,-0.01,68,33635,卖盘
379,09:53:19,4.95,0.01,32,15840,买盘
380,09:53:21,4.95,0.0,35,17305,买盘
381,09:53:25,4.95,0.0,2,990,买盘
382,09:53:31,4.95,0.0,23,11363,买盘
383,09:53:34,4.95,0.0,10,4950,买盘
384,09:53:39,4.95,0.0,3,1485,买盘
385,09:53:43,4.95,0.0,5,2475,买盘
386,09:53:46,4.95,0.0,28,13860,买盘
387,09:53:49,4.95,0.0,57,28215,买盘
388,09:53:52,4.95,0.0,46,22770,买盘
389,09:53:55,4.95,0.0,24,11878,买盘
390,09:53:58,4.95,0.0,121,59895,买盘
391,09:54:00,4.95,0.0,26,12870,买盘
392,09:54:04,4.95,0.0,42,20790,买盘
393,09:54:07,4.94,-0.01,109,53875,卖盘
394,09:54:10,4.94,0.0,21,10392,卖盘
395,09:54:12,4.95,0.01,84,41580,买盘
396,09:54:16,4.94,-0.01,51,25229,卖盘
397,09:54:19,4.95,0.01,393,194465,买盘
398,09:54:22,4.95,0.0,5,2475,买盘
399,09:54:25,4.95,0.0,15,7425,买盘
400,09:54:28,4.94,-0.01,15,7415,卖盘
401,09:54:31,4.95,0.01,143,70785,买盘
402,09:54:33,4.95,0.0,50,24750,卖盘
403,09:54:36,4.95,0.0,33,16337,卖盘
404,09:54:40,4.95,0.0,9,4455,买盘
405,09:54:43,4.94,-0.01,5,2472,卖盘
406,09:54:46,4.95,0.01,1,495,买盘
407,09:54:49,4.95,0.0,1,495,买盘
408,09:54:52,4.95,0.0,1,495,买盘
409,09:54:54,4.95,0.0,1,495,买盘
410,09:54:57,4.95,0.0,36,17799,买盘
411,09:55:01,4.95,0.0,5,2475,买盘
412,09:55:04,4.95,0.0,53,26235,买盘
413,09:55:06,4.95,0.0,17,8415,买盘
414,09:55:10,4.95,0.0,51,25240,买盘
415,09:55:16,4.95,0.0,11,5445,卖盘
416,09:55:22,4.95,0.0,60,29700,卖盘
417,09:55:25,4.95,0.0,10,4950,卖盘
418,09:55:31,4.95,0.0,14,6930,卖盘
419,09:55:34,4.95,0.0,531,262847,卖盘
420,09:55:37,4.95,0.0,125,61760,买盘
421,09:55:40,4.94,-0.01,110,54340,卖盘
422,09:55:43,4.95,0.01,4,1980,买盘
423,09:55:46,4.95,0.0,5,2475,买盘
424,09:55:58,4.95,0.0,41,20295,买盘
425,09:56:10,4.95,0.0,4,1980,买盘
426,09:56:13,4.94,-0.01,181,89424,卖盘
427,09:56:16,4.95,0.01,6,2970,买盘
428,09:56:18,4.94,-0.01,15,7410,卖盘
429,09:56:22,4.94,0.0,168,82992,卖盘
430,09:56:31,4.94,0.0,30,14820,卖盘
431,09:56:55,4.94,0.0,39,19266,卖盘
432,09:56:57,4.94,0.0,126,62244,卖盘
433,09:57:04,4.94,0.0,15,7410,买盘
434,09:57:06,4.94,0.0,79,39026,买盘
435,09:57:10,4.94,0.0,41,20254,卖盘
436,09:57:12,4.95,0.01,134,66296,买盘
437,09:57:15,4.94,-0.01,11,5434,卖盘
438,09:57:19,4.94,0.0,10,4940,卖盘
439,09:57:22,4.94,0.0,72,35568,卖盘
440,09:57:28,4.95,0.01,181,89595,买盘
441,09:57:30,4.94,-0.01,74,36556,卖盘
442,09:57:34,4.94,0.0,4,1976,卖盘
443,09:57:37,4.94,0.0,12,5928,卖盘
444,09:57:39,4.94,0.0,419,206986,卖盘
445,09:57:42,4.94,0.0,71,35074,卖盘
446,09:57:52,4.94,0.0,5,2470,买盘
447,09:57:57,4.93,-0.01,200,98600,卖盘
448,09:58:01,4.93,0.0,17,8381,卖盘
449,09:58:04,4.93,0.0,146,71978,卖盘
450,09:58:06,4.93,0.0,3,1479,卖盘
451,09:58:09,4.92,-0.01,1278,629742,卖盘
452,09:58:12,4.92,0.0,132,64944,卖盘
453,09:58:16,4.92,0.0,40,19708,卖盘
454,09:58:22,4.92,0.0,20,9840,卖盘
455,09:58:27,4.92,0.0,127,62484,卖盘
456,09:58:34,4.92,0.0,12,5904,卖盘
457,09:58:37,4.92,0.0,475,233702,卖盘
458,09:58:40,4.92,0.0,449,220908,卖盘
459,09:58:42,4.92,0.0,146,71832,卖盘
460,09:58:45,4.92,0.0,2,984,买盘
461,09:58:49,4.91,-0.01,64,31424,卖盘
462,09:58:52,4.91,0.0,436,214081,卖盘
463,09:58:55,4.92,0.01,73,35853,买盘
464,09:58:57,4.92,0.0,139,68327,买盘
465,09:59:00,4.91,-0.01,87,42745,卖盘
466,09:59:04,4.92,0.01,173,85116,买盘
467,09:59:06,4.91,-0.01,382,187628,卖盘
468,09:59:10,4.92,0.01,18,8856,卖盘
469,09:59:12,4.93,0.01,44,21658,买盘
470,09:59:22,4.93,0.0,20,9860,买盘
471,09:59:24,4.92,-0.01,10,4920,卖盘
472,09:59:27,4.93,0.01,10,4930,买盘
473,09:59:37,4.92,-0.01,26,12802,卖盘
474,09:59:40,4.92,0.0,10,4920,卖盘
475,09:59:49,4.93,0.01,41,20213,买盘
476,09:59:51,4.92,-0.01,326,160692,卖盘
477,09:59:55,4.93,0.01,5,2465,买盘
478,09:59:58,4.93,0.0,10,4930,买盘
479,10:00:04,4.92,-0.01,42,20672,卖盘
480,10:00:07,4.92,0.0,10,4920,卖盘
481,10:00:16,4.92,0.0,20,9840,卖盘
482,10:00:19,4.93,0.01,8,3944,买盘
483,10:00:22,4.92,-0.01,167,82184,卖盘
484,10:00:25,4.93,0.01,15,7395,买盘
485,10:00:27,4.93,0.0,24,11832,买盘
486,10:00:30,4.93,0.0,57,28101,买盘
487,10:00:33,4.93,0.0,67,33001,买盘
488,10:00:37,4.93,0.0,27,13311,买盘
489,10:00:40,4.93,0.0,63,31040,买盘
490,10:00:43,4.92,-0.01,75,36922,卖盘
491,10:00:46,4.93,0.01,39,19227,买盘
492,10:00:49,4.93,0.0,33,16269,买盘
493,10:00:52,4.93,0.0,33,16269,买盘
494,10:00:55,4.93,0.0,23,11339,买盘
495,10:00:57,4.93,0.0,20,9860,买盘
496,10:01:01,4.93,0.0,33,16269,买盘
497,10:01:04,4.93,0.0,69,34017,买盘
498,10:01:07,4.94,0.01,38,18742,买盘
499,10:01:09,4.94,0.0,22,10866,买盘
500,10:01:13,4.94,0.0,19,9386,买盘
501,10:01:16,4.94,0.0,16,7904,买盘
502,10:01:19,4.94,0.0,14,6916,买盘
503,10:01:22,4.94,0.0,6,2964,买盘
504,10:01:24,4.94,0.0,15,7402,买盘
505,10:01:31,4.94,0.0,1,494,买盘
506,10:01:37,4.94,0.0,207,102258,买盘
507,10:01:40,4.93,-0.01,27,13314,卖盘
508,10:01:43,4.93,0.0,23,11357,卖盘
509,10:01:46,4.94,0.01,5,2470,买盘
510,10:01:49,4.93,-0.01,7,3452,卖盘
511,10:01:52,4.94,0.01,4,1976,买盘
512,10:01:55,4.94,0.0,6,2964,买盘
513,10:01:58,4.93,-0.01,71,35004,卖盘
514,10:02:01,4.93,0.0,11,5424,卖盘
515,10:02:04,4.94,0.01,1,494,买盘
516,10:02:07,4.94,0.0,1,494,买盘
517,10:02:10,4.94,0.0,1,494,买盘
518,10:02:12,4.93,-0.01,17,8382,卖盘
519,10:02:15,4.94,0.01,1,494,买盘
520,10:02:19,4.94,0.0,1,494,买盘
521,10:02:22,4.94,0.0,3,1482,买盘
522,10:02:25,4.94,0.0,3,1482,买盘
523,10:02:31,4.94,0.0,2,988,买盘
524,10:02:33,4.93,-0.01,18,8874,卖盘
525,10:02:37,4.93,0.0,9,4437,卖盘
526,10:02:48,4.94,0.01,9,4446,买盘
527,10:02:51,4.94,0.0,1,494,买盘
528,10:02:58,4.94,0.0,216,106504,买盘
529,10:03:04,4.94,0.0,20,9880,买盘
530,10:03:06,4.94,0.0,60,29640,买盘
531,10:03:10,4.94,0.0,111,54734,买盘
532,10:03:13,4.93,-0.01,8,3948,卖盘
533,10:03:16,4.94,0.01,3,1482,买盘
534,10:03:19,4.94,0.0,7,3458,买盘
535,10:03:22,4.94,0.0,58,28652,买盘
536,10:03:25,4.94,0.0,14,6916,买盘
537,10:03:28,4.93,-0.01,41,20231,卖盘
538,10:03:31,4.94,0.01,24,11856,买盘
539,10:03:34,4.93,-0.01,37,18276,卖盘
540,10:03:36,4.94,0.01,26,12844,买盘
541,10:03:39,4.94,0.0,139,68553,买盘
542,10:03:42,4.94,0.0,16,7902,买盘
543,10:03:46,4.94,0.0,319,157586,买盘
544,10:03:49,4.94,0.0,20,9880,卖盘
545,10:03:54,4.94,0.0,5,2470,卖盘
546,10:03:58,4.94,0.0,78,38552,卖盘
547,10:04:04,4.94,0.0,58,28652,卖盘
548,10:04:07,4.94,0.0,3,1482,卖盘
549,10:04:09,4.94,0.0,57,28158,卖盘
550,10:04:19,4.94,0.0,6,2964,卖盘
551,10:04:28,4.95,0.01,70,34648,买盘
552,10:04:31,4.94,-0.01,3,1482,卖盘
553,10:04:33,4.95,0.01,1,495,买盘
554,10:04:37,4.95,0.0,10,4950,买盘
555,10:04:46,4.94,-0.01,2,988,卖盘
556,10:04:49,4.95,0.01,10,4950,买盘
557,10:04:52,4.95,0.0,130,64350,买盘
558,10:04:55,4.94,-0.01,18,8892,卖盘
559,10:04:57,4.95,0.01,11,5445,买盘
560,10:05:04,4.94,-0.01,164,81016,卖盘
561,10:05:07,4.95,0.01,21,10395,买盘
562,10:05:13,4.94,-0.01,22,10889,卖盘
563,10:05:15,4.95,0.01,35,17302,买盘
564,10:05:19,4.95,0.0,109,53949,买盘
565,10:05:21,4.95,0.0,67,33165,买盘
566,10:05:25,4.95,0.0,103,50938,买盘
567,10:05:27,4.95,0.0,79,39105,买盘
568,10:05:31,4.95,0.0,76,37611,买盘
569,10:05:34,4.95,0.0,61,30194,买盘
570,10:05:37,4.95,0.0,132,65340,买盘
571,10:05:40,4.95,0.0,61,30195,买盘
572,10:05:43,4.95,0.0,188,93040,买盘
573,10:05:46,4.95,0.0,27,13365,买盘
574,10:05:49,4.96,0.01,185,91581,买盘
575,10:05:51,4.96,0.0,50,24800,买盘
576,10:05:55,4.96,0.0,75,37200,买盘
577,10:05:58,4.96,0.0,79,39184,买盘
578,10:06:01,4.96,0.0,79,39184,买盘
579,10:06:04,4.96,0.0,85,42160,买盘
580,10:06:06,4.96,0.0,97,48112,买盘
581,10:06:10,4.97,0.01,378,187575,买盘
582,10:06:12,4.97,0.0,90,44730,买盘
583,10:06:16,4.97,0.0,117,58114,买盘
584,10:06:19,4.97,0.0,61,30317,买盘
585,10:06:22,4.97,0.0,41,20377,买盘
586,10:06:25,4.97,0.0,74,36777,买盘
587,10:06:27,4.97,0.0,28,13916,买盘
588,10:06:30,4.97,0.0,245,121765,买盘
589,10:06:33,4.97,0.0,69,34293,买盘
590,10:06:37,4.97,0.0,224,111352,卖盘
591,10:06:40,4.98,0.01,2,996,买盘
592,10:06:43,4.98,0.0,3,1494,买盘
593,10:06:46,4.98,0.0,31,15438,买盘
594,10:06:48,4.97,-0.01,42,20876,卖盘
595,10:06:51,4.98,0.01,3,1494,买盘
596,10:06:55,4.98,0.0,60,29880,买盘
597,10:06:58,4.98,0.0,275,136944,买盘
598,10:07:01,4.98,0.0,42,20916,买盘
599,10:07:04,4.98,0.0,35,17430,买盘
600,10:07:07,4.98,0.0,14,6972,买盘
601,10:07:10,4.98,0.0,60,29870,买盘
602,10:07:12,4.98,0.0,142,70716,买盘
603,10:07:16,4.97,-0.01,57,28334,卖盘
604,10:07:19,4.98,0.01,2,996,买盘
605,10:07:21,4.98,0.0,210,104629,买盘
606,10:07:25,4.98,0.0,3,1494,买盘
607,10:07:28,4.99,0.01,1001,499357,买盘
608,10:07:31,4.98,-0.01,29,14442,买盘
609,10:07:34,4.98,0.0,11,5478,买盘
610,10:07:36,4.99,0.01,138,68847,买盘
611,10:07:39,4.99,0.0,68,33932,卖盘
612,10:07:43,4.99,0.0,2,998,买盘
613,10:07:46,4.98,-0.01,104,51894,卖盘
614,10:07:49,4.98,0.0,19,9465,卖盘
615,10:07:58,4.99,0.01,31,15449,买盘
616,10:08:04,4.98,-0.01,241,120028,卖盘
617,10:08:07,4.99,0.01,42,20958,买盘
618,10:08:10,4.98,-0.01,56,27909,卖盘
619,10:08:12,4.99,0.01,133,66311,买盘
620,10:08:25,4.99,0.0,863,430627,买盘
621,10:08:30,4.99,0.0,1,499,卖盘
622,10:08:37,4.99,0.0,927,462981,卖盘
623,10:08:43,4.99,0.0,95,47498,卖盘
624,10:08:46,4.99,0.0,38,18967,卖盘
625,10:08:48,4.99,0.0,6,2995,卖盘
626,10:08:52,4.99,0.0,2,999,卖盘
627,10:08:58,4.99,0.0,22,10978,卖盘
628,10:09:01,4.99,0.0,277,138223,卖盘
629,10:09:07,4.99,0.0,30,14970,买盘
630,10:09:13,4.99,0.0,40,19960,买盘
631,10:09:16,4.98,-0.01,45,22410,卖盘
632,10:09:18,4.99,0.01,10,4990,买盘
633,10:09:22,4.98,-0.01,130,64740,卖盘
634,10:09:25,4.99,0.01,18,8982,买盘
635,10:09:28,4.98,-0.01,21,10458,卖盘
636,10:09:33,4.99,0.01,11,5489,买盘
637,10:09:36,4.99,0.0,142,70737,买盘
638,10:09:40,4.98,-0.01,50,24900,卖盘
639,10:09:43,4.99,0.01,37,18436,买盘
640,10:09:52,4.99,0.0,5,2495,买盘
641,10:09:57,4.99,0.0,30,14950,买盘
642,10:10:01,4.98,-0.01,41,20418,卖盘
643,10:10:04,4.98,0.0,211,105078,卖盘
644,10:10:10,4.99,0.01,237,118212,买盘
645,10:10:13,4.98,-0.01,77,38346,买盘
646,10:10:16,4.98,0.0,9,4482,买盘
647,10:10:22,4.98,0.0,418,207764,买盘
648,10:10:25,4.98,0.0,2,996,买盘
649,10:10:30,4.97,-0.01,9,4473,卖盘
650,10:10:34,4.98,0.01,15,7460,买盘
651,10:10:49,4.98,0.0,1,498,买盘
652,10:10:55,4.97,-0.01,110,54670,卖盘
653,10:10:58,4.97,0.0,10,4970,卖盘
654,10:11:01,4.97,0.0,9,4476,卖盘
655,10:11:06,4.97,0.0,67,33328,卖盘
656,10:11:16,4.97,0.0,100,49700,卖盘
657,10:11:25,4.98,0.01,26,12948,买盘
658,10:11:28,4.98,0.0,60,29856,买盘
659,10:11:31,4.98,0.0,185,91983,买盘
660,10:11:34,4.97,-0.01,24,11928,卖盘
661,10:11:37,4.97,0.0,200,99400,卖盘
662,10:11:39,4.97,0.0,23,11431,卖盘
663,10:11:49,4.97,0.0,1,497,卖盘
664,10:11:57,4.98,0.01,3,1494,买盘
665,10:12:01,4.97,-0.01,500,248500,卖盘
666,10:12:10,4.97,0.0,10,4970,卖盘
667,10:12:16,4.97,0.0,50,24850,卖盘
668,10:12:19,4.97,0.0,100,49700,卖盘
669,10:12:22,4.97,0.0,10,4970,卖盘
670,10:12:25,4.97,0.0,18,8946,卖盘
671,10:12:28,4.97,0.0,17,8442,买盘
672,10:12:31,4.97,0.0,10,4970,买盘
673,10:12:34,4.97,0.0,50,24850,买盘
674,10:12:40,4.97,0.0,4,1988,买盘
675,10:12:46,4.97,0.0,12,5964,买盘
676,10:12:49,4.96,-0.01,10,4960,卖盘
677,10:12:52,4.97,0.01,14,6958,买盘
678,10:12:58,4.97,0.0,50,24850,买盘
679,10:13:04,4.97,0.0,226,112317,买盘
680,10:13:10,4.97,0.0,19,9443,买盘
681,10:13:25,4.97,0.0,10,4970,买盘
682,10:13:37,4.96,-0.01,14,6944,卖盘
683,10:13:40,4.96,0.0,75,37200,卖盘
684,10:13:46,4.96,0.0,500,248000,卖盘
685,10:13:52,4.97,0.01,79,39263,买盘
686,10:13:54,4.96,-0.01,20,9920,卖盘
687,10:14:01,4.96,0.0,183,90768,卖盘
688,10:14:07,4.96,0.0,65,32240,卖盘
689,10:14:15,4.96,0.0,500,248000,卖盘
690,10:14:19,4.97,0.01,10,4970,买盘
691,10:14:33,4.97,0.0,1,497,买盘
692,10:14:36,4.97,0.0,10,4970,买盘
693,10:14:43,4.97,0.0,10,4970,买盘
694,10:14:49,4.97,0.0,42,20874,买盘
695,10:14:57,4.97,0.0,10,4970,买盘
696,10:15:04,4.96,-0.01,5,2480,卖盘
697,10:15:07,4.97,0.01,5,2485,买盘
698,10:15:10,4.96,-0.01,7,3474,卖盘
699,10:15:19,4.96,0.0,8,3968,卖盘
700,10:15:28,4.96,0.0,23,11408,卖盘
701,10:15:31,4.96,0.0,2,992,卖盘
702,10:15:37,4.96,0.0,130,64480,卖盘
703,10:15:43,4.96,0.0,71,35216,卖盘
704,10:15:46,4.96,0.0,229,113584,卖盘
705,10:15:48,4.96,0.0,300,148800,卖盘
706,10:15:52,4.96,0.0,26,12896,卖盘
707,10:15:55,4.96,0.0,437,216752,卖盘
708,10:16:04,4.96,0.0,50,24800,买盘
709,10:16:36,4.96,0.0,90,44640,买盘
710,10:16:42,4.96,0.0,1,496,买盘
711,10:16:45,4.96,0.0,1,496,买盘
712,10:16:49,4.95,-0.01,2,990,卖盘
713,10:17:04,4.95,0.0,101,49995,卖盘
714,10:17:06,4.96,0.01,4,1984,买盘
715,10:17:19,4.95,-0.01,5,2475,卖盘
716,10:17:49,4.95,0.0,12,5940,卖盘
717,10:17:52,4.95,0.0,22,10890,卖盘
718,10:17:58,4.96,0.01,62,30694,买盘
719,10:18:13,4.95,-0.01,30,14850,卖盘
720,10:18:16,4.96,0.01,2,992,买盘
721,10:18:40,4.96,0.0,20,9920,买盘
722,10:18:43,4.96,0.0,20,9920,买盘
723,10:18:46,4.96,0.0,21,10416,买盘
724,10:18:57,4.96,0.0,26,12896,买盘
725,10:19:06,4.95,-0.01,22,10890,卖盘
726,10:19:25,4.95,0.0,25,12375,卖盘
727,10:19:27,4.95,0.0,12,5940,卖盘
728,10:19:39,4.95,0.0,134,66330,卖盘
729,10:19:43,4.95,0.0,50,24750,卖盘
730,10:19:52,4.96,0.01,40,19840,买盘
731,10:19:54,4.95,-0.01,20,9900,卖盘
732,10:20:04,4.95,0.0,5,2475,卖盘
733,10:20:10,4.95,0.0,10,4950,卖盘
734,10:20:18,4.95,0.0,117,57915,卖盘
735,10:20:24,4.95,0.0,2,990,卖盘
736,10:20:43,4.95,0.0,200,99000,卖盘
737,10:20:51,4.95,0.0,50,24750,卖盘
738,10:20:54,4.96,0.01,10,4960,买盘
739,10:20:57,4.95,-0.01,569,281655,卖盘
740,10:21:04,4.95,0.0,84,41580,卖盘
741,10:21:06,4.96,0.01,15,7440,买盘
742,10:21:19,4.95,-0.01,15,7425,卖盘
743,10:21:25,4.95,0.0,6,2970,卖盘
744,10:21:30,4.95,0.0,41,20296,卖盘
745,10:21:40,4.95,0.0,32,15840,卖盘
746,10:21:42,4.95,0.0,250,123750,卖盘
747,10:21:46,4.96,0.01,1,496,买盘
748,10:21:48,4.95,-0.01,208,102960,卖盘
749,10:22:01,4.95,0.0,20,9900,买盘
750,10:22:04,4.94,-0.01,59,29146,卖盘
751,10:22:10,4.95,0.01,87,43065,买盘
752,10:22:19,4.95,0.0,100,49500,买盘
753,10:22:22,4.94,-0.01,9,4446,卖盘
754,10:22:25,4.94,0.0,40,19760,卖盘
755,10:22:34,4.95,0.01,2,990,买盘
756,10:22:37,4.95,0.0,68,33660,买盘
757,10:23:04,4.95,0.0,15,7416,买盘
758,10:23:06,4.94,-0.01,10,4940,卖盘
759,10:23:16,4.95,0.01,6,2970,买盘
760,10:23:18,4.94,-0.01,28,13832,卖盘
761,10:23:22,4.94,0.0,241,119054,卖盘
762,10:23:25,4.95,0.01,10,4950,买盘
763,10:23:39,4.94,-0.01,9,4446,卖盘
764,10:23:42,4.94,0.0,2,988,卖盘
765,10:23:45,4.94,0.0,20,9880,卖盘
766,10:24:01,4.95,0.01,13,6435,买盘
767,10:24:04,4.95,0.0,20,9890,买盘
768,10:24:12,4.94,-0.01,50,24700,卖盘
769,10:24:15,4.95,0.01,3,1485,买盘
770,10:24:46,4.94,-0.01,15,7410,卖盘
771,10:24:48,4.95,0.01,5,2475,买盘
772,10:25:12,4.94,-0.01,1,494,卖盘
773,10:25:27,4.94,0.0,166,82004,卖盘
774,10:25:42,4.95,0.01,4,1980,买盘
775,10:25:52,4.94,-0.01,500,247000,卖盘
776,10:25:57,4.94,0.0,216,106704,卖盘
777,10:26:00,4.94,0.0,247,122018,卖盘
778,10:26:10,4.94,0.0,10,4940,卖盘
779,10:26:13,4.94,0.0,90,44460,卖盘
780,10:26:22,4.94,0.0,182,89908,卖盘
781,10:26:25,4.94,0.0,17,8398,买盘
782,10:26:27,4.94,0.0,115,56810,买盘
783,10:26:33,4.94,0.0,256,126299,买盘
784,10:26:40,4.94,0.0,115,56810,卖盘
785,10:26:48,4.94,0.0,179,88426,卖盘
786,10:26:54,4.94,0.0,1,494,卖盘
787,10:26:57,4.94,0.0,43,21242,卖盘
788,10:27:04,4.94,0.0,516,255404,卖盘
789,10:27:07,4.94,0.0,126,62244,卖盘
790,10:27:10,4.94,0.0,5,2470,卖盘
791,10:27:16,4.94,0.0,43,21242,卖盘
792,10:27:18,4.95,0.01,39,19286,买盘
793,10:27:52,4.95,0.0,50,24750,买盘
794,10:28:09,4.95,0.0,265,131175,买盘
795,10:28:12,4.95,0.0,5,2475,买盘
796,10:28:15,4.95,0.0,32,15840,买盘
797,10:28:19,4.95,0.0,210,103950,买盘
798,10:28:27,4.95,0.0,293,145035,卖盘
799,10:28:46,4.95,0.0,20,9900,买盘
800,10:28:48,4.95,0.0,41,20295,买盘
801,10:28:51,4.95,0.0,81,40095,买盘
802,10:28:55,4.95,0.0,4,1980,买盘
803,10:29:01,4.95,0.0,2,990,买盘
804,10:29:04,4.95,0.0,5,2475,买盘
805,10:29:07,4.95,0.0,3,1485,买盘
806,10:29:09,4.95,0.0,1,495,买盘
807,10:29:12,4.95,0.0,11,5445,买盘
808,10:29:15,4.95,0.0,1,495,买盘
809,10:29:19,4.95,0.0,49,24255,买盘
810,10:29:22,4.95,0.0,4,1980,卖盘
811,10:29:27,4.95,0.0,10,4950,卖盘
812,10:29:37,4.95,0.0,3,1485,卖盘
813,10:29:40,4.95,0.0,100,49500,卖盘
814,10:29:43,4.95,0.0,9,4455,卖盘
815,10:29:45,4.95,0.0,2,990,卖盘
816,10:29:57,4.96,0.01,4,1984,买盘
817,10:30:04,4.95,-0.01,61,30195,卖盘
818,10:30:19,4.95,0.0,59,29205,卖盘
819,10:30:21,4.95,0.0,1,495,卖盘
820,10:30:31,4.95,0.0,2,990,卖盘
821,10:30:39,4.95,0.0,110,54450,卖盘
822,10:30:49,4.95,0.0,43,21298,卖盘
823,10:30:58,4.96,0.01,1,496,买盘
824,10:31:07,4.95,-0.01,21,10395,卖盘
825,10:31:18,4.96,0.01,20,9920,买盘
826,10:31:30,4.95,-0.01,55,27225,卖盘
827,10:31:42,4.95,0.0,3,1485,卖盘
828,10:31:49,4.95,0.0,79,39105,卖盘
829,10:31:58,4.95,0.0,30,14850,卖盘
830,10:32:01,4.96,0.01,5,2480,买盘
831,10:32:04,4.95,-0.01,6,2970,卖盘
832,10:32:07,4.95,0.0,67,33165,卖盘
833,10:32:15,4.95,0.0,44,21780,卖盘
834,10:32:22,4.95,0.0,500,247500,卖盘
835,10:32:25,4.95,0.0,7,3465,卖盘
836,10:32:39,4.95,0.0,4,1980,买盘
837,10:32:46,4.94,-0.01,35,17310,卖盘
838,10:32:51,4.95,0.01,44,21741,买盘
839,10:32:54,4.95,0.0,27,13365,买盘
840,10:32:57,4.94,-0.01,12,5928,卖盘
841,10:33:07,4.95,0.01,30,14850,买盘
842,10:33:25,4.95,0.0,17,8415,买盘
843,10:33:33,4.94,-0.01,53,26182,卖盘
844,10:33:39,4.95,0.01,100,49500,买盘
845,10:33:42,4.95,0.0,2,990,买盘
846,10:33:49,4.94,-0.01,50,24700,卖盘
847,10:33:51,4.95,0.01,1,495,买盘
848,10:33:58,4.94,-0.01,30,14820,卖盘
849,10:34:00,4.95,0.01,15,7425,买盘
850,10:34:13,4.94,-0.01,324,160056,卖盘
851,10:34:21,4.94,0.0,203,100282,卖盘
852,10:34:28,4.95,0.01,257,127215,买盘
853,10:34:39,4.94,-0.01,121,59774,卖盘
854,10:34:42,4.95,0.01,125,61875,买盘
855,10:34:45,4.94,-0.01,76,37544,卖盘
856,10:34:48,4.94,0.0,1,494,卖盘
857,10:34:51,4.94,0.0,69,34086,卖盘
858,10:35:00,4.94,0.0,32,15808,卖盘
859,10:35:09,4.94,0.0,8,3952,卖盘
860,10:35:19,4.95,0.01,141,69795,买盘
861,10:35:31,4.94,-0.01,51,25194,卖盘
862,10:35:34,4.94,0.0,4,1976,卖盘
863,10:35:42,4.94,0.0,156,77074,卖盘
864,10:35:48,4.94,0.0,9,4446,卖盘
865,10:36:04,4.94,0.0,5,2470,卖盘
866,10:36:12,4.94,0.0,2,988,卖盘
867,10:36:19,4.95,0.01,13,6424,买盘
868,10:36:24,4.94,-0.01,30,14820,卖盘
869,10:36:30,4.94,0.0,110,54340,卖盘
870,10:36:33,4.94,0.0,50,24700,卖盘
871,10:36:39,4.94,0.0,184,90896,卖盘
872,10:36:42,4.95,0.01,8,3960,买盘
873,10:36:54,4.94,-0.01,28,13832,卖盘
874,10:36:57,4.94,0.0,61,30134,卖盘
875,10:37:04,4.93,-0.01,23,11339,卖盘
876,10:37:12,4.93,0.0,50,24650,卖盘
877,10:37:15,4.94,0.01,8,3952,买盘
878,10:37:28,4.94,0.0,13,6422,买盘
879,10:37:30,4.94,0.0,8,3952,买盘
880,10:37:37,4.94,0.0,6,2964,买盘
881,10:37:43,4.94,0.0,16,7904,买盘
882,10:37:46,4.94,0.0,4,1976,买盘
883,10:37:49,4.94,0.0,23,11362,买盘
884,10:38:07,4.93,-0.01,63,31092,卖盘
885,10:38:16,4.93,0.0,116,57188,卖盘
886,10:38:19,4.93,0.0,84,41412,卖盘
887,10:38:21,4.93,0.0,176,86768,卖盘
888,10:38:25,4.93,0.0,1292,636956,卖盘
889,10:38:31,4.93,0.0,5,2465,买盘
890,10:38:34,4.92,-0.01,97,47724,卖盘
891,10:38:40,4.92,0.0,130,63960,卖盘
892,10:38:43,4.92,0.0,110,54120,卖盘
893,10:38:48,4.92,0.0,303,149076,卖盘
894,10:38:55,4.92,0.0,91,44772,卖盘
895,10:39:01,4.92,0.0,15,7380,卖盘
896,10:39:07,4.93,0.01,24,11832,买盘
897,10:39:09,4.92,-0.01,351,172716,卖盘
898,10:39:12,4.92,0.0,163,80212,卖盘
899,10:39:16,4.92,0.0,7,3444,卖盘
900,10:39:19,4.92,0.0,21,10333,卖盘
901,10:39:22,4.92,0.0,54,26568,卖盘
902,10:39:24,4.93,0.01,16,7888,买盘
903,10:39:28,4.93,0.0,621,305553,买盘
904,10:39:31,4.92,-0.01,60,29520,卖盘
905,10:39:33,4.92,0.0,18,8856,卖盘
906,10:39:51,4.92,0.0,5,2460,卖盘
907,10:39:54,4.92,0.0,52,25584,卖盘
908,10:40:01,4.92,0.0,80,39360,卖盘
909,10:40:04,4.93,0.01,6,2958,买盘
910,10:40:07,4.93,0.0,102,50284,买盘
911,10:40:12,4.92,-0.01,3,1476,卖盘
912,10:40:15,4.93,0.01,56,27608,买盘
913,10:40:19,4.92,-0.01,20,9840,卖盘
914,10:40:22,4.92,0.0,106,52158,卖盘
915,10:40:24,4.92,0.0,7,3444,卖盘
916,10:40:28,4.92,0.0,100,49200,卖盘
917,10:40:31,4.92,0.0,5,2460,卖盘
918,10:40:39,4.93,0.01,4,1972,买盘
919,10:40:42,4.93,0.0,54,26622,买盘
920,10:40:49,4.92,-0.01,1,492,卖盘
921,10:40:58,4.93,0.01,3,1479,买盘
922,10:41:06,4.93,0.0,28,13804,买盘
923,10:41:10,4.93,0.0,43,21199,买盘
924,10:41:13,4.93,0.0,1,493,买盘
925,10:41:16,4.93,0.0,14,6902,买盘
926,10:41:19,4.93,0.0,3,1479,买盘
927,10:41:22,4.93,0.0,6,2958,买盘
928,10:41:25,4.93,0.0,6,2958,买盘
929,10:41:28,4.93,0.0,29,14297,买盘
930,10:41:30,4.93,0.0,17,8381,买盘
931,10:41:34,4.93,0.0,8,3944,买盘
932,10:41:37,4.93,0.0,98,48314,买盘
933,10:41:40,4.92,-0.01,29,14270,卖盘
934,10:41:55,4.94,0.02,16,7904,买盘
935,10:42:01,4.94,0.0,200,98800,买盘
936,10:42:06,4.95,0.01,113,55870,买盘
937,10:42:10,4.93,-0.02,47,23181,卖盘
938,10:42:15,4.95,0.02,10,4950,买盘
939,10:42:24,4.94,-0.01,5,2470,卖盘
940,10:42:27,4.95,0.01,10,4950,买盘
941,10:42:34,4.95,0.0,50,24750,买盘
942,10:42:55,4.95,0.0,5,2475,买盘
943,10:43:07,4.94,-0.01,30,14829,卖盘
944,10:43:10,4.95,0.01,15,7425,买盘
945,10:43:13,4.95,0.0,2,990,买盘
946,10:43:16,4.95,0.0,10,4950,买盘
947,10:43:18,4.95,0.0,13,6435,买盘
948,10:43:24,4.94,-0.01,41,20254,卖盘
949,10:43:34,4.95,0.01,15,7425,买盘
950,10:43:40,4.95,0.0,9,4455,买盘
951,10:43:49,4.95,0.0,3,1485,买盘
952,10:43:52,4.95,0.0,20,9900,买盘
953,10:43:54,4.95,0.0,2,990,买盘
954,10:43:58,4.94,-0.01,70,34580,卖盘
955,10:44:04,4.94,0.0,5,2470,卖盘
956,10:44:06,4.95,0.01,1,495,买盘
957,10:44:15,4.94,-0.01,190,93860,卖盘
958,10:44:45,4.94,0.0,5,2470,卖盘
959,10:45:01,4.95,0.01,87,43047,买盘
960,10:45:04,4.95,0.0,599,296505,买盘
961,10:45:10,4.95,0.0,24,11880,卖盘
962,10:45:16,4.95,0.0,201,99495,卖盘
963,10:45:30,4.94,-0.01,27,13338,卖盘
964,10:45:37,4.95,0.01,3,1485,买盘
965,10:45:43,4.95,0.0,69,34155,买盘
966,10:45:46,4.95,0.0,11,5445,卖盘
967,10:45:49,4.95,0.0,8,3960,买盘
968,10:45:54,4.95,0.0,12,5940,买盘
969,10:46:06,4.95,0.0,1,495,卖盘
970,10:46:13,4.95,0.0,28,13860,卖盘
971,10:46:18,4.95,0.0,46,22770,卖盘
972,10:46:21,4.95,0.0,15,7425,卖盘
973,10:46:28,4.96,0.01,50,24800,买盘
974,10:46:43,4.96,0.0,259,128464,买盘
975,10:46:58,4.96,0.0,8,3968,买盘
976,10:47:09,4.96,0.0,10,4960,买盘
977,10:47:19,4.96,0.0,5,2480,买盘
978,10:47:22,4.95,-0.01,38,18810,卖盘
979,10:47:25,4.96,0.01,48,23796,买盘
980,10:47:33,4.96,0.0,30,14880,买盘
981,10:47:42,4.96,0.0,2,992,买盘
982,10:47:46,4.96,0.0,6,2976,买盘
983,10:47:48,4.96,0.0,31,15376,买盘
984,10:48:04,4.95,-0.01,485,240096,卖盘
985,10:48:12,4.95,0.0,6,2970,卖盘
986,10:48:27,4.95,0.0,53,26235,卖盘
987,10:48:39,4.95,0.0,3,1485,卖盘
988,10:48:42,4.95,0.0,5,2475,卖盘
989,10:49:04,4.95,0.0,65,32175,卖盘
990,10:49:06,4.95,0.0,17,8415,卖盘
991,10:49:09,4.95,0.0,108,53460,卖盘
992,10:49:13,4.95,0.0,19,9405,卖盘
993,10:49:24,4.95,0.0,10,4950,买盘
994,10:49:31,4.94,-0.01,24,11856,卖盘
995,10:49:36,4.95,0.01,35,17325,买盘
996,10:49:48,4.95,0.0,31,15345,买盘
997,10:49:51,4.95,0.0,40,19800,买盘
998,10:50:04,4.94,-0.01,121,59779,卖盘
999,10:50:09,4.95,0.01,17,8415,买盘
1000,10:50:12,4.95,0.0,74,36630,买盘
1001,10:50:21,4.95,0.0,220,108900,买盘
1002,10:50:28,4.95,0.0,14,6930,买盘
1003,10:50:31,4.95,0.0,24,11880,卖盘
1004,10:50:39,4.95,0.0,20,9900,卖盘
1005,10:50:42,4.95,0.0,58,28710,卖盘
1006,10:50:51,4.95,0.0,50,24750,卖盘
1007,10:50:55,4.95,0.0,10,4950,卖盘
1008,10:51:12,4.96,0.01,146,72414,买盘
1009,10:51:24,4.95,-0.01,71,35145,卖盘
1010,10:51:31,4.95,0.0,26,12870,买盘
1011,10:51:39,4.95,0.0,33,16314,买盘
1012,10:51:52,4.95,0.0,10,4950,买盘
1013,10:51:57,4.95,0.0,10,4950,买盘
1014,10:52:04,4.95,0.0,17,8415,买盘
1015,10:52:21,4.95,0.0,30,14850,买盘
1016,10:52:31,4.95,0.0,62,30690,买盘
1017,10:52:33,4.95,0.0,16,7920,买盘
1018,10:52:46,4.95,0.0,20,9900,买盘
1019,10:52:52,4.94,-0.01,9,4446,卖盘
1020,10:52:54,4.94,0.0,21,10374,卖盘
1021,10:53:18,4.95,0.01,5,2475,买盘
1022,10:53:21,4.94,-0.01,40,19760,卖盘
1023,10:53:31,4.95,0.01,17,8415,买盘
1024,10:54:04,4.95,0.0,63,31185,买盘
1025,10:54:07,4.95,0.0,30,14850,买盘
1026,10:54:13,4.94,-0.01,8,3952,卖盘
1027,10:54:28,4.95,0.01,29,14355,买盘
1028,10:54:42,4.94,-0.01,1000,494000,卖盘
1029,10:54:46,4.94,0.0,3,1482,卖盘
1030,10:54:49,4.95,0.01,25,12375,买盘
1031,10:54:51,4.94,-0.01,6,2964,卖盘
1032,10:55:01,4.94,0.0,2,988,卖盘
1033,10:55:04,4.94,0.0,235,116090,卖盘
1034,10:55:07,4.94,0.0,22,10868,卖盘
1035,10:55:09,4.94,0.0,1,494,卖盘
1036,10:55:21,4.94,0.0,10,4940,卖盘
1037,10:55:27,4.94,0.0,81,40014,卖盘
1038,10:55:36,4.94,0.0,10,4940,卖盘
1039,10:55:51,4.94,0.0,63,31122,卖盘
1040,10:55:54,4.94,0.0,70,34580,卖盘
1041,10:56:04,4.94,0.0,6,2964,卖盘
1042,10:56:18,4.94,0.0,3,1482,卖盘
1043,10:56:30,4.94,0.0,5,2470,卖盘
1044,10:57:04,4.94,0.0,5,2470,卖盘
1045,10:57:16,4.95,0.01,50,24750,买盘
1046,10:57:27,4.94,-0.01,70,34580,卖盘
1047,10:57:45,4.94,0.0,50,24700,卖盘
1048,10:57:52,4.94,0.0,8,3952,卖盘
1049,10:58:06,4.95,0.01,10,4950,买盘
1050,10:58:24,4.94,-0.01,200,98800,卖盘
1051,10:58:36,4.94,0.0,50,24700,卖盘
1052,10:58:39,4.94,0.0,8,3952,卖盘
1053,10:58:48,4.94,0.0,9,4446,卖盘
1054,10:58:58,4.95,0.01,8,3960,买盘
1055,10:59:12,4.95,0.0,7,3465,买盘
1056,10:59:16,4.95,0.0,12,5940,买盘
1057,10:59:33,4.95,0.0,10,4950,买盘
1058,10:59:54,4.94,-0.01,201,99340,卖盘
1059,10:59:57,4.95,0.01,15,7420,买盘
1060,11:00:04,4.95,0.0,3,1485,买盘
1061,11:00:15,4.94,-0.01,22,10868,卖盘
1062,11:00:21,4.94,0.0,2,988,卖盘
1063,11:00:39,4.94,0.0,30,14820,卖盘
1064,11:01:01,4.94,0.0,30,14820,卖盘
1065,11:01:12,4.93,-0.01,500,246906,卖盘
1066,11:02:24,4.94,0.01,1,494,卖盘
1067,11:02:30,4.95,0.01,9,4450,买盘
1068,11:02:45,4.95,0.0,52,25740,买盘
1069,11:02:48,4.95,0.0,101,49995,买盘
1070,11:03:09,4.94,-0.01,1,494,卖盘
1071,11:03:18,4.94,0.0,65,32110,卖盘
1072,11:03:22,4.94,0.0,25,12350,卖盘
1073,11:03:39,4.94,0.0,6,2964,卖盘
1074,11:03:43,4.95,0.01,17,8415,买盘
1075,11:03:48,4.94,-0.01,1,494,卖盘
1076,11:03:54,4.95,0.01,10,4950,买盘
1077,11:03:57,4.95,0.0,15,7425,买盘
1078,11:04:04,4.95,0.0,50,24750,买盘
1079,11:04:16,4.95,0.0,10,4950,买盘
1080,11:04:22,4.95,0.0,1,495,买盘
1081,11:04:37,4.95,0.0,167,82665,买盘
1082,11:04:48,4.95,0.0,57,28215,买盘
1083,11:04:58,4.94,-0.01,16,7904,卖盘
1084,11:05:01,4.95,0.01,10,4950,买盘
1085,11:05:34,4.95,0.0,30,14850,买盘
1086,11:05:48,4.95,0.0,49,24255,买盘
1087,11:05:54,4.95,0.0,1,495,买盘
1088,11:06:00,4.95,0.0,118,58339,买盘
1089,11:06:04,4.94,-0.01,50,24700,卖盘
1090,11:06:09,4.95,0.01,15,7425,买盘
1091,11:06:27,4.95,0.0,12,5940,买盘
1092,11:06:30,4.94,-0.01,9,4446,卖盘
1093,11:06:33,4.95,0.01,2,990,买盘
1094,11:06:36,4.94,-0.01,3,1482,卖盘
1095,11:06:39,4.94,0.0,19,9386,卖盘
1096,11:06:52,4.94,0.0,888,438672,卖盘
1097,11:06:55,4.94,0.0,17,8398,买盘
1098,11:07:01,4.94,0.0,1,494,买盘
1099,11:07:07,4.93,-0.01,21,10353,卖盘
1100,11:07:12,4.94,0.01,96,47365,买盘
1101,11:07:21,4.93,-0.01,31,15283,卖盘
1102,11:07:24,4.93,0.0,16,7902,卖盘
1103,11:07:27,4.93,0.0,72,35496,卖盘
1104,11:07:33,4.93,0.0,2,986,卖盘
1105,11:07:52,4.93,0.0,38,18734,卖盘
1106,11:07:57,4.94,0.01,22,10868,买盘
1107,11:08:01,4.93,-0.01,1685,830705,卖盘
1108,11:08:12,4.93,0.0,1,493,买盘
1109,11:08:15,4.93,0.0,1,493,买盘
1110,11:08:18,4.93,0.0,10,4930,买盘
1111,11:08:24,4.93,0.0,215,105795,买盘
1112,11:08:33,4.93,0.0,109,53737,买盘
1113,11:08:39,4.93,0.0,206,101557,买盘
1114,11:08:42,4.93,0.0,64,31552,买盘
1115,11:08:48,4.93,0.0,66,32538,卖盘
1116,11:08:51,4.93,0.0,11,5423,买盘
1117,11:08:54,4.93,0.0,40,19720,买盘
1118,11:09:04,4.93,0.0,30,14770,买盘
1119,11:09:07,4.92,-0.01,5,2460,卖盘
1120,11:09:18,4.92,0.0,658,323736,卖盘
1121,11:09:24,4.93,0.01,42,20686,买盘
1122,11:09:34,4.93,0.0,21,10353,买盘
1123,11:09:36,4.92,-0.01,50,24600,卖盘
1124,11:09:45,4.92,0.0,23,11316,卖盘
1125,11:09:51,4.92,0.0,34,16728,卖盘
1126,11:09:54,4.92,0.0,6,2952,卖盘
1127,11:10:00,4.93,0.01,10,4930,买盘
1128,11:10:04,4.92,-0.01,19,9348,卖盘
1129,11:10:06,4.92,0.0,88,43296,卖盘
1130,11:10:15,4.93,0.01,2245,1104785,买盘
1131,11:10:18,4.93,0.0,10,4930,买盘
1132,11:10:24,4.93,0.0,10,4930,买盘
1133,11:10:28,4.93,0.0,39,19227,买盘
1134,11:10:42,4.92,-0.01,70,34460,卖盘
1135,11:10:45,4.92,0.0,516,253891,卖盘
1136,11:10:51,4.92,0.0,98,48216,买盘
1137,11:10:54,4.92,0.0,38,18696,买盘
1138,11:10:57,4.92,0.0,2,984,买盘
1139,11:11:01,4.92,0.0,92,45264,买盘
1140,11:11:06,4.92,0.0,122,60024,买盘
1141,11:11:12,4.92,0.0,3,1476,买盘
1142,11:11:15,4.92,0.0,248,121811,买盘
1143,11:11:21,4.92,0.0,54,26568,买盘
1144,11:11:24,4.92,0.0,19,9348,买盘
1145,11:11:31,4.92,0.0,32,15744,买盘
1146,11:11:42,4.92,0.0,13,6396,卖盘
1147,11:11:46,4.93,0.01,2,986,买盘
1148,11:11:49,4.92,-0.01,140,68880,卖盘
1149,11:11:51,4.92,0.0,15,7380,卖盘
1150,11:11:54,4.92,0.0,1,492,买盘
1151,11:11:57,4.92,0.0,10,4920,买盘
1152,11:12:06,4.91,-0.01,2,982,卖盘
1153,11:12:13,4.91,0.0,2,982,卖盘
1154,11:12:18,4.91,0.0,31,15223,卖盘
1155,11:12:22,4.92,0.01,50,24600,买盘
1156,11:12:24,4.91,-0.01,35,17196,卖盘
1157,11:12:33,4.91,0.0,1860,913260,卖盘
1158,11:12:36,4.91,0.0,86,42246,卖盘
1159,11:12:40,4.91,0.0,22,10802,卖盘
1160,11:12:45,4.91,0.0,654,321114,卖盘
1161,11:12:52,4.91,0.0,1,491,卖盘
1162,11:12:54,4.91,0.0,1,491,卖盘
1163,11:13:04,4.91,0.0,19,9342,卖盘
1164,11:13:06,4.91,0.0,27,13257,卖盘
1165,11:13:12,4.91,0.0,33,16203,卖盘
1166,11:13:15,4.91,0.0,60,29460,卖盘
1167,11:13:18,4.91,0.0,55,27005,卖盘
1168,11:13:24,4.91,0.0,12,5892,卖盘
1169,11:13:36,4.91,0.0,1,491,卖盘
1170,11:13:45,4.91,0.0,51,25041,卖盘
1171,11:13:48,4.91,0.0,253,124223,卖盘
1172,11:13:51,4.91,0.0,30,14730,买盘
1173,11:13:54,4.91,0.0,23,11293,买盘
1174,11:13:57,4.91,0.0,32,15712,买盘
1175,11:14:00,4.91,0.0,17,8347,买盘
1176,11:14:04,4.91,0.0,69,33879,买盘
1177,11:14:06,4.91,0.0,34,16694,买盘
1178,11:14:09,4.91,0.0,30,14727,买盘
1179,11:14:15,4.91,0.0,229,112439,买盘
1180,11:14:18,4.91,0.0,21,10311,买盘
1181,11:14:21,4.91,0.0,80,39280,卖盘
1182,11:14:24,4.9,-0.01,348,170552,卖盘
1183,11:14:30,4.91,0.01,16,7856,卖盘
1184,11:14:39,4.91,0.0,75,36825,卖盘
1185,11:14:45,4.91,0.0,20,9820,卖盘
1186,11:14:48,4.91,0.0,85,41735,卖盘
1187,11:14:54,4.92,0.01,31,15226,买盘
1188,11:14:57,4.91,-0.01,92,45172,卖盘
1189,11:15:06,4.92,0.01,795,391140,买盘
1190,11:15:10,4.92,0.0,8,3936,卖盘
1191,11:15:12,4.92,0.0,92,45264,卖盘
1192,11:15:30,4.92,0.0,111,54612,卖盘
1193,11:15:33,4.92,0.0,10,4920,买盘
1194,11:15:36,4.92,0.0,11,5412,买盘
1195,11:15:42,4.92,0.0,123,60398,买盘
1196,11:15:45,4.92,0.0,80,39360,买盘
1197,11:15:55,4.92,0.0,28,13776,买盘
1198,11:15:57,4.92,0.0,76,37392,买盘
1199,11:16:00,4.92,0.0,9,4428,买盘
1200,11:16:06,4.91,-0.01,83,40794,卖盘
1201,11:16:09,4.92,0.01,135,66420,买盘
1202,11:16:21,4.9,-0.02,1829,896665,卖盘
1203,11:16:24,4.92,0.02,100,49200,买盘
1204,11:16:27,4.92,0.0,4,1968,买盘
1205,11:16:33,4.94,0.02,1994,984202,买盘
1206,11:16:39,4.94,0.0,6,2964,卖盘
1207,11:16:48,4.94,0.0,20,9880,买盘
1208,11:17:12,4.92,-0.02,57,28044,卖盘
1209,11:17:24,4.92,0.0,32,15744,卖盘
1210,11:17:36,4.93,0.01,1,493,买盘
1211,11:17:39,4.93,0.0,1,493,买盘
1212,11:17:45,4.93,0.0,16,7888,买盘
1213,11:17:54,4.93,0.0,9,4437,卖盘
1214,11:17:57,4.93,0.0,1,493,买盘
1215,11:18:01,4.93,0.0,1,493,买盘
1216,11:18:15,4.93,0.0,26,12818,买盘
1217,11:18:24,4.92,-0.01,4,1968,卖盘
1218,11:18:33,4.93,0.01,20,9860,买盘
1219,11:18:36,4.92,-0.01,34,16728,卖盘
1220,11:19:06,4.92,0.0,21,10332,卖盘
1221,11:19:27,4.96,0.04,3020,1492418,买盘
1222,11:19:30,4.92,-0.04,2,984,卖盘
1223,11:19:42,4.92,0.0,20,9850,卖盘
1224,11:19:45,4.93,0.01,1,493,买盘
1225,11:19:48,4.93,0.0,15,7395,买盘
1226,11:19:51,4.93,0.0,39,19227,买盘
1227,11:19:54,4.93,0.0,12,5916,买盘
1228,11:19:57,4.93,0.0,11,5423,买盘
1229,11:20:00,4.93,0.0,22,10846,买盘
1230,11:20:04,4.93,0.0,29,14297,买盘
1231,11:20:06,4.93,0.0,148,72964,买盘
1232,11:20:09,4.93,0.0,38,18734,买盘
1233,11:20:12,4.93,0.0,6,2958,买盘
1234,11:20:15,4.93,0.0,1,493,买盘
1235,11:20:19,4.93,0.0,155,76415,买盘
1236,11:20:21,4.93,0.0,40,19720,买盘
1237,11:20:39,4.96,0.03,49,24304,买盘
1238,11:20:48,4.96,0.0,10,4960,买盘
1239,11:20:54,4.96,0.0,6,2976,买盘
1240,11:21:04,4.94,-0.02,51,25294,卖盘
1241,11:21:27,4.93,-0.01,190,93835,卖盘
1242,11:21:39,4.96,0.03,2,992,买盘
1243,11:21:45,4.96,0.0,26,12896,买盘
1244,11:22:06,4.95,-0.01,5,2475,买盘
1245,11:22:27,4.95,0.0,50,24750,买盘
1246,11:22:33,4.96,0.01,88,43632,买盘
1247,11:22:42,4.96,0.0,109,53944,买盘
1248,11:22:57,4.96,0.0,900,446255,买盘
1249,11:23:12,4.96,0.0,163,81092,买盘
1250,11:23:15,4.94,-0.02,69,34171,卖盘
1251,11:23:51,4.95,0.01,74,36630,买盘
1252,11:23:54,4.96,0.01,205,101654,买盘
1253,11:24:04,4.94,-0.02,58,28652,卖盘
1254,11:24:31,4.94,0.0,10,4940,卖盘
1255,11:24:40,4.95,0.01,21,10394,买盘
1256,11:24:42,4.95,0.0,1,495,卖盘
1257,11:25:00,4.95,0.0,3,1485,买盘
1258,11:25:07,4.95,0.0,2,990,买盘
1259,11:25:10,4.95,0.0,5,2475,买盘
1260,11:25:12,4.95,0.0,6,2970,买盘
1261,11:25:18,4.94,-0.01,45,22230,卖盘
1262,11:25:36,4.95,0.01,10,4950,买盘
1263,11:25:42,4.94,-0.01,5,2470,卖盘
1264,11:25:48,4.94,0.0,91,44954,卖盘
1265,11:25:57,4.95,0.01,60,29700,买盘
1266,11:26:04,4.94,-0.01,27,13338,卖盘
1267,11:26:09,4.94,0.0,154,76076,卖盘
1268,11:26:15,4.94,0.0,1,237,买盘
1269,11:26:21,4.94,0.0,1,751,买盘
1270,11:26:25,4.94,0.0,11,5434,卖盘
1271,11:26:39,4.94,0.0,10,4940,卖盘
1272,11:26:54,4.94,0.0,2,731,卖盘
1273,11:27:04,4.93,-0.01,8,3944,卖盘
1274,11:27:06,4.93,0.0,40,19720,卖盘
1275,11:27:21,4.93,0.0,20,9860,卖盘
1276,11:27:42,4.93,0.0,5,2465,卖盘
1277,11:27:54,4.94,0.01,1,494,买盘
1278,11:27:58,4.93,-0.01,500,246500,卖盘
1279,11:28:01,4.94,0.01,30,14820,买盘
1280,11:28:06,4.93,-0.01,140,69020,卖盘
1281,11:28:13,4.94,0.01,20,9880,买盘
1282,11:28:24,4.93,-0.01,94,46342,卖盘
1283,11:28:33,4.94,0.01,10,4940,买盘
1284,11:28:42,4.94,0.0,5,2470,买盘
1285,11:28:57,4.93,-0.01,175,86531,卖盘
1286,11:29:07,4.94,0.01,5,2470,买盘
1287,11:29:30,4.93,-0.01,2,986,卖盘
1288,11:29:51,4.94,0.01,6,2964,买盘
1289,11:30:01,4.93,-0.01,11,5423,卖盘
1290,13:00:05,4.92,-0.01,828,407603,卖盘
1291,13:00:07,4.92,0.0,77,37900,卖盘
1292,13:00:15,4.92,0.0,7,3444,卖盘
1293,13:00:28,4.91,-0.01,800,393049,卖盘
1294,13:00:37,4.9,-0.01,2088,1024349,卖盘
1295,13:00:45,4.9,0.0,4,1960,卖盘
1296,13:00:49,4.9,0.0,42,20580,卖盘
1297,13:00:54,4.9,0.0,59,28910,卖盘
1298,13:01:00,4.9,0.0,10,4900,卖盘
1299,13:01:04,4.9,0.0,80,39200,卖盘
1300,13:01:07,4.9,0.0,33,16170,卖盘
1301,13:01:15,4.9,0.0,18,8820,卖盘
1302,13:01:21,4.9,0.0,200,98034,卖盘
1303,13:01:24,4.9,0.0,200,98000,卖盘
1304,13:01:39,4.9,0.0,619,303330,卖盘
1305,13:01:42,4.91,0.01,10,4910,买盘
1306,13:01:48,4.9,-0.01,120,58830,卖盘
1307,13:01:51,4.9,0.0,17,8330,卖盘
1308,13:01:57,4.91,0.01,28,13748,买盘
1309,13:02:06,4.91,0.0,1,491,买盘
1310,13:02:15,4.91,0.0,10,4910,买盘
1311,13:02:18,4.91,0.0,52,25532,买盘
1312,13:02:24,4.91,0.0,10,4910,买盘
1313,13:02:33,4.91,0.0,20,9820,卖盘
1314,13:02:42,4.91,0.0,43,21113,卖盘
1315,13:02:51,4.91,0.0,11,5405,卖盘
1316,13:03:00,4.91,0.0,2,982,买盘
1317,13:03:04,4.91,0.0,17,8347,卖盘
1318,13:03:15,4.91,0.0,31,15221,卖盘
1319,13:03:21,4.91,0.0,15,7365,卖盘
1320,13:03:31,4.91,0.0,6,2946,买盘
1321,13:03:33,4.91,0.0,10,4910,买盘
1322,13:03:37,4.91,0.0,52,25532,买盘
1323,13:03:42,4.91,0.0,15,7365,买盘
1324,13:03:45,4.9,-0.01,1,490,卖盘
1325,13:03:48,4.91,0.01,10,4910,买盘
1326,13:03:51,4.9,-0.01,180,88200,卖盘
1327,13:03:54,4.9,0.0,30,14700,卖盘
1328,13:04:04,4.91,0.01,10,4910,买盘
1329,13:04:07,4.91,0.0,5,2455,买盘
1330,13:04:12,4.91,0.0,5,2455,卖盘
1331,13:04:15,4.9,-0.01,75,36750,卖盘
1332,13:04:18,4.91,0.01,11,5401,买盘
1333,13:04:24,4.9,-0.01,191,93590,卖盘
1334,13:04:36,4.9,0.0,38,18620,卖盘
1335,13:04:39,4.9,0.0,18,8820,卖盘
1336,13:04:42,4.91,0.01,48,23563,买盘
1337,13:04:48,4.91,0.0,6,2946,卖盘
1338,13:04:54,4.92,0.01,316,155472,买盘
1339,13:04:57,4.92,0.0,8,3936,卖盘
1340,13:05:04,4.93,0.01,114,56458,买盘
1341,13:05:09,4.93,0.0,10,4930,卖盘
1342,13:05:24,4.93,0.0,56,27352,卖盘
1343,13:05:30,4.93,0.0,1,493,买盘
1344,13:05:42,4.93,0.0,5,2465,买盘
1345,13:05:54,4.93,0.0,9,4434,买盘
1346,13:05:57,4.92,-0.01,1,492,卖盘
1347,13:06:07,4.93,0.01,85,41905,买盘
1348,13:06:30,4.92,-0.01,15,7380,卖盘
1349,13:06:39,4.92,0.0,145,71340,卖盘
1350,13:06:45,4.92,0.0,10,4920,买盘
1351,13:06:57,4.92,0.0,1,492,买盘
1352,13:07:00,4.92,0.0,1,492,买盘
1353,13:07:03,4.92,0.0,1,492,买盘
1354,13:07:06,4.91,-0.01,11,5402,卖盘
1355,13:07:16,4.92,0.01,30,14760,买盘
1356,13:07:27,4.92,0.0,32,15739,买盘
1357,13:07:39,4.92,0.0,108,53056,买盘
1358,13:07:45,4.91,-0.01,79,39044,卖盘
1359,13:07:48,4.91,0.0,48,23568,卖盘
1360,13:07:52,4.91,0.0,10,4910,卖盘
1361,13:07:58,4.91,0.0,50,24550,卖盘
1362,13:08:12,4.92,0.01,20,9840,买盘
1363,13:08:16,4.91,-0.01,7,3437,卖盘
1364,13:08:18,4.92,0.01,20,9840,买盘
1365,13:08:27,4.92,0.0,16,7872,买盘
1366,13:08:37,4.92,0.0,24,11808,卖盘
1367,13:08:39,4.92,0.0,62,30504,卖盘
1368,13:08:42,4.92,0.0,50,24600,买盘
1369,13:08:51,4.92,0.0,4,1968,买盘
1370,13:08:54,4.92,0.0,3,1476,卖盘
1371,13:09:04,4.92,0.0,22,10824,卖盘
1372,13:09:12,4.92,0.0,10,4920,买盘
1373,13:09:15,4.92,0.0,1,492,买盘
1374,13:09:24,4.91,-0.01,47,23077,卖盘
1375,13:09:36,4.91,0.0,25,12275,卖盘
1376,13:09:40,4.92,0.01,2,984,买盘
1377,13:09:45,4.91,-0.01,167,81997,卖盘
1378,13:09:51,4.91,0.0,100,49100,卖盘
1379,13:09:54,4.91,0.0,23,11038,卖盘
1380,13:09:57,4.91,0.0,37,18422,买盘
1381,13:10:21,4.92,0.01,50,24600,买盘
1382,13:10:25,4.91,-0.01,43,21113,卖盘
1383,13:10:28,4.91,0.0,20,9820,卖盘
1384,13:10:39,4.91,0.0,4,1964,卖盘
1385,13:10:46,4.91,0.0,4,1964,卖盘
1386,13:10:48,4.91,0.0,60,29460,卖盘
1387,13:10:52,4.91,0.0,20,9820,卖盘
1388,13:10:54,4.91,0.0,3,1473,卖盘
1389,13:11:04,4.91,0.0,51,25041,卖盘
1390,13:11:06,4.91,0.0,5,2455,卖盘
1391,13:11:12,4.91,0.0,9,4419,卖盘
1392,13:11:24,4.91,0.0,121,59511,卖盘
1393,13:11:36,4.91,0.0,100,49100,卖盘
1394,13:11:39,4.91,0.0,10,4910,卖盘
1395,13:11:42,4.91,0.0,12,5892,卖盘
1396,13:11:45,4.91,0.0,36,17676,卖盘
1397,13:11:48,4.91,0.0,35,17185,卖盘
1398,13:11:57,4.91,0.0,21,10311,卖盘
1399,13:12:00,4.91,0.0,20,9565,卖盘
1400,13:12:06,4.9,-0.01,23,11272,卖盘
1401,13:12:09,4.91,0.01,8,4183,买盘
1402,13:12:12,4.9,-0.01,69,33827,卖盘
1403,13:12:24,4.92,0.02,20,9840,买盘
1404,13:12:33,4.91,-0.01,22,10781,买盘
1405,13:12:37,4.91,0.0,11,5401,买盘
1406,13:12:39,4.91,0.0,1,491,买盘
1407,13:12:42,4.91,0.0,1,491,买盘
1408,13:12:45,4.91,0.0,6,2946,买盘
1409,13:12:58,4.91,0.0,12,5894,卖盘
1410,13:13:01,4.91,0.0,2,982,买盘
1411,13:13:04,4.91,0.0,1,491,买盘
1412,13:13:07,4.91,0.0,1,491,买盘
1413,13:13:09,4.91,0.0,1,491,买盘
1414,13:13:13,4.91,0.0,40,19607,买盘
1415,13:13:25,4.91,0.0,20,9820,卖盘
1416,13:13:33,4.91,0.0,100,49100,卖盘
1417,13:13:37,4.92,0.01,200,98400,买盘
1418,13:13:46,4.92,0.0,30,14760,买盘
1419,13:13:48,4.92,0.0,60,29510,买盘
1420,13:13:54,4.91,-0.01,12,5892,卖盘
1421,13:14:12,4.91,0.0,35,17185,卖盘
1422,13:14:16,4.91,0.0,10,4910,卖盘
1423,13:14:18,4.92,0.01,20,9840,买盘
1424,13:14:24,4.91,-0.01,27,13257,卖盘
1425,13:14:28,4.92,0.01,152,74779,买盘
1426,13:14:42,4.93,0.01,60,29580,买盘
1427,13:15:16,4.92,-0.01,548,269616,卖盘
1428,13:15:27,4.92,0.0,2,984,卖盘
1429,13:15:36,4.92,0.0,5,2460,卖盘
1430,13:15:39,4.93,0.01,20,9860,买盘
1431,13:15:42,4.93,0.0,3,1479,买盘
1432,13:15:48,4.92,-0.01,33,16236,卖盘
1433,13:15:51,4.92,0.0,1,492,卖盘
1434,13:16:15,4.92,0.0,1,492,卖盘
1435,13:16:18,4.93,0.01,1,493,买盘
1436,13:16:45,4.93,0.0,1,493,买盘
1437,13:16:51,4.93,0.0,5,2465,买盘
1438,13:16:54,4.93,0.0,10,4930,买盘
1439,13:16:57,4.93,0.0,95,46835,买盘
1440,13:17:09,4.93,0.0,10,4930,买盘
1441,13:17:15,4.92,-0.01,87,42804,卖盘
1442,13:17:39,4.93,0.01,5,2465,买盘
1443,13:17:42,4.93,0.0,10,4930,买盘
1444,13:17:48,4.93,0.0,2,986,买盘
1445,13:18:06,4.93,0.0,25,12325,买盘
1446,13:18:12,4.93,0.0,8,3944,买盘
1447,13:18:18,4.93,0.0,22,10846,买盘
1448,13:18:24,4.92,-0.01,10,4920,卖盘
1449,13:18:33,4.92,0.0,18,8856,卖盘
1450,13:18:45,4.92,0.0,26,12792,卖盘
1451,13:18:51,4.9,-0.02,2418,1187268,卖盘
1452,13:19:13,4.9,0.0,407,199430,卖盘
1453,13:19:18,4.92,0.02,100,49200,买盘
1454,13:19:24,4.91,-0.01,8,3928,买盘
1455,13:19:27,4.91,0.0,1,491,买盘
1456,13:19:30,4.9,-0.01,436,213641,卖盘
1457,13:19:33,4.91,0.01,4,1964,买盘
1458,13:19:45,4.91,0.0,202,99182,卖盘
1459,13:19:51,4.91,0.0,15,7365,卖盘
1460,13:19:57,4.91,0.0,15,7365,卖盘
1461,13:20:04,4.91,0.0,28,13748,卖盘
1462,13:20:16,4.91,0.0,34,16694,卖盘
1463,13:20:18,4.92,0.01,283,139236,买盘
1464,13:20:27,4.92,0.0,16,7872,卖盘
1465,13:20:39,4.93,0.01,682,336226,买盘
1466,13:20:42,4.92,-0.01,76,37410,卖盘
1467,13:20:46,4.92,0.0,10,4920,卖盘
1468,13:21:04,4.92,0.0,20,9840,卖盘
1469,13:21:12,4.93,0.01,191,94163,买盘
1470,13:21:24,4.93,0.0,50,24650,卖盘
1471,13:21:30,4.93,0.0,2,986,卖盘
1472,13:21:36,4.93,0.0,69,34017,卖盘
1473,13:21:48,4.92,-0.01,10,4920,卖盘
1474,13:21:51,4.93,0.01,159,78387,买盘
1475,13:22:00,4.93,0.0,232,114376,卖盘
1476,13:22:21,4.93,0.0,26,12818,卖盘
1477,13:22:24,4.93,0.0,26,12818,卖盘
1478,13:22:42,4.93,0.0,209,103037,买盘
1479,13:22:57,4.93,0.0,276,136068,买盘
1480,13:23:04,4.93,0.0,24,11832,卖盘
1481,13:23:12,4.93,0.0,305,150365,买盘
1482,13:23:18,4.92,-0.01,21,10332,卖盘
1483,13:23:21,4.92,0.0,10,4920,卖盘
1484,13:23:30,4.92,0.0,19,9348,卖盘
1485,13:23:33,4.93,0.01,117,57681,买盘
1486,13:23:36,4.93,0.0,70,34510,卖盘
1487,13:23:46,4.93,0.0,10,4930,卖盘
1488,13:23:48,4.93,0.0,3,1479,卖盘
1489,13:24:01,4.92,-0.01,4,1968,卖盘
1490,13:24:07,4.92,0.0,22,10824,卖盘
1491,13:24:12,4.92,0.0,19,9348,卖盘
1492,13:24:18,4.92,0.0,43,21156,卖盘
1493,13:24:24,4.94,0.02,1413,697984,买盘
1494,13:24:27,4.94,0.0,5,2470,卖盘
1495,13:24:51,4.94,0.0,5,2470,卖盘
1496,13:24:57,4.93,-0.01,5,2465,卖盘
1497,13:25:09,4.93,0.0,23,11339,买盘
1498,13:25:15,4.93,0.0,19,9367,买盘
1499,13:25:18,4.93,0.0,2,986,买盘
1500,13:25:30,4.93,0.0,49,24157,买盘
1501,13:25:36,4.93,0.0,23,11339,卖盘
1502,13:25:39,4.93,0.0,22,10846,卖盘
1503,13:25:46,4.93,0.0,12,5916,卖盘
1504,13:26:01,4.93,0.0,200,98600,卖盘
1505,13:26:06,4.93,0.0,58,28594,卖盘
1506,13:26:19,4.93,0.0,60,29580,卖盘
1507,13:26:22,4.93,0.0,72,35496,卖盘
1508,13:26:24,4.93,0.0,1,493,卖盘
1509,13:26:27,4.93,0.0,5,2465,买盘
1510,13:26:30,4.92,-0.01,222,109224,卖盘
1511,13:26:33,4.92,0.0,1,492,买盘
1512,13:26:36,4.92,0.0,1,492,买盘
1513,13:26:39,4.92,0.0,33,16236,买盘
1514,13:26:43,4.91,-0.01,9,4422,卖盘
1515,13:26:46,4.92,0.01,3,1476,买盘
1516,13:26:49,4.92,0.0,3,1476,买盘
1517,13:26:51,4.92,0.0,11,5412,买盘
1518,13:26:58,4.92,0.0,4,1968,买盘
1519,13:27:04,4.91,-0.01,15,7365,卖盘
1520,13:27:18,4.91,0.0,57,27994,卖盘
1521,13:27:22,4.92,0.01,10,4920,买盘
1522,13:27:43,4.91,-0.01,10,4910,卖盘
1523,13:28:04,4.91,0.0,18,8838,卖盘
1524,13:28:10,4.91,0.0,61,29951,卖盘
1525,13:28:12,4.91,0.0,20,9820,卖盘
1526,13:28:16,4.92,0.01,21,10332,买盘
1527,13:28:18,4.92,0.0,64,31474,买盘
1528,13:28:31,4.91,-0.01,1,491,卖盘
1529,13:28:40,4.91,0.0,3,1473,卖盘
1530,13:28:46,4.91,0.0,20,9820,卖盘
1531,13:28:54,4.91,0.0,40,19640,卖盘
1532,13:29:04,4.91,0.0,192,94272,卖盘
1533,13:29:07,4.91,0.0,50,24550,卖盘
1534,13:29:10,4.91,0.0,612,300492,卖盘
1535,13:29:16,4.91,0.0,2,982,卖盘
1536,13:29:18,4.91,0.0,106,52046,卖盘
1537,13:29:22,4.91,0.0,5,2455,卖盘
1538,13:29:24,4.91,0.0,217,106547,卖盘
1539,13:29:34,4.91,0.0,20,9820,卖盘
1540,13:29:37,4.91,0.0,91,44681,卖盘
1541,13:29:42,4.9,-0.01,20,9800,卖盘
1542,13:29:46,4.9,0.0,15,7350,卖盘
1543,13:29:51,4.9,0.0,1,490,卖盘
1544,13:29:55,4.91,0.01,28,13740,买盘
1545,13:30:09,4.9,-0.01,11,5400,卖盘
1546,13:30:12,4.91,0.01,10,4910,买盘
1547,13:30:22,4.91,0.0,1,491,买盘
1548,13:30:27,4.91,0.0,11,5401,买盘
1549,13:30:31,4.91,0.0,5,2455,买盘
1550,13:30:34,4.91,0.0,176,86416,买盘
1551,13:30:37,4.9,-0.01,51,25011,卖盘
1552,13:30:40,4.9,0.0,5,2450,卖盘
1553,13:30:43,4.9,0.0,10,4900,卖盘
1554,13:30:46,4.9,0.0,139,68110,卖盘
1555,13:30:52,4.91,0.01,5,2455,买盘
1556,13:30:54,4.9,-0.01,45,22050,卖盘
1557,13:31:01,4.91,0.01,2,982,买盘
1558,13:31:04,4.91,0.0,38,18658,买盘
1559,13:31:07,4.9,-0.01,10,4900,卖盘
1560,13:31:10,4.9,0.0,21,10290,卖盘
1561,13:31:13,4.9,0.0,5,2450,卖盘
1562,13:31:19,4.9,0.0,8,3920,卖盘
1563,13:31:25,4.9,0.0,21,10290,卖盘
1564,13:31:28,4.91,0.01,60,29460,买盘
1565,13:31:31,4.9,-0.01,336,164670,卖盘
1566,13:31:33,4.9,0.0,24,11760,卖盘
1567,13:31:36,4.9,0.0,10,4900,卖盘
1568,13:31:40,4.91,0.01,20,9802,买盘
1569,13:31:49,4.9,-0.01,3,1470,卖盘
1570,13:31:55,4.9,0.0,37,18130,卖盘
1571,13:32:04,4.9,0.0,10,4900,卖盘
1572,13:32:09,4.9,0.0,42,20580,卖盘
1573,13:32:16,4.9,0.0,20,9800,卖盘
1574,13:32:28,4.9,0.0,36,17640,卖盘
1575,13:32:31,4.9,0.0,30,14700,卖盘
1576,13:32:39,4.91,0.01,120,58920,买盘
1577,13:32:45,4.9,-0.01,10,4900,卖盘
1578,13:33:03,4.9,0.0,45,22050,卖盘
1579,13:33:07,4.91,0.01,50,24550,买盘
1580,13:33:12,4.9,-0.01,3,1470,卖盘
1581,13:33:18,4.91,0.01,353,172995,买盘
1582,13:33:21,4.9,-0.01,38,18620,卖盘
1583,13:33:25,4.91,0.01,20,9820,买盘
1584,13:33:28,4.9,-0.01,56,27440,卖盘
1585,13:33:37,4.91,0.01,13,6381,买盘
1586,13:33:43,4.91,0.0,47,23077,买盘
1587,13:33:45,4.91,0.0,10,4910,买盘
1588,13:33:49,4.91,0.0,23,11293,买盘
1589,13:33:58,4.91,0.0,50,24550,买盘
1590,13:34:13,4.9,-0.01,20,9800,卖盘
1591,13:34:16,4.9,0.0,205,100530,卖盘
1592,13:34:18,4.91,0.01,21,10307,买盘
1593,13:34:22,4.9,-0.01,180,88200,卖盘
1594,13:34:25,4.91,0.01,100,49100,买盘
1595,13:34:28,4.9,-0.01,26,12740,卖盘
1596,13:34:31,4.9,0.0,18,8820,卖盘
1597,13:34:34,4.91,0.01,135,66207,买盘
1598,13:34:39,4.91,0.0,20,9820,买盘
1599,13:34:43,4.9,-0.01,1119,548310,卖盘
1600,13:34:49,4.9,0.0,188,92120,卖盘
1601,13:34:52,4.9,0.0,5,2450,卖盘
1602,13:34:55,4.9,0.0,20,9800,卖盘
1603,13:34:58,4.9,0.0,53,25970,卖盘
1604,13:35:01,4.9,0.0,130,63700,卖盘
1605,13:35:04,4.91,0.01,21,10291,买盘
1606,13:35:07,4.9,-0.01,374,183260,卖盘
1607,13:35:10,4.9,0.0,40,19600,买盘
1608,13:35:13,4.9,0.0,6,2940,买盘
1609,13:35:16,4.9,0.0,20,9800,买盘
1610,13:35:19,4.9,0.0,2,980,买盘
1611,13:35:22,4.9,0.0,34,16660,买盘
1612,13:35:27,4.89,-0.01,180,88070,卖盘
1613,13:35:30,4.9,0.01,42,20580,买盘
1614,13:35:34,4.89,-0.01,22,10758,卖盘
1615,13:35:36,4.89,0.0,76,37214,卖盘
1616,13:35:40,4.89,0.0,110,53790,卖盘
1617,13:35:46,4.89,0.0,20,9780,卖盘
1618,13:35:52,4.89,0.0,25,12225,卖盘
1619,13:35:55,4.89,0.0,330,161380,卖盘
1620,13:35:58,4.9,0.01,170,83180,买盘
1621,13:36:01,4.89,-0.01,204,99800,卖盘
1622,13:36:04,4.89,0.0,4,1956,卖盘
1623,13:36:07,4.89,0.0,52,25458,卖盘
1624,13:36:10,4.9,0.01,100,49000,买盘
1625,13:36:12,4.89,-0.01,28,13692,卖盘
1626,13:36:19,4.9,0.01,5,2450,买盘
1627,13:36:22,4.89,-0.01,40,19565,卖盘
1628,13:36:28,4.89,0.0,352,172129,卖盘
1629,13:36:30,4.89,0.0,16,7826,卖盘
1630,13:36:34,4.89,0.0,13,6357,卖盘
1631,13:36:36,4.89,0.0,1,489,卖盘
1632,13:36:40,4.9,0.01,217,106116,买盘
1633,13:36:42,4.89,-0.01,19,9291,卖盘
1634,13:36:45,4.89,0.0,37,18093,卖盘
1635,13:36:49,4.89,0.0,20,9780,卖盘
1636,13:36:54,4.9,0.01,33,16170,买盘
1637,13:37:00,4.9,0.0,34,16660,买盘
1638,13:37:04,4.9,0.0,32,15680,买盘
1639,13:37:07,4.9,0.0,50,24500,买盘
1640,13:37:12,4.9,0.0,33,16170,买盘
1641,13:37:15,4.9,0.0,14,6860,买盘
1642,13:37:19,4.9,0.0,50,24500,买盘
1643,13:37:21,4.9,0.0,123,60270,买盘
1644,13:37:24,4.9,0.0,45,22050,买盘
1645,13:37:30,4.9,0.0,102,49980,买盘
1646,13:37:33,4.9,0.0,126,61740,买盘
1647,13:37:37,4.9,0.0,115,56350,买盘
1648,13:37:39,4.9,0.0,25,12235,买盘
1649,13:37:42,4.9,0.0,42,20580,买盘
1650,13:37:45,4.9,0.0,545,267050,买盘
1651,13:37:48,4.9,0.0,100,49000,买盘
1652,13:37:51,4.9,0.0,341,167090,买盘
1653,13:37:55,4.9,0.0,933,457161,买盘
1654,13:37:57,4.9,0.0,424,207760,买盘
1655,13:38:01,4.9,0.0,209,102410,买盘
1656,13:38:07,4.91,0.01,3,1473,买盘
1657,13:38:09,4.9,-0.01,369,180814,卖盘
1658,13:38:18,4.91,0.01,1,491,买盘
1659,13:38:24,4.91,0.0,103,50573,买盘
1660,13:38:27,4.91,0.0,19,9329,买盘
1661,13:38:34,4.91,0.0,6,2946,买盘
1662,13:38:37,4.91,0.0,59,28969,买盘
1663,13:38:46,4.91,0.0,26,12766,卖盘
1664,13:38:49,4.92,0.01,150,73800,买盘
1665,13:38:51,4.92,0.0,1,492,买盘
1666,13:39:07,4.92,0.0,21,10332,买盘
1667,13:39:31,4.91,-0.01,10,4910,卖盘
1668,13:39:40,4.92,0.01,22,10824,买盘
1669,13:39:43,4.92,0.0,8,3936,卖盘
1670,13:39:49,4.91,-0.01,86,42226,卖盘
1671,13:39:58,4.92,0.01,16,7872,买盘
1672,13:40:01,4.92,0.0,78,38376,买盘
1673,13:40:04,4.92,0.0,22,10824,买盘
1674,13:40:16,4.92,0.0,16,7872,买盘
1675,13:40:19,4.92,0.0,4,1968,卖盘
1676,13:40:24,4.92,0.0,25,12300,买盘
1677,13:40:27,4.92,0.0,10,4920,买盘
1678,13:40:40,4.92,0.0,41,20172,卖盘
1679,13:40:42,4.93,0.01,1,493,买盘
1680,13:40:49,4.93,0.0,100,49300,买盘
1681,13:40:51,4.93,0.0,110,54230,买盘
1682,13:41:01,4.93,0.0,1,493,买盘
1683,13:41:04,4.93,0.0,6,2958,买盘
1684,13:41:06,4.93,0.0,20,9860,买盘
1685,13:41:09,4.93,0.0,68,33524,买盘
1686,13:41:16,4.93,0.0,109,53837,卖盘
1687,13:41:19,4.93,0.0,38,18711,买盘
1688,13:41:25,4.93,0.0,66,32508,买盘
1689,13:41:36,4.94,0.01,10,4940,买盘
1690,13:41:40,4.94,0.0,68,33562,买盘
1691,13:41:43,4.94,0.0,5,2470,买盘
1692,13:41:46,4.94,0.0,200,98800,买盘
1693,13:41:49,4.93,-0.01,159,78487,卖盘
1694,13:41:52,4.94,0.01,60,29640,买盘
1695,13:42:00,4.94,0.0,175,86450,买盘
1696,13:42:04,4.94,0.0,56,27664,买盘
1697,13:42:07,4.94,0.0,145,71628,买盘
1698,13:42:09,4.94,0.0,5,2470,卖盘
1699,13:42:12,4.94,0.0,208,102954,卖盘
1700,13:42:15,4.94,0.0,81,40014,卖盘
1701,13:42:18,4.94,0.0,2,988,卖盘
1702,13:42:22,4.94,0.0,83,41002,卖盘
1703,13:42:37,4.94,0.0,23,11362,买盘
1704,13:42:42,4.94,0.0,22,10863,买盘
1705,13:42:45,4.94,0.0,10,4940,买盘
1706,13:43:01,4.94,0.0,65,32094,买盘
1707,13:43:04,4.94,0.0,17,8396,买盘
1708,13:43:06,4.93,-0.01,8,3944,卖盘
1709,13:43:09,4.94,0.01,4,1976,买盘
1710,13:43:19,4.93,-0.01,50,24650,卖盘
1711,13:43:25,4.93,0.0,18,8874,卖盘
1712,13:43:30,4.93,0.0,54,26622,卖盘
1713,13:43:36,4.93,0.0,69,34017,卖盘
1714,13:43:40,4.93,0.0,317,156281,卖盘
1715,13:44:04,4.93,0.0,20,9860,买盘
1716,13:44:16,4.93,0.0,3,1479,买盘
1717,13:44:40,4.93,0.0,60,29580,买盘
1718,13:44:57,4.93,0.0,30,14790,买盘
1719,13:45:04,4.92,-0.01,93,45756,卖盘
1720,13:45:07,4.92,0.0,24,11808,卖盘
1721,13:45:09,4.92,0.0,67,32964,卖盘
1722,13:45:21,4.92,0.0,1,492,卖盘
1723,13:45:30,4.92,0.0,8,3936,买盘
1724,13:45:33,4.92,0.0,1,492,买盘
1725,13:45:48,4.92,0.0,30,14760,卖盘
1726,13:46:12,4.93,0.01,10,4930,买盘
1727,13:46:21,4.93,0.0,189,93177,买盘
1728,13:46:36,4.93,0.0,10,4930,卖盘
1729,13:46:39,4.93,0.0,20,9860,卖盘
1730,13:46:49,4.93,0.0,18,8874,卖盘
1731,13:47:18,4.93,0.0,40,19720,卖盘
1732,13:48:04,4.93,0.0,74,36482,卖盘
1733,13:48:06,4.93,0.0,21,10353,卖盘
1734,13:48:22,4.93,0.0,22,10846,卖盘
1735,13:48:30,4.93,0.0,52,25636,卖盘
1736,13:48:36,4.93,0.0,13,6409,卖盘
1737,13:48:54,4.93,0.0,196,96628,卖盘
1738,13:49:04,4.93,0.0,50,24680,卖盘
1739,13:49:15,4.94,0.01,24,11856,买盘
1740,13:49:18,4.93,-0.01,110,54240,卖盘
1741,13:49:24,4.94,0.01,229,113116,买盘
1742,13:49:34,4.94,0.0,5,2470,买盘
1743,13:49:37,4.94,0.0,20,9880,买盘
1744,13:49:39,4.94,0.0,10,4940,买盘
1745,13:49:42,4.93,-0.01,20,9876,卖盘
1746,13:49:48,4.93,0.0,2,987,卖盘
1747,13:49:55,4.94,0.01,500,247000,买盘
1748,13:49:57,4.94,0.0,70,34570,买盘
1749,13:50:00,4.94,0.0,190,93860,买盘
1750,13:50:04,4.95,0.01,500,247105,买盘
1751,13:50:15,4.95,0.0,19,9405,买盘
1752,13:50:18,4.95,0.0,33,16335,买盘
1753,13:50:21,4.95,0.0,433,214335,买盘
1754,13:50:24,4.94,-0.01,25,12350,卖盘
1755,13:50:27,4.95,0.01,39,19305,买盘
1756,13:50:30,4.95,0.0,25,12375,买盘
1757,13:50:33,4.95,0.0,78,38610,买盘
1758,13:50:37,4.95,0.0,29,14355,买盘
1759,13:50:40,4.95,0.0,25,12375,买盘
1760,13:50:42,4.95,0.0,196,97020,买盘
1761,13:50:46,4.96,0.01,64,31744,买盘
1762,13:51:01,4.95,-0.01,66,32728,卖盘
1763,13:51:04,4.96,0.01,10,4960,买盘
1764,13:51:07,4.96,0.0,22,10912,买盘
1765,13:51:09,4.96,0.0,12,5952,买盘
1766,13:51:12,4.96,0.0,5,2480,买盘
1767,13:51:22,4.96,0.0,50,24800,买盘
1768,13:51:25,4.96,0.0,40,19840,买盘
1769,13:51:31,4.96,0.0,30,14880,买盘
1770,13:51:34,4.96,0.0,118,58478,买盘
1771,13:51:37,4.96,0.0,244,121024,买盘
1772,13:51:43,4.96,0.0,13,6448,卖盘
1773,13:51:58,4.97,0.01,20,9940,买盘
1774,13:52:01,4.97,0.0,83,41241,买盘
1775,13:52:07,4.97,0.0,222,110272,买盘
1776,13:52:10,4.97,0.0,79,39263,买盘
1777,13:52:12,4.97,0.0,261,129717,买盘
1778,13:52:16,4.97,0.0,415,206255,买盘
1779,13:52:22,4.97,0.0,35,17395,买盘
1780,13:52:25,4.96,-0.01,106,52609,卖盘
1781,13:52:27,4.97,0.01,514,255458,卖盘
1782,13:52:30,4.97,0.0,19,9440,买盘
1783,13:52:33,4.97,0.0,37,18389,买盘
1784,13:52:36,4.97,0.0,500,248500,买盘
1785,13:52:39,4.97,0.0,149,74053,买盘
1786,13:52:42,4.97,0.0,45,22365,卖盘
1787,13:52:46,4.97,0.0,10,4970,卖盘
1788,13:52:49,4.98,0.01,4,1992,买盘
1789,13:52:52,4.97,-0.01,153,76065,卖盘
1790,13:52:55,4.97,0.0,25,12425,卖盘
1791,13:52:58,4.98,0.01,8,3984,买盘
1792,13:53:04,4.97,-0.01,16,7962,卖盘
1793,13:53:13,4.97,0.0,7,3479,卖盘
1794,13:53:16,4.97,0.0,18,8946,卖盘
1795,13:53:19,4.97,0.0,5,2485,卖盘
1796,13:53:22,4.97,0.0,5,2485,卖盘
1797,13:53:25,4.98,0.01,131,65238,买盘
1798,13:53:27,4.97,-0.01,10,4970,卖盘
1799,13:53:31,4.98,0.01,11,5477,买盘
1800,13:53:34,4.97,-0.01,102,50694,卖盘
1801,13:53:37,4.97,0.0,20,9940,卖盘
1802,13:53:40,4.97,0.0,30,14910,卖盘
1803,13:53:46,4.97,0.0,49,24389,卖盘
1804,13:53:49,4.97,0.0,5,2485,卖盘
1805,13:53:52,4.97,0.0,66,32802,卖盘
1806,13:54:01,4.97,0.0,20,9940,卖盘
1807,13:54:04,4.97,0.0,97,48209,卖盘
1808,13:54:07,4.98,0.01,445,221598,买盘
1809,13:54:16,4.97,-0.01,64,31808,卖盘
1810,13:54:21,4.97,0.0,550,273350,卖盘
1811,13:54:25,4.97,0.0,10,4970,买盘
1812,13:54:31,4.97,0.0,32,15904,买盘
1813,13:54:37,4.97,0.0,388,192836,买盘
1814,13:54:43,4.97,0.0,50,24850,卖盘
1815,13:54:45,4.97,0.0,26,12922,卖盘
1816,13:54:48,4.97,0.0,100,49700,卖盘
1817,13:54:52,4.97,0.0,42,20884,卖盘
1818,13:54:55,4.97,0.0,100,49700,卖盘
1819,13:54:57,4.97,0.0,85,42245,卖盘
1820,13:55:09,4.97,0.0,20,9940,买盘
1821,13:55:13,4.97,0.0,15,7455,买盘
1822,13:55:15,4.97,0.0,10,4970,买盘
1823,13:55:18,4.96,-0.01,110,54560,卖盘
1824,13:55:24,4.97,0.01,20,9940,买盘
1825,13:55:42,4.97,0.0,10,4965,买盘
1826,13:55:45,4.97,0.0,65,32305,买盘
1827,13:55:49,4.96,-0.01,5,2480,卖盘
1828,13:55:52,4.97,0.01,20,9940,买盘
1829,13:55:58,4.96,-0.01,202,100192,卖盘
1830,13:56:01,4.97,0.01,20,9922,买盘
1831,13:56:04,4.97,0.0,3,1491,买盘
1832,13:56:07,4.97,0.0,20,9940,买盘
1833,13:56:16,4.97,0.0,11,5467,买盘
1834,13:56:18,4.97,0.0,60,29820,买盘
1835,13:56:25,4.97,0.0,10,4970,买盘
1836,13:56:28,4.97,0.0,40,19880,买盘
1837,13:56:31,4.97,0.0,10,4970,买盘
1838,13:56:33,4.97,0.0,10,4970,买盘
1839,13:56:40,4.97,0.0,37,18389,买盘
1840,13:56:46,4.97,0.0,360,178920,买盘
1841,13:56:58,4.97,0.0,91,45227,卖盘
1842,13:57:01,4.97,0.0,10,4977,卖盘
1843,13:57:04,4.97,0.0,19,9447,卖盘
1844,13:57:10,4.97,0.0,74,36778,卖盘
1845,13:57:13,4.98,0.01,3,1494,买盘
1846,13:57:19,4.97,-0.01,392,194824,卖盘
1847,13:57:24,4.98,0.01,93,46241,买盘
1848,13:57:28,4.97,-0.01,158,78526,卖盘
1849,13:57:31,4.97,0.0,17,8449,买盘
1850,13:57:37,4.97,0.0,8,3976,买盘
1851,13:57:40,4.96,-0.01,1,496,卖盘
1852,13:57:43,4.97,0.01,30,14910,买盘
1853,13:57:49,4.97,0.0,208,103376,买盘
1854,13:57:52,4.97,0.0,29,14415,卖盘
1855,13:57:58,4.97,0.0,33,16401,卖盘
1856,13:58:01,4.97,0.0,20,9940,卖盘
1857,13:58:07,4.97,0.0,1,497,卖盘
1858,13:58:10,4.97,0.0,18,8946,卖盘
1859,13:58:13,4.97,0.0,147,73059,卖盘
1860,13:58:16,4.97,0.0,36,17906,卖盘
1861,13:58:18,4.97,0.0,27,13419,卖盘
1862,13:58:22,4.97,0.0,37,18389,卖盘
1863,13:58:25,4.97,0.0,72,35784,卖盘
1864,13:58:31,4.97,0.0,10,4970,买盘
1865,13:58:40,4.97,0.0,42,20874,买盘
1866,13:58:43,4.96,-0.01,51,25316,卖盘
1867,13:58:46,4.96,0.0,75,37200,卖盘
1868,13:58:48,4.96,0.0,20,9920,卖盘
1869,13:59:07,4.96,0.0,9,4464,卖盘
1870,13:59:12,4.96,0.0,53,26288,卖盘
1871,13:59:15,4.96,0.0,3,1488,买盘
1872,13:59:19,4.96,0.0,5,2480,买盘
1873,13:59:22,4.95,-0.01,1,495,卖盘
1874,13:59:28,4.95,0.0,7,3465,卖盘
1875,13:59:31,4.95,0.0,100,49500,卖盘
1876,13:59:46,4.95,0.0,10,4950,卖盘
1877,13:59:48,4.95,0.0,172,85140,卖盘
1878,14:00:00,4.95,0.0,200,99000,卖盘
1879,14:00:04,4.96,0.01,84,41585,买盘
1880,14:00:07,4.95,-0.01,59,29205,卖盘
1881,14:00:12,4.95,0.0,9,4455,买盘
1882,14:00:22,4.95,0.0,9,4455,买盘
1883,14:00:24,4.95,0.0,50,24750,买盘
1884,14:00:30,4.95,0.0,40,19779,买盘
1885,14:00:40,4.95,0.0,72,35640,买盘
1886,14:00:43,4.95,0.0,13,6435,买盘
1887,14:00:46,4.95,0.0,2,990,卖盘
1888,14:00:58,4.94,-0.01,7,3458,卖盘
1889,14:01:04,4.95,0.01,9,4455,买盘
1890,14:01:15,4.95,0.0,2,990,卖盘
1891,14:01:18,4.95,0.0,182,90090,卖盘
1892,14:01:34,4.96,0.01,21,10416,买盘
1893,14:01:37,4.96,0.0,36,17856,买盘
1894,14:01:42,4.96,0.0,20,9920,买盘
1895,14:01:55,4.96,0.0,59,29255,买盘
1896,14:02:01,4.96,0.0,241,119536,买盘
1897,14:02:04,4.96,0.0,8,3968,卖盘
1898,14:02:10,4.96,0.0,53,26288,卖盘
1899,14:02:16,4.96,0.0,20,9920,卖盘
1900,14:02:21,4.97,0.01,323,160531,买盘
1901,14:02:28,4.96,-0.01,53,26288,卖盘
1902,14:02:31,4.97,0.01,8,3976,买盘
1903,14:02:37,4.97,0.0,49,24353,买盘
1904,14:02:40,4.97,0.0,56,27832,买盘
1905,14:02:43,4.97,0.0,8,3976,买盘
1906,14:02:49,4.97,0.0,1,497,买盘
1907,14:02:51,4.96,-0.01,50,24800,卖盘
1908,14:03:04,4.96,0.0,1,496,买盘
1909,14:03:22,4.95,-0.01,30,14850,卖盘
1910,14:03:28,4.96,0.01,20,9920,买盘
1911,14:03:31,4.96,0.0,44,21824,买盘
1912,14:03:49,4.96,0.0,61,30256,买盘
1913,14:03:57,4.95,-0.01,17,8415,卖盘
1914,14:04:19,4.95,0.0,20,9900,卖盘
1915,14:04:21,4.95,0.0,23,11385,卖盘
1916,14:04:24,4.95,0.0,8,3960,卖盘
1917,14:04:30,4.95,0.0,11,5445,卖盘
1918,14:04:40,4.96,0.01,1,496,买盘
1919,14:04:46,4.95,-0.01,33,16335,卖盘
1920,14:04:52,4.96,0.01,3,1488,买盘
1921,14:04:57,4.95,-0.01,10,4950,卖盘
1922,14:05:12,4.96,0.01,35,17335,买盘
1923,14:05:21,4.95,-0.01,12,5940,卖盘
1924,14:05:34,4.96,0.01,6,2976,买盘
1925,14:05:37,4.96,0.0,20,9920,买盘
1926,14:05:39,4.96,0.0,60,29760,买盘
1927,14:05:49,4.96,0.0,82,40672,买盘
1928,14:05:51,4.96,0.0,26,12896,买盘
1929,14:05:54,4.96,0.0,54,26784,买盘
1930,14:06:10,4.96,0.0,20,9920,买盘
1931,14:06:24,4.97,0.01,18,8946,买盘
1932,14:06:31,4.96,-0.01,94,46624,卖盘
1933,14:06:33,4.96,0.0,26,12896,卖盘
1934,14:06:37,4.96,0.0,74,36704,卖盘
1935,14:06:52,4.96,0.0,2,992,买盘
1936,14:07:10,4.95,-0.01,1,495,卖盘
1937,14:07:16,4.96,0.01,200,99200,买盘
1938,14:07:19,4.96,0.0,13,6439,买盘
1939,14:07:42,4.96,0.0,7,3472,买盘
1940,14:07:49,4.96,0.0,12,5952,买盘
1941,14:07:57,4.96,0.0,13,6448,买盘
1942,14:08:10,4.95,-0.01,2,990,卖盘
1943,14:08:12,4.95,0.0,6,2970,卖盘
1944,14:08:19,4.96,0.01,11,5456,买盘
1945,14:08:25,4.95,-0.01,31,15345,卖盘
1946,14:08:28,4.95,0.0,1,495,卖盘
1947,14:08:34,4.96,0.01,41,20311,买盘
1948,14:08:43,4.95,-0.01,17,8415,卖盘
1949,14:08:46,4.95,0.0,100,49500,卖盘
1950,14:08:49,4.95,0.0,39,19305,卖盘
1951,14:09:46,4.95,0.0,330,163350,卖盘
1952,14:09:48,4.95,0.0,10,4950,卖盘
1953,14:09:51,4.95,0.0,139,68805,卖盘
1954,14:09:54,4.95,0.0,20,9900,卖盘
1955,14:09:57,4.95,0.0,45,22275,卖盘
1956,14:10:00,4.95,0.0,18,8910,卖盘
1957,14:10:04,4.95,0.0,165,81675,卖盘
1958,14:10:13,4.95,0.0,20,9900,卖盘
1959,14:10:15,4.95,0.0,41,20295,卖盘
1960,14:10:19,4.95,0.0,248,122760,卖盘
1961,14:10:28,4.94,-0.01,1,494,卖盘
1962,14:10:39,4.94,0.0,5,2470,卖盘
1963,14:11:00,4.95,0.01,8,3960,买盘
1964,14:11:42,4.95,0.0,113,55935,买盘
1965,14:11:48,4.95,0.0,7,3465,卖盘
1966,14:11:51,4.95,0.0,23,11385,卖盘
1967,14:11:57,4.95,0.0,133,65835,卖盘
1968,14:12:06,4.95,0.0,22,10890,卖盘
1969,14:12:10,4.95,0.0,71,35164,卖盘
1970,14:12:30,4.95,0.0,71,35145,卖盘
1971,14:12:33,4.95,0.0,17,8415,卖盘
1972,14:12:45,4.95,0.0,1,495,卖盘
1973,14:13:04,4.95,0.0,13,6435,卖盘
1974,14:13:06,4.94,-0.01,33,16302,卖盘
1975,14:13:09,4.95,0.01,1,495,买盘
1976,14:13:12,4.95,0.0,2,990,卖盘
1977,14:13:18,4.95,0.0,17,8415,卖盘
1978,14:13:28,4.95,0.0,1,495,买盘
1979,14:13:34,4.94,-0.01,31,15325,卖盘
1980,14:13:40,4.95,0.01,261,129195,买盘
1981,14:14:01,4.95,0.0,47,23265,卖盘
1982,14:14:09,4.95,0.0,5,2475,买盘
1983,14:14:15,4.95,0.0,1,495,买盘
1984,14:14:42,4.95,0.0,37,18315,卖盘
1985,14:14:49,4.95,0.0,26,12870,卖盘
1986,14:14:52,4.95,0.0,1,495,卖盘
1987,14:14:55,4.95,0.0,102,50490,卖盘
1988,14:15:01,4.95,0.0,150,74250,卖盘
1989,14:15:04,4.94,-0.01,30,14820,卖盘
1990,14:15:15,4.95,0.01,232,114840,买盘
1991,14:15:18,4.94,-0.01,83,41005,卖盘
1992,14:15:27,4.94,0.0,5,2470,卖盘
1993,14:15:31,4.95,0.01,200,99000,买盘
1994,14:15:34,4.94,-0.01,20,9880,卖盘
1995,14:15:43,4.95,0.01,10,4950,买盘
1996,14:15:49,4.95,0.0,354,175230,买盘
1997,14:15:54,4.95,0.0,2,990,卖盘
1998,14:15:57,4.95,0.0,137,67815,卖盘
1999,14:16:04,4.95,0.0,6,2970,卖盘
2000,14:16:13,4.95,0.0,137,67715,买盘
2001,14:16:22,4.95,0.0,20,9900,卖盘
2002,14:16:24,4.95,0.0,77,38115,卖盘
2003,14:16:27,4.96,0.01,80,39653,买盘
2004,14:16:33,4.95,-0.01,23,11385,买盘
2005,14:16:48,4.96,0.01,20,9920,买盘
2006,14:17:00,4.95,-0.01,196,97020,卖盘
2007,14:17:06,4.94,-0.01,11,5439,卖盘
2008,14:17:15,4.95,0.01,299,148005,买盘
2009,14:17:18,4.95,0.0,40,19800,卖盘
2010,14:17:24,4.95,0.0,61,30195,卖盘
2011,14:17:27,4.95,0.0,11,5445,买盘
2012,14:17:30,4.95,0.0,1,495,买盘
2013,14:17:34,4.94,-0.01,2,989,卖盘
2014,14:17:37,4.95,0.01,1,495,买盘
2015,14:17:39,4.95,0.0,1,495,买盘
2016,14:17:42,4.95,0.0,1,495,买盘
2017,14:17:45,4.95,0.0,3,1485,买盘
2018,14:17:48,4.95,0.0,52,25740,买盘
2019,14:17:57,4.95,0.0,19,9405,买盘
2020,14:18:04,4.95,0.0,10,4950,卖盘
2021,14:18:09,4.95,0.0,20,9900,卖盘
2022,14:18:12,4.95,0.0,6,2970,卖盘
2023,14:18:21,4.95,0.0,18,8910,卖盘
2024,14:18:24,4.95,0.0,2,990,卖盘
2025,14:18:30,4.95,0.0,10,4950,卖盘
2026,14:18:39,4.95,0.0,11,5445,卖盘
2027,14:18:45,4.95,0.0,7,3465,卖盘
2028,14:18:48,4.96,0.01,61,30220,买盘
2029,14:18:58,4.96,0.0,1,496,买盘
2030,14:19:06,4.95,-0.01,1,495,卖盘
2031,14:19:09,4.95,0.0,1,495,买盘
2032,14:19:12,4.95,0.0,42,20790,买盘
2033,14:19:15,4.95,0.0,4,1980,买盘
2034,14:19:18,4.95,0.0,3,1485,买盘
2035,14:19:25,4.95,0.0,4,1980,买盘
2036,14:19:34,4.95,0.0,50,24750,买盘
2037,14:19:37,4.95,0.0,25,12375,买盘
2038,14:19:40,4.95,0.0,3,1485,买盘
2039,14:19:42,4.95,0.0,3,1485,买盘
2040,14:19:45,4.95,0.0,4,1980,买盘
2041,14:19:49,4.94,-0.01,14,6919,卖盘
2042,14:20:07,4.94,0.0,20,9880,卖盘
2043,14:20:15,4.95,0.01,300,148500,买盘
2044,14:20:18,4.95,0.0,1,495,买盘
2045,14:20:21,4.95,0.0,1,495,买盘
2046,14:20:24,4.95,0.0,1,495,买盘
2047,14:20:27,4.95,0.0,191,94545,买盘
2048,14:20:30,4.95,0.0,9,4455,卖盘
2049,14:20:33,4.95,0.0,1,495,买盘
2050,14:20:39,4.95,0.0,1,495,买盘
2051,14:20:45,4.95,0.0,44,21780,买盘
2052,14:20:48,4.95,0.0,10,4950,卖盘
2053,14:20:57,4.95,0.0,93,46035,卖盘
2054,14:21:07,4.95,0.0,3,1485,卖盘
2055,14:21:09,4.95,0.0,37,18315,卖盘
2056,14:21:30,4.95,0.0,1,495,卖盘
2057,14:22:04,4.95,0.0,81,40095,卖盘
2058,14:22:06,4.96,0.01,48,23808,买盘
2059,14:22:19,4.96,0.0,322,159712,买盘
2060,14:22:30,4.96,0.0,10,4960,买盘
2061,14:22:33,4.96,0.0,20,9905,买盘
2062,14:22:45,4.96,0.0,41,20336,买盘
2063,14:23:00,4.95,-0.01,24,11880,卖盘
2064,14:23:10,4.95,0.0,20,9900,卖盘
2065,14:23:16,4.95,0.0,25,12375,卖盘
2066,14:23:24,4.95,0.0,40,19800,卖盘
2067,14:23:27,4.95,0.0,10,4950,卖盘
2068,14:23:34,4.95,0.0,5,2475,卖盘
2069,14:23:46,4.96,0.01,3,1488,买盘
2070,14:23:54,4.95,-0.01,496,245520,卖盘
2071,14:23:57,4.95,0.0,200,99000,卖盘
2072,14:24:07,4.95,0.0,21,10395,卖盘
2073,14:24:09,4.96,0.01,113,56048,买盘
2074,14:24:12,4.95,-0.01,30,14850,卖盘
2075,14:24:24,4.95,0.0,10,4950,卖盘
2076,14:24:31,4.95,0.0,21,10395,卖盘
2077,14:24:37,4.95,0.0,2,990,卖盘
2078,14:24:51,4.95,0.0,12,5940,卖盘
2079,14:24:57,4.95,0.0,6,2970,卖盘
2080,14:25:03,4.95,0.0,19,9405,卖盘
2081,14:25:09,4.95,0.0,20,9900,卖盘
2082,14:25:12,4.95,0.0,57,28245,卖盘
2083,14:25:18,4.96,0.01,12,5952,买盘
2084,14:25:30,4.95,-0.01,2,990,卖盘
2085,14:25:52,4.95,0.0,7,3465,卖盘
2086,14:25:54,4.95,0.0,22,10890,卖盘
2087,14:26:04,4.95,0.0,18,8910,卖盘
2088,14:26:10,4.96,0.01,50,24800,买盘
2089,14:26:22,4.95,-0.01,1,495,卖盘
2090,14:26:34,4.95,0.0,200,99000,卖盘
2091,14:26:42,4.95,0.0,132,65340,卖盘
2092,14:26:52,4.95,0.0,72,35640,卖盘
2093,14:27:00,4.94,-0.01,16,7904,卖盘
2094,14:27:18,4.95,0.01,1,495,买盘
2095,14:27:21,4.95,0.0,1,495,买盘
2096,14:27:24,4.95,0.0,15,7425,买盘
2097,14:27:27,4.95,0.0,4,1980,买盘
2098,14:27:33,4.95,0.0,1,495,买盘
2099,14:27:37,4.95,0.0,180,89100,买盘
2100,14:27:40,4.95,0.0,31,15345,买盘
2101,14:27:48,4.95,0.0,38,18810,卖盘
2102,14:27:55,4.96,0.01,440,218240,买盘
2103,14:27:58,4.95,-0.01,4,1980,卖盘
2104,14:28:00,4.95,0.0,10,4950,卖盘
2105,14:28:07,4.95,0.0,10,4950,卖盘
2106,14:28:09,4.95,0.0,66,32670,卖盘
2107,14:28:15,4.95,0.0,25,12375,卖盘
2108,14:28:31,4.96,0.01,26,12896,买盘
2109,14:28:34,4.96,0.0,35,17360,买盘
2110,14:28:42,4.96,0.0,159,78864,买盘
2111,14:28:52,4.96,0.0,1197,593712,买盘
2112,14:29:04,4.97,0.01,296,146929,买盘
2113,14:29:07,4.97,0.0,11,5467,买盘
2114,14:29:09,4.97,0.0,270,134190,买盘
2115,14:29:13,4.97,0.0,286,142139,买盘
2116,14:29:19,4.97,0.0,30,14910,买盘
2117,14:29:21,4.97,0.0,200,99400,买盘
2118,14:29:24,4.97,0.0,11,5467,买盘
2119,14:29:30,4.97,0.0,1036,514892,买盘
2120,14:29:34,4.97,0.0,122,60634,买盘
2121,14:29:37,4.98,0.01,153,76141,买盘
2122,14:29:46,4.98,0.0,103,51294,买盘
2123,14:29:49,4.98,0.0,15,7470,买盘
2124,14:29:58,4.98,0.0,75,37350,买盘
2125,14:30:01,4.98,0.0,96,47808,买盘
2126,14:30:07,4.98,0.0,438,218124,买盘
2127,14:30:10,4.99,0.01,693,345221,买盘
2128,14:30:16,4.98,-0.01,10,4980,卖盘
2129,14:30:18,4.99,0.01,14,6986,买盘
2130,14:30:22,4.98,-0.01,93,46327,卖盘
2131,14:30:25,5.0,0.02,2971,1484327,买盘
2132,14:30:28,5.0,0.0,15,7500,卖盘
2133,14:30:31,5.0,0.0,8,4000,卖盘
2134,14:30:34,5.01,0.01,166,83166,买盘
2135,14:30:37,5.01,0.0,95,47595,买盘
2136,14:30:42,5.01,0.0,217,108879,卖盘
2137,14:30:46,5.02,0.01,46,23058,买盘
2138,14:30:49,5.01,-0.01,155,77731,卖盘
2139,14:30:51,5.01,0.0,216,108196,买盘
2140,14:30:55,5.01,0.0,63,31563,买盘
2141,14:30:58,5.0,-0.01,148,74145,卖盘
2142,14:31:01,5.01,0.01,31,15531,买盘
2143,14:31:04,5.0,-0.01,188,94125,卖盘
2144,14:31:06,5.01,0.01,142,71142,买盘
2145,14:31:09,5.01,0.0,318,159158,买盘
2146,14:31:13,5.01,0.0,256,128197,买盘
2147,14:31:15,5.0,-0.01,494,247126,卖盘
2148,14:31:19,5.01,0.01,20,10020,买盘
2149,14:31:22,5.0,-0.01,50,25012,卖盘
2150,14:31:25,5.0,0.0,312,156083,卖盘
2151,14:31:27,5.0,0.0,74,37015,卖盘
2152,14:31:31,5.01,0.01,166,83098,买盘
2153,14:31:34,5.0,-0.01,108,54011,卖盘
2154,14:31:37,5.0,0.0,60,30000,买盘
2155,14:31:43,5.0,0.0,71,35500,买盘
2156,14:31:48,4.99,-0.01,58,28950,卖盘
2157,14:31:55,4.99,0.0,147,73413,卖盘
2158,14:31:57,5.0,0.01,119,59500,买盘
2159,14:32:00,4.99,-0.01,81,40419,卖盘
2160,14:32:19,4.99,0.0,12,5977,买盘
2161,14:32:22,4.99,0.0,50,24950,买盘
2162,14:32:27,4.99,0.0,10,4990,买盘
2163,14:32:30,4.98,-0.01,249,124241,卖盘
2164,14:32:40,4.99,0.01,15,7485,买盘
2165,14:32:48,4.98,-0.01,2,996,卖盘
2166,14:32:57,4.99,0.01,8,3992,买盘
2167,14:33:01,4.99,0.0,9,4491,买盘
2168,14:33:04,4.99,0.0,41,20459,买盘
2169,14:33:12,4.99,0.0,29,14471,买盘
2170,14:33:22,4.99,0.0,5,2495,买盘
2171,14:33:33,4.99,0.0,9,4491,买盘
2172,14:33:36,4.98,-0.01,31,15438,卖盘
2173,14:33:39,4.98,0.0,1,498,卖盘
2174,14:33:49,4.99,0.01,52,25948,买盘
2175,14:33:58,4.98,-0.01,101,50298,卖盘
2176,14:34:04,4.98,0.0,1,498,卖盘
2177,14:34:07,4.98,0.0,16,7968,卖盘
2178,14:34:09,4.98,0.0,3,1494,卖盘
2179,14:34:13,4.99,0.01,12,5986,买盘
2180,14:34:18,4.98,-0.01,45,22410,卖盘
2181,14:34:28,4.98,0.0,2,996,卖盘
2182,14:34:31,4.99,0.01,252,125748,买盘
2183,14:34:37,4.98,-0.01,10,4980,卖盘
2184,14:34:39,4.99,0.01,96,47884,买盘
2185,14:34:46,4.99,0.0,54,26895,买盘
2186,14:34:49,4.98,-0.01,26,12948,卖盘
2187,14:35:04,4.98,0.0,1,498,卖盘
2188,14:35:07,4.99,0.01,3,1497,买盘
2189,14:35:12,4.98,-0.01,2,996,卖盘
2190,14:35:22,4.99,0.01,30,14970,买盘
2191,14:35:24,4.98,-0.01,44,21937,卖盘
2192,14:35:31,4.99,0.01,1,499,买盘
2193,14:35:34,4.99,0.0,70,34930,买盘
2194,14:35:45,4.99,0.0,180,89820,买盘
2195,14:35:55,4.99,0.0,32,15968,买盘
2196,14:35:58,4.99,0.0,29,14471,买盘
2197,14:36:01,4.99,0.0,10,4990,买盘
2198,14:36:04,4.99,0.0,31,15469,买盘
2199,14:36:07,4.98,-0.01,35,17430,卖盘
2200,14:36:10,4.99,0.01,4,1996,买盘
2201,14:36:13,4.99,0.0,119,59381,买盘
2202,14:36:18,4.99,0.0,2,998,买盘
2203,14:36:22,4.98,-0.01,2,996,卖盘
2204,14:36:25,4.99,0.01,93,46354,买盘
2205,14:36:28,4.99,0.0,5,2495,买盘
2206,14:36:40,4.99,0.0,53,26415,买盘
2207,14:36:46,4.99,0.0,9,4491,买盘
2208,14:36:55,4.98,-0.01,100,49800,卖盘
2209,14:36:58,4.98,0.0,1,498,卖盘
2210,14:37:04,4.98,0.0,11,5478,卖盘
2211,14:37:07,4.98,0.0,170,84755,卖盘
2212,14:37:10,4.99,0.01,20,9980,买盘
2213,14:37:13,4.98,-0.01,30,14940,卖盘
2214,14:37:15,4.99,0.01,10,4990,买盘
2215,14:37:19,4.98,-0.01,2,996,卖盘
2216,14:37:33,4.98,0.0,27,13446,卖盘
2217,14:37:39,4.98,0.0,110,54780,卖盘
2218,14:37:42,4.98,0.0,283,140934,卖盘
2219,14:37:52,4.98,0.0,5,2490,卖盘
2220,14:37:54,4.98,0.0,10,4980,卖盘
2221,14:37:58,4.98,0.0,292,145416,卖盘
2222,14:38:01,4.98,0.0,72,35856,卖盘
2223,14:38:04,4.98,0.0,143,71214,卖盘
2224,14:38:07,4.98,0.0,52,25896,卖盘
2225,14:38:10,4.98,0.0,90,44820,卖盘
2226,14:38:13,4.98,0.0,72,35878,卖盘
2227,14:38:16,4.98,0.0,22,10956,卖盘
2228,14:38:19,4.98,0.0,50,24900,买盘
2229,14:38:27,4.97,-0.01,44,21868,卖盘
2230,14:38:37,4.97,0.0,2,994,卖盘
2231,14:38:49,4.98,0.01,50,24900,买盘
2232,14:38:51,4.97,-0.01,20,9940,卖盘
2233,14:38:55,4.97,0.0,2,994,卖盘
2234,14:39:01,4.98,0.01,11,5478,买盘
2235,14:39:04,4.97,-0.01,9,4473,卖盘
2236,14:39:09,4.97,0.0,6,2982,卖盘
2237,14:39:13,4.97,0.0,251,124747,卖盘
2238,14:39:16,4.97,0.0,1,497,卖盘
2239,14:39:31,4.97,0.0,39,19383,卖盘
2240,14:39:34,4.98,0.01,50,24900,买盘
2241,14:39:46,4.98,0.0,1,498,买盘
2242,14:39:52,4.98,0.0,2,996,买盘
2243,14:39:55,4.98,0.0,10,4980,买盘
2244,14:40:01,4.97,-0.01,10,4970,卖盘
2245,14:40:04,4.97,0.0,11,5467,卖盘
2246,14:40:19,4.98,0.01,101,50200,买盘
2247,14:40:24,4.97,-0.01,22,10934,卖盘
2248,14:40:33,4.98,0.01,10,4980,买盘
2249,14:40:39,4.97,-0.01,1,497,卖盘
2250,14:40:43,4.98,0.01,32,15936,买盘
2251,14:40:46,4.97,-0.01,10,4970,卖盘
2252,14:40:52,4.97,0.0,64,31808,卖盘
2253,14:40:57,4.97,0.0,19,9443,卖盘
2254,14:41:04,4.97,0.0,2,994,卖盘
2255,14:41:10,4.97,0.0,150,74550,卖盘
2256,14:41:13,4.98,0.01,100,49800,买盘
2257,14:41:16,4.98,0.0,99,49214,买盘
2258,14:41:19,4.97,-0.01,14,6958,卖盘
2259,14:41:22,4.97,0.0,500,248500,卖盘
2260,14:41:25,4.97,0.0,9,4473,卖盘
2261,14:41:31,4.97,0.0,35,17395,卖盘
2262,14:41:40,4.98,0.01,99,49233,买盘
2263,14:41:43,4.97,-0.01,22,10934,卖盘
2264,14:41:45,4.97,0.0,55,27335,卖盘
2265,14:41:49,4.97,0.0,20,9940,卖盘
2266,14:41:51,4.97,0.0,5,2485,卖盘
2267,14:41:55,4.97,0.0,15,7455,卖盘
2268,14:41:58,4.97,0.0,63,31311,卖盘
2269,14:42:00,4.97,0.0,18,8946,卖盘
2270,14:42:04,4.97,0.0,4,1988,卖盘
2271,14:42:07,4.97,0.0,44,21868,卖盘
2272,14:42:10,4.97,0.0,38,18886,卖盘
2273,14:42:15,4.97,0.0,21,10437,买盘
2274,14:42:19,4.97,0.0,4,1988,买盘
2275,14:42:27,4.96,-0.01,271,134488,卖盘
2276,14:42:37,4.96,0.0,30,14880,卖盘
2277,14:42:40,4.97,0.01,15,7455,买盘
2278,14:42:43,4.96,-0.01,769,381424,卖盘
2279,14:42:49,4.96,0.0,52,25792,买盘
2280,14:42:52,4.96,0.0,1,496,买盘
2281,14:42:55,4.96,0.0,43,21328,买盘
2282,14:42:57,4.96,0.0,70,34720,买盘
2283,14:43:04,4.95,-0.01,200,99000,卖盘
2284,14:43:10,4.95,0.0,2,990,卖盘
2285,14:43:13,4.95,0.0,2,990,卖盘
2286,14:43:19,4.95,0.0,40,19800,卖盘
2287,14:43:22,4.95,0.0,200,99000,卖盘
2288,14:43:24,4.95,0.0,2,990,卖盘
2289,14:43:33,4.95,0.0,39,19305,卖盘
2290,14:43:40,4.95,0.0,40,19800,卖盘
2291,14:43:43,4.95,0.0,1168,579322,卖盘
2292,14:43:52,4.95,0.0,1,495,卖盘
2293,14:43:55,4.95,0.0,63,31206,卖盘
2294,14:44:01,4.95,0.0,80,39650,卖盘
2295,14:44:10,4.95,0.0,153,75735,卖盘
2296,14:44:12,4.95,0.0,244,120934,卖盘
2297,14:44:16,4.96,0.01,2,992,买盘
2298,14:44:18,4.96,0.0,26,12886,买盘
2299,14:44:24,4.96,0.0,3,1488,买盘
2300,14:44:28,4.96,0.0,40,19840,买盘
2301,14:44:30,4.96,0.0,71,35194,买盘
2302,14:44:34,4.96,0.0,2,992,买盘
2303,14:44:37,4.96,0.0,5,2480,卖盘
2304,14:44:43,4.96,0.0,8,3968,卖盘
2305,14:44:52,4.96,0.0,88,43648,卖盘
2306,14:44:55,4.97,0.01,11,5467,买盘
2307,14:44:58,4.96,-0.01,1,496,卖盘
2308,14:45:04,4.96,0.0,2,992,卖盘
2309,14:45:06,4.97,0.01,20,9940,买盘
2310,14:45:31,4.97,0.0,1,497,买盘
2311,14:45:34,4.97,0.0,235,116795,买盘
2312,14:45:40,4.97,0.0,2,994,买盘
2313,14:45:49,4.96,-0.01,6,2976,卖盘
2314,14:45:55,4.96,0.0,40,19840,卖盘
2315,14:45:58,4.96,0.0,4,1984,卖盘
2316,14:46:01,4.96,0.0,106,52637,卖盘
2317,14:46:07,4.96,0.0,6,2976,卖盘
2318,14:46:10,4.97,0.01,25,12405,买盘
2319,14:46:22,4.96,-0.01,86,42656,卖盘
2320,14:46:43,4.96,0.0,50,24800,卖盘
2321,14:47:01,4.96,0.0,20,9920,卖盘
2322,14:47:04,4.96,0.0,1,496,卖盘
2323,14:47:13,4.97,0.01,5,2485,买盘
2324,14:47:21,4.96,-0.01,50,24800,卖盘
2325,14:47:28,4.96,0.0,15,7440,卖盘
2326,14:47:31,4.96,0.0,40,19840,卖盘
2327,14:47:33,4.97,0.01,4,1988,买盘
2328,14:47:49,4.96,-0.01,2,992,卖盘
2329,14:47:55,4.97,0.01,89,44145,买盘
2330,14:47:58,4.97,0.0,120,59640,买盘
2331,14:48:04,4.97,0.0,22,10934,买盘
2332,14:48:07,4.96,-0.01,120,59574,卖盘
2333,14:48:13,4.96,0.0,1,496,卖盘
2334,14:48:15,4.97,0.01,10,4970,买盘
2335,14:48:24,4.96,-0.01,60,29760,卖盘
2336,14:48:39,4.97,0.01,80,39760,买盘
2337,14:48:42,4.96,-0.01,5,2480,卖盘
2338,14:48:46,4.96,0.0,50,24800,卖盘
2339,14:48:49,4.96,0.0,30,14880,卖盘
2340,14:48:52,4.96,0.0,14,6944,卖盘
2341,14:48:55,4.96,0.0,4,1984,卖盘
2342,14:49:04,4.96,0.0,1,496,卖盘
2343,14:49:10,4.96,0.0,154,76384,卖盘
2344,14:49:12,4.96,0.0,36,17858,卖盘
2345,14:49:19,4.96,0.0,205,101680,卖盘
2346,14:49:21,4.96,0.0,26,12896,卖盘
2347,14:49:25,4.96,0.0,1,496,卖盘
2348,14:49:28,4.96,0.0,80,39680,卖盘
2349,14:49:40,4.96,0.0,49,24304,卖盘
2350,14:49:46,4.96,0.0,62,30757,卖盘
2351,14:49:55,4.96,0.0,39,19344,卖盘
2352,14:49:58,4.96,0.0,41,20336,卖盘
2353,14:50:00,4.96,0.0,1916,952136,卖盘
2354,14:50:04,4.96,0.0,101,50096,卖盘
2355,14:50:10,4.96,0.0,28,13888,卖盘
2356,14:50:13,4.97,0.01,17,8449,买盘
2357,14:50:16,4.97,0.0,47,23359,买盘
2358,14:50:25,4.96,-0.01,303,150291,卖盘
2359,14:50:31,4.97,0.01,4,1988,买盘
2360,14:50:33,4.97,0.0,379,188082,买盘
2361,14:50:39,4.97,0.0,38,18886,买盘
2362,14:50:42,4.97,0.0,40,19870,买盘
2363,14:50:45,4.97,0.0,87,43239,买盘
2364,14:50:48,4.97,0.0,261,129715,买盘
2365,14:50:55,4.97,0.0,78,38814,卖盘
2366,14:50:58,4.97,0.0,25,12425,卖盘
2367,14:51:01,4.97,0.0,45,22362,卖盘
2368,14:51:04,4.97,0.0,3,1491,买盘
2369,14:51:16,4.97,0.0,30,14910,买盘
2370,14:51:18,4.97,0.0,3,1491,买盘
2371,14:51:21,4.96,-0.01,50,24805,卖盘
2372,14:51:24,4.97,0.01,200,99400,买盘
2373,14:51:31,4.97,0.0,201,99896,买盘
2374,14:51:34,4.97,0.0,75,37275,买盘
2375,14:51:43,4.97,0.0,175,86821,买盘
2376,14:51:45,4.97,0.0,119,59143,买盘
2377,14:51:49,4.97,0.0,21,10418,买盘
2378,14:51:55,4.97,0.0,626,311122,买盘
2379,14:51:58,4.96,-0.01,86,42732,卖盘
2380,14:52:01,4.97,0.01,6,2982,买盘
2381,14:52:04,4.97,0.0,49,24353,买盘
2382,14:52:07,4.97,0.0,123,61131,卖盘
2383,14:52:09,4.97,0.0,5,2485,卖盘
2384,14:52:13,4.97,0.0,39,19383,卖盘
2385,14:52:19,4.97,0.0,20,9940,卖盘
2386,14:52:22,4.97,0.0,20,9940,买盘
2387,14:52:25,4.97,0.0,110,54670,买盘
2388,14:52:27,4.97,0.0,364,180908,买盘
2389,14:52:30,4.97,0.0,18,8946,卖盘
2390,14:52:37,4.98,0.01,30,14940,买盘
2391,14:52:43,4.97,-0.01,30,14910,卖盘
2392,14:52:49,4.97,0.0,90,44730,卖盘
2393,14:53:01,4.97,0.0,1009,502472,卖盘
2394,14:53:04,4.98,0.01,16,7967,买盘
2395,14:53:07,4.97,-0.01,48,23856,卖盘
2396,14:53:10,4.97,0.0,20,9940,卖盘
2397,14:53:21,4.97,0.0,4,1988,卖盘
2398,14:53:24,4.97,0.0,37,18389,卖盘
2399,14:53:31,4.98,0.01,100,49799,买盘
2400,14:53:33,4.97,-0.01,9,4473,卖盘
2401,14:53:37,4.97,0.0,111,55170,卖盘
2402,14:53:40,4.97,0.0,20,9940,卖盘
2403,14:53:43,4.98,0.01,41,20397,买盘
2404,14:53:46,4.97,-0.01,1,497,卖盘
2405,14:53:55,4.98,0.01,20,9960,买盘
2406,14:53:58,4.98,0.0,11,5478,买盘
2407,14:54:01,4.98,0.0,10,4980,买盘
2408,14:54:06,4.97,-0.01,25,12425,卖盘
2409,14:54:10,4.98,0.01,13,6474,买盘
2410,14:54:12,4.97,-0.01,3,1491,卖盘
2411,14:54:16,4.98,0.01,32,15936,买盘
2412,14:54:19,4.98,0.0,36,17895,买盘
2413,14:54:25,4.98,0.0,92,45816,买盘
2414,14:54:31,4.97,-0.01,28,13916,卖盘
2415,14:54:33,4.98,0.01,262,130416,买盘
2416,14:54:40,4.98,0.0,13,6474,买盘
2417,14:54:43,4.97,-0.01,49,24387,卖盘
2418,14:54:46,4.97,0.0,159,79023,卖盘
2419,14:54:49,4.97,0.0,1,497,卖盘
2420,14:54:52,4.97,0.0,2,994,卖盘
2421,14:54:58,4.97,0.0,15,7455,卖盘
2422,14:55:01,4.98,0.01,9,4482,买盘
2423,14:55:04,4.97,-0.01,357,177494,卖盘
2424,14:55:07,4.97,0.0,1040,516880,卖盘
2425,14:55:10,4.97,0.0,45,22405,卖盘
2426,14:55:12,4.97,0.0,466,231611,卖盘
2427,14:55:22,4.97,0.0,149,74053,买盘
2428,14:55:25,4.97,0.0,6,2982,买盘
2429,14:55:27,4.97,0.0,63,31311,买盘
2430,14:55:30,4.97,0.0,30,14910,卖盘
2431,14:55:36,4.97,0.0,40,19880,卖盘
2432,14:55:40,4.97,0.0,71,35287,卖盘
2433,14:55:43,4.97,0.0,51,25347,卖盘
2434,14:55:46,4.98,0.01,44,21874,买盘
2435,14:55:49,4.97,-0.01,20,9940,卖盘
2436,14:55:52,4.97,0.0,11,5467,卖盘
2437,14:56:01,4.97,0.0,18,8946,卖盘
2438,14:56:04,4.97,0.0,30,14910,卖盘
2439,14:56:07,4.98,0.01,405,201529,买盘
2440,14:56:10,4.97,-0.01,30,14915,卖盘
2441,14:56:13,4.97,0.0,200,99400,卖盘
2442,14:56:16,4.97,0.0,107,53243,卖盘
2443,14:56:22,4.97,0.0,36,17915,卖盘
2444,14:56:24,4.97,0.0,20,9942,卖盘
2445,14:56:28,4.98,0.01,133,66198,买盘
2446,14:56:37,4.98,0.0,151,75162,买盘
2447,14:56:40,4.97,-0.01,91,45280,卖盘
2448,14:56:43,4.98,0.01,35,17428,买盘
2449,14:56:45,4.97,-0.01,496,247004,卖盘
2450,14:56:55,4.97,0.0,102,50696,卖盘
2451,14:56:58,4.99,0.02,425,211683,买盘
2452,15:00:04,4.99,0.0,4512,2251488,卖盘
