,time,price,change,volume,amount,type
0,09:30:04,4.77,0.02,42,20034,买盘
1,09:30:19,4.78,0.01,828,395784,买盘
2,09:30:22,4.78,0.0,1,478,卖盘
3,09:30:27,4.79,0.01,10,4790,买盘
4,09:30:30,4.79,0.0,314,150320,买盘
5,09:30:33,4.79,0.0,10,4790,买盘
6,09:30:37,4.78,-0.01,5,2390,卖盘
7,09:30:43,4.79,0.01,1,479,买盘
8,09:30:46,4.79,0.0,10,4790,买盘
9,09:30:49,4.78,-0.01,136,65008,卖盘
10,09:30:52,4.79,0.01,23,11017,买盘
11,09:30:54,4.79,0.0,3,1437,买盘
12,09:30:58,4.78,-0.01,364,174118,卖盘
13,09:31:01,4.79,0.01,10,4790,买盘
14,09:31:04,4.78,-0.01,222,106116,卖盘
15,09:31:06,4.78,0.0,62,29636,卖盘
16,09:31:10,4.78,0.0,9,4302,买盘
17,09:31:22,4.77,-0.01,7,3339,卖盘
18,09:31:28,4.78,0.01,4,1912,买盘
19,09:31:31,4.77,-0.01,121,57772,卖盘
20,09:31:37,4.77,0.0,20,9540,买盘
21,09:31:58,4.76,-0.01,21,9996,卖盘
22,09:32:27,4.76,0.0,2,952,卖盘
23,09:32:30,4.76,0.0,32,15232,卖盘
24,09:32:46,4.77,0.01,8,3816,买盘
25,09:32:49,4.76,-0.01,34,16184,卖盘
26,09:32:51,4.77,0.01,88,41976,买盘
27,09:33:07,4.76,-0.01,61,29036,卖盘
28,09:33:09,4.77,0.01,123,58671,买盘
29,09:33:16,4.76,-0.01,67,31892,卖盘
30,09:33:21,4.76,0.0,50,23800,卖盘
31,09:33:34,4.76,0.0,20,9520,卖盘
32,09:33:37,4.76,0.0,29,13804,卖盘
33,09:33:40,4.77,0.01,30,14310,买盘
34,09:33:55,4.77,0.0,50,23850,买盘
35,09:33:58,4.77,0.0,77,36729,买盘
36,09:34:04,4.76,-0.01,2,952,卖盘
37,09:34:07,4.77,0.01,100,47700,买盘
38,09:34:18,4.77,0.0,141,67166,买盘
39,09:34:49,4.77,0.0,15,7155,买盘
40,09:34:54,4.77,0.0,63,30051,买盘
41,09:34:57,4.77,0.0,88,41976,卖盘
42,09:35:01,4.77,0.0,2,954,买盘
43,09:35:04,4.76,-0.01,30,14280,卖盘
44,09:35:06,4.77,0.01,39,18603,买盘
45,09:35:10,4.77,0.0,40,19080,买盘
46,09:35:49,4.77,0.0,14,6678,买盘
47,09:35:51,4.77,0.0,76,36252,买盘
48,09:35:54,4.77,0.0,10,4770,买盘
49,09:35:58,4.77,0.0,300,143100,买盘
50,09:36:10,4.77,0.0,205,97587,买盘
51,09:36:13,4.77,0.0,10,4770,买盘
52,09:36:19,4.77,0.0,100,47700,买盘
53,09:36:22,4.76,-0.01,1,476,卖盘
54,09:36:31,4.77,0.01,30,14310,买盘
55,09:36:40,4.76,-0.01,80,38080,卖盘
56,09:36:42,4.76,0.0,54,25704,卖盘
57,09:36:48,4.77,0.01,100,47700,买盘
58,09:37:01,4.77,0.0,165,78705,买盘
59,09:37:10,4.77,0.0,78,37206,卖盘
60,09:37:13,4.77,0.0,104,49608,买盘
61,09:37:19,4.77,0.0,50,23850,买盘
62,09:37:28,4.77,0.0,66,31482,买盘
63,09:37:34,4.77,0.0,15,7155,买盘
64,09:37:36,4.77,0.0,30,14310,卖盘
65,09:38:16,4.77,0.0,166,79191,卖盘
66,09:38:18,4.77,0.0,4,1908,卖盘
67,09:38:21,4.77,0.0,100,47700,卖盘
68,09:38:25,4.78,0.01,14,6692,买盘
69,09:38:37,4.78,0.0,195,93210,买盘
70,09:38:46,4.78,0.0,20,9560,买盘
71,09:38:49,4.78,0.0,35,16730,买盘
72,09:38:52,4.78,0.0,1132,541096,买盘
73,09:38:58,4.79,0.01,12,5748,买盘
74,09:39:00,4.79,0.0,644,308476,买盘
75,09:39:04,4.8,0.01,531,254880,买盘
76,09:39:09,4.81,0.01,500,240500,买盘
77,09:39:12,4.81,0.0,289,138802,买盘
78,09:39:22,4.82,0.01,1145,551795,买盘
79,09:39:24,4.82,0.0,85,40970,卖盘
80,09:39:27,4.83,0.01,18,8684,买盘
81,09:39:30,4.83,0.0,50,24110,买盘
82,09:39:34,4.82,-0.01,133,64195,卖盘
83,09:39:36,4.83,0.01,223,107627,买盘
84,09:39:39,4.83,0.0,134,64622,买盘
85,09:39:43,4.82,-0.01,67,32332,中性盘
86,09:39:46,4.82,0.0,226,108947,买盘
87,09:39:49,4.82,0.0,57,27474,买盘
88,09:39:51,4.81,-0.01,146,70276,卖盘
89,09:39:54,4.81,0.0,89,42809,买盘
90,09:39:57,4.8,-0.01,25,12000,卖盘
91,09:40:01,4.81,0.01,43,20644,买盘
92,09:40:04,4.81,0.0,230,110630,买盘
93,09:40:06,4.8,-0.01,22,10560,卖盘
94,09:40:10,4.81,0.01,5,2405,买盘
95,09:40:12,4.81,0.0,130,62500,买盘
96,09:40:16,4.81,0.0,54,25964,买盘
97,09:40:19,4.81,0.0,65,31265,买盘
98,09:40:22,4.8,-0.01,449,215520,卖盘
99,09:40:24,4.8,0.0,105,50400,买盘
100,09:40:28,4.8,0.0,26,12480,买盘
101,09:40:34,4.8,0.0,101,48480,买盘
102,09:40:37,4.8,0.0,8,3840,买盘
103,09:40:40,4.8,0.0,166,79680,买盘
104,09:40:43,4.8,0.0,322,154360,买盘
105,09:40:46,4.8,0.0,30,14400,卖盘
106,09:40:49,4.8,0.0,9,4320,卖盘
107,09:40:55,4.8,0.0,204,97920,卖盘
108,09:40:58,4.8,0.0,48,23040,买盘
109,09:41:01,4.8,0.0,18,8640,买盘
110,09:41:04,4.8,0.0,24,11520,买盘
111,09:41:06,4.8,0.0,4,1920,买盘
112,09:41:10,4.79,-0.01,36,17270,卖盘
113,09:41:12,4.79,0.0,29,13908,卖盘
114,09:41:16,4.8,0.01,5,2400,买盘
115,09:41:25,4.8,0.0,17,8160,买盘
116,09:41:40,4.79,-0.01,401,192380,卖盘
117,09:41:42,4.8,0.01,14,6720,买盘
118,09:41:46,4.8,0.0,68,32640,卖盘
119,09:41:55,4.8,0.0,210,100800,卖盘
120,09:41:58,4.81,0.01,22,10562,买盘
121,09:42:01,4.8,-0.01,70,33650,卖盘
122,09:42:04,4.8,0.0,22,10560,卖盘
123,09:42:06,4.8,0.0,105,50400,卖盘
124,09:42:09,4.8,0.0,86,41280,卖盘
125,09:42:12,4.8,0.0,59,28320,买盘
126,09:42:19,4.8,0.0,2,960,卖盘
127,09:42:22,4.8,0.0,9,4320,卖盘
128,09:42:25,4.8,0.0,128,61558,卖盘
129,09:42:28,4.8,0.0,53,25440,卖盘
130,09:42:33,4.8,0.0,64,30720,买盘
131,09:42:39,4.8,0.0,62,29760,买盘
132,09:42:43,4.79,-0.01,50,23950,卖盘
133,09:42:55,4.79,0.0,50,23950,卖盘
134,09:43:09,4.79,0.0,238,114002,卖盘
135,09:43:22,4.79,0.0,7,3353,买盘
136,09:43:28,4.79,0.0,163,78077,买盘
137,09:43:37,4.79,0.0,137,65623,买盘
138,09:43:46,4.79,0.0,302,144658,买盘
139,09:43:49,4.78,-0.01,500,239000,卖盘
140,09:44:01,4.79,0.01,100,47900,买盘
141,09:44:07,4.78,-0.01,92,43976,卖盘
142,09:44:09,4.78,0.0,34,16252,买盘
143,09:44:13,4.78,0.0,3,1434,买盘
144,09:44:22,4.78,0.0,70,33460,卖盘
145,09:44:24,4.79,0.01,33,15797,买盘
146,09:44:27,4.78,-0.01,7,3346,中性盘
147,09:44:34,4.79,0.01,100,47900,买盘
148,09:44:40,4.79,0.0,30,14370,买盘
149,09:44:43,4.79,0.0,15,7185,买盘
150,09:44:49,4.79,0.0,548,262492,买盘
151,09:45:01,4.8,0.01,216,103680,买盘
152,09:45:04,4.8,0.0,10,4800,买盘
153,09:45:06,4.8,0.0,22,10560,买盘
154,09:45:12,4.8,0.0,45,21600,买盘
155,09:45:19,4.8,0.0,30,14400,买盘
156,09:45:22,4.8,0.0,15,7200,买盘
157,09:45:25,4.8,0.0,13,6240,买盘
158,09:45:28,4.79,-0.01,1,479,卖盘
159,09:45:31,4.79,0.0,21,10059,卖盘
160,09:45:34,4.8,0.01,15,7200,买盘
161,09:45:43,4.8,0.0,5,2400,买盘
162,09:45:48,4.8,0.0,68,32597,买盘
163,09:45:52,4.8,0.0,416,199680,买盘
164,09:45:58,4.8,0.0,93,44622,买盘
165,09:46:04,4.81,0.01,480,230880,买盘
166,09:46:10,4.81,0.0,100,48100,买盘
167,09:46:13,4.82,0.01,400,192704,买盘
168,09:46:19,4.82,0.0,75,36138,买盘
169,09:46:28,4.8,-0.02,34,16350,卖盘
170,09:46:31,4.82,0.02,223,107486,买盘
171,09:46:34,4.82,0.0,258,124484,买盘
172,09:46:43,4.83,0.01,1000,482951,买盘
173,09:46:46,4.83,0.0,471,227422,买盘
174,09:46:49,4.82,-0.01,73,35186,卖盘
175,09:46:51,4.83,0.01,734,354522,买盘
176,09:46:55,4.83,0.0,10,4830,卖盘
177,09:46:58,4.83,0.0,292,141159,卖盘
178,09:47:00,4.84,0.01,44,21296,买盘
179,09:47:07,4.83,-0.01,48,23184,卖盘
180,09:47:09,4.83,0.0,3,1449,卖盘
181,09:47:13,4.83,0.0,47,22701,卖盘
182,09:47:16,4.83,0.0,76,36708,买盘
183,09:47:19,4.83,0.0,32,15456,卖盘
184,09:47:21,4.83,0.0,10,4830,买盘
185,09:47:25,4.83,0.0,231,111573,买盘
186,09:47:27,4.82,-0.01,190,91585,卖盘
187,09:47:30,4.82,0.0,70,33750,卖盘
188,09:47:37,4.82,0.0,14,6748,卖盘
189,09:47:39,4.82,0.0,6,2892,买盘
190,09:47:43,4.82,0.0,43,20726,买盘
191,09:47:46,4.81,-0.01,147,70747,卖盘
192,09:47:55,4.81,0.0,2,962,买盘
193,09:47:57,4.81,0.0,11,5291,买盘
194,09:48:00,4.81,0.0,3,1443,买盘
195,09:48:04,4.81,0.0,187,89947,买盘
196,09:48:06,4.81,0.0,31,14911,买盘
197,09:48:09,4.81,0.0,208,100048,买盘
198,09:48:13,4.81,0.0,77,37036,买盘
199,09:48:16,4.81,0.0,46,22126,买盘
200,09:48:19,4.81,0.0,5,2405,买盘
201,09:48:22,4.81,0.0,4,1924,买盘
202,09:48:24,4.81,0.0,97,46657,买盘
203,09:48:30,4.82,0.01,43,20726,买盘
204,09:48:37,4.82,0.0,19,9158,买盘
205,09:48:43,4.82,0.0,14,6748,买盘
206,09:48:46,4.81,-0.01,50,24050,卖盘
207,09:48:48,4.81,0.0,60,28900,卖盘
208,09:48:52,4.82,0.01,67,32294,买盘
209,09:48:55,4.82,0.0,14,6748,卖盘
210,09:49:01,4.81,-0.01,51,24572,卖盘
211,09:49:04,4.82,0.01,39,18798,买盘
212,09:49:09,4.83,0.01,439,211727,买盘
213,09:49:13,4.82,-0.01,6,2892,卖盘
214,09:49:16,4.83,0.01,70,33808,买盘
215,09:49:25,4.82,-0.01,59,28440,卖盘
216,09:49:34,4.82,0.0,57,27474,买盘
217,09:49:40,4.83,0.01,46,22218,买盘
218,09:49:49,4.83,0.0,83,40089,买盘
219,09:49:55,4.83,0.0,5,2415,买盘
220,09:49:58,4.82,-0.01,12,5784,卖盘
221,09:50:00,4.83,0.01,1,483,买盘
222,09:50:07,4.82,-0.01,91,43862,卖盘
223,09:50:10,4.82,0.0,15,7230,卖盘
224,09:50:12,4.82,0.0,27,13021,卖盘
225,09:50:16,4.82,0.0,717,346309,卖盘
226,09:50:19,4.82,0.0,120,57860,卖盘
227,09:50:22,4.82,0.0,150,72300,卖盘
228,09:50:24,4.82,0.0,38,18316,卖盘
229,09:50:28,4.82,0.0,10,4820,卖盘
230,09:50:30,4.82,0.0,25,12050,卖盘
231,09:50:34,4.82,0.0,95,45790,卖盘
232,09:50:39,4.81,-0.01,24,11548,卖盘
233,09:50:43,4.82,0.01,34,16388,买盘
234,09:50:49,4.82,0.0,8,3856,卖盘
235,09:50:55,4.82,0.0,47,22632,买盘
236,09:51:04,4.82,0.0,8,3856,买盘
237,09:51:07,4.82,0.0,15,7230,买盘
238,09:51:10,4.82,0.0,2,964,买盘
239,09:51:12,4.82,0.0,31,14942,买盘
240,09:51:19,4.82,0.0,43,20726,买盘
241,09:51:25,4.81,-0.01,100,48100,卖盘
242,09:51:33,4.81,0.0,5,2405,卖盘
243,09:51:36,4.81,0.0,32,15392,卖盘
244,09:51:39,4.81,0.0,10,4810,卖盘
245,09:51:42,4.81,0.0,135,64935,卖盘
246,09:51:45,4.81,0.0,111,53391,卖盘
247,09:51:48,4.81,0.0,100,48100,卖盘
248,09:51:52,4.81,0.0,166,79846,卖盘
249,09:52:06,4.81,0.0,288,138528,卖盘
250,09:52:10,4.81,0.0,49,23569,卖盘
251,09:52:13,4.81,0.0,10,4810,卖盘
252,09:52:16,4.81,0.0,3,1443,卖盘
253,09:52:19,4.81,0.0,83,39923,卖盘
254,09:52:22,4.81,0.0,1,481,卖盘
255,09:52:25,4.81,0.0,15,7215,卖盘
256,09:52:28,4.81,0.0,51,24531,卖盘
257,09:52:33,4.82,0.01,1061,511402,买盘
258,09:52:36,4.82,0.0,6,2892,卖盘
259,09:52:48,4.83,0.01,1045,504735,买盘
260,09:52:58,4.83,0.0,450,217650,卖盘
261,09:53:04,4.83,0.0,140,67640,卖盘
262,09:53:06,4.83,0.0,26,12569,卖盘
263,09:53:10,4.83,0.0,1,483,卖盘
264,09:53:13,4.84,0.01,125,60380,买盘
265,09:53:19,4.83,-0.01,69,33327,卖盘
266,09:53:22,4.83,0.0,82,39606,买盘
267,09:53:27,4.83,0.0,98,47334,卖盘
268,09:53:31,4.83,0.0,7,3381,卖盘
269,09:53:34,4.84,0.01,89,43027,买盘
270,09:53:37,4.83,-0.01,237,114471,卖盘
271,09:53:46,4.83,0.0,40,19320,买盘
272,09:53:54,4.82,-0.01,218,105076,卖盘
273,09:53:58,4.83,0.01,36,17388,买盘
274,09:54:00,4.83,0.0,5,2415,买盘
275,09:54:04,4.82,-0.01,300,144600,卖盘
276,09:54:10,4.82,0.0,25,12055,卖盘
277,09:54:13,4.82,0.0,200,96400,卖盘
278,09:54:19,4.83,0.01,62,29946,买盘
279,09:54:21,4.82,-0.01,30,14460,卖盘
280,09:54:25,4.82,0.0,180,86760,卖盘
281,09:54:31,4.83,0.01,11,5313,买盘
282,09:54:34,4.82,-0.01,100,48200,卖盘
283,09:54:37,4.82,0.0,303,146046,卖盘
284,09:54:48,4.83,0.01,196,94499,买盘
285,09:54:51,4.83,0.0,100,48300,买盘
286,09:55:00,4.82,-0.01,1,482,卖盘
287,09:55:07,4.83,0.01,427,206134,买盘
288,09:55:10,4.83,0.0,40,19320,买盘
289,09:55:13,4.83,0.0,14,6762,买盘
290,09:55:16,4.83,0.0,9,4347,买盘
291,09:55:19,4.83,0.0,22,10626,买盘
292,09:55:22,4.82,-0.01,10,4820,卖盘
293,09:55:25,4.82,0.0,24,11568,卖盘
294,09:55:30,4.83,0.01,200,96600,买盘
295,09:55:33,4.83,0.0,86,41523,买盘
296,09:55:36,4.83,0.0,100,48300,买盘
297,09:55:40,4.82,-0.01,10,4820,卖盘
298,09:55:43,4.83,0.01,3,1449,买盘
299,09:55:49,4.83,0.0,311,150213,买盘
300,09:56:07,4.82,-0.01,1,482,卖盘
301,09:56:10,4.82,0.0,35,16870,卖盘
302,09:56:19,4.82,0.0,521,251122,卖盘
303,09:56:22,4.83,0.01,11,5313,买盘
304,09:56:25,4.83,0.0,82,39544,买盘
305,09:56:31,4.82,-0.01,293,141333,卖盘
306,09:56:33,4.82,0.0,435,209670,卖盘
307,09:56:37,4.82,0.0,842,406144,卖盘
308,09:56:40,4.82,0.0,187,90134,卖盘
309,09:56:42,4.81,-0.01,160,77088,卖盘
310,09:56:46,4.82,0.01,120,57840,买盘
311,09:56:49,4.81,-0.01,23,11063,卖盘
312,09:56:55,4.82,0.01,19,9158,买盘
313,09:56:58,4.82,0.0,30,14460,买盘
314,09:57:01,4.81,-0.01,31,14911,卖盘
315,09:57:09,4.81,0.0,20,9620,卖盘
316,09:57:12,4.81,0.0,20,9620,卖盘
317,09:57:15,4.81,0.0,22,10582,卖盘
318,09:57:25,4.81,0.0,22,10582,卖盘
319,09:57:28,4.81,0.0,15,7215,卖盘
320,09:57:30,4.81,0.0,30,14430,卖盘
321,09:57:33,4.82,0.01,64,30848,买盘
322,09:57:36,4.81,-0.01,30,14450,卖盘
323,09:57:40,4.82,0.01,200,96400,买盘
324,09:57:43,4.82,0.0,68,32776,买盘
325,09:57:46,4.82,0.0,19,9158,买盘
326,09:57:49,4.82,0.0,25,12050,买盘
327,09:57:54,4.81,-0.01,15,7215,卖盘
328,09:58:10,4.82,0.01,20,9640,买盘
329,09:58:16,4.82,0.0,20,9640,买盘
330,09:58:28,4.82,0.0,51,24582,买盘
331,09:58:31,4.82,0.0,15,7230,买盘
332,09:58:34,4.81,-0.01,6,2886,卖盘
333,09:58:42,4.81,0.0,52,25012,卖盘
334,09:58:46,4.81,0.0,2,962,卖盘
335,09:58:48,4.81,0.0,10,4810,卖盘
336,09:58:51,4.82,0.01,234,112788,买盘
337,09:59:04,4.82,0.0,193,93026,卖盘
338,09:59:06,4.82,0.0,102,49164,卖盘
339,09:59:09,4.82,0.0,54,26028,买盘
340,09:59:16,4.82,0.0,10,4820,卖盘
341,09:59:19,4.83,0.01,5,2415,买盘
342,09:59:22,4.82,-0.01,50,24100,卖盘
343,09:59:34,4.82,0.0,18,8676,卖盘
344,09:59:37,4.82,0.0,3,1446,卖盘
345,09:59:46,4.83,0.01,90,43470,买盘
346,09:59:58,4.83,0.0,454,219282,买盘
347,10:00:07,4.82,-0.01,50,24100,卖盘
348,10:00:10,4.83,0.01,562,271446,买盘
349,10:00:16,4.83,0.0,125,60375,买盘
350,10:00:22,4.83,0.0,5,2415,卖盘
351,10:00:25,4.84,0.01,235,113740,买盘
352,10:00:27,4.83,-0.01,45,21735,卖盘
353,10:00:37,4.84,0.01,35,16940,买盘
354,10:00:49,4.83,-0.01,20,9660,卖盘
355,10:00:55,4.83,0.0,680,328659,卖盘
356,10:00:57,4.83,0.0,1,483,买盘
357,10:01:00,4.83,0.0,10,4830,买盘
358,10:01:04,4.83,0.0,90,43470,买盘
359,10:01:07,4.84,0.01,219,105842,买盘
360,10:01:19,4.83,-0.01,65,31420,卖盘
361,10:01:22,4.84,0.01,70,33880,买盘
362,10:01:25,4.83,-0.01,87,42021,卖盘
363,10:01:28,4.83,0.0,6,2898,买盘
364,10:01:31,4.83,0.0,6,2898,买盘
365,10:01:34,4.83,0.0,52,25116,买盘
366,10:01:37,4.83,0.0,3,1449,买盘
367,10:01:48,4.83,0.0,10,4830,买盘
368,10:02:07,4.82,-0.01,26,12532,卖盘
369,10:02:19,4.82,0.0,31,14942,卖盘
370,10:02:21,4.82,0.0,49,23618,卖盘
371,10:02:27,4.82,0.0,21,10123,卖盘
372,10:02:30,4.82,0.0,1,482,卖盘
373,10:02:37,4.82,0.0,11,5302,卖盘
374,10:02:51,4.82,0.0,71,34222,卖盘
375,10:02:57,4.83,0.01,1,483,买盘
376,10:03:01,4.82,-0.01,4,1928,卖盘
377,10:03:04,4.83,0.01,8,3864,买盘
378,10:03:10,4.82,-0.01,10,4820,卖盘
379,10:03:13,4.83,0.01,101,48783,买盘
380,10:03:15,4.82,-0.01,50,24100,卖盘
381,10:03:22,4.82,0.0,36,17352,卖盘
382,10:03:28,4.82,0.0,201,96883,卖盘
383,10:03:30,4.82,0.0,9,4338,卖盘
384,10:03:33,4.82,0.0,5,2410,卖盘
385,10:03:40,4.82,0.0,10,4825,卖盘
386,10:03:43,4.83,0.01,411,198103,买盘
387,10:03:48,4.82,-0.01,11,5303,卖盘
388,10:04:10,4.82,0.0,100,48200,卖盘
389,10:04:13,4.82,0.0,200,96400,卖盘
390,10:04:16,4.82,0.0,57,27474,卖盘
391,10:04:28,4.82,0.0,27,13014,买盘
392,10:04:34,4.82,0.0,19,9158,买盘
393,10:04:46,4.82,0.0,40,19280,买盘
394,10:05:04,4.82,0.0,30,14460,买盘
395,10:05:06,4.82,0.0,288,138816,买盘
396,10:05:16,4.81,-0.01,85,40908,卖盘
397,10:05:27,4.82,0.01,20,9640,卖盘
398,10:05:30,4.81,-0.01,20,9630,卖盘
399,10:05:40,4.81,0.0,1,481,卖盘
400,10:05:52,4.81,0.0,153,73593,卖盘
401,10:05:58,4.81,0.0,4,1924,卖盘
402,10:06:04,4.81,0.0,185,88989,卖盘
403,10:06:18,4.81,0.0,141,67821,卖盘
404,10:06:21,4.81,0.0,20,9620,卖盘
405,10:06:34,4.81,0.0,63,30303,卖盘
406,10:06:46,4.82,0.01,5,2410,买盘
407,10:06:54,4.81,-0.01,38,18278,卖盘
408,10:07:01,4.82,0.01,4,1928,买盘
409,10:07:12,4.82,0.0,3,1446,买盘
410,10:07:21,4.81,-0.01,74,35594,卖盘
411,10:07:24,4.82,0.01,217,104577,买盘
412,10:07:33,4.82,0.0,10,4820,买盘
413,10:07:40,4.82,0.0,195,93990,买盘
414,10:07:43,4.82,0.0,28,13496,买盘
415,10:07:52,4.82,0.0,46,22175,卖盘
416,10:08:01,4.82,0.0,7,3374,买盘
417,10:08:04,4.82,0.0,7,3374,卖盘
418,10:08:16,4.82,0.0,195,93990,买盘
419,10:08:31,4.82,0.0,4,1928,买盘
420,10:08:40,4.82,0.0,25,12050,买盘
421,10:08:42,4.82,0.0,51,24582,卖盘
422,10:08:52,4.82,0.0,72,34704,买盘
423,10:08:57,4.82,0.0,59,28438,买盘
424,10:09:04,4.83,0.01,183,88389,买盘
425,10:09:19,4.83,0.0,122,58926,买盘
426,10:09:27,4.82,-0.01,2,964,卖盘
427,10:09:34,4.83,0.01,449,216867,买盘
428,10:09:37,4.83,0.0,5,2415,买盘
429,10:09:40,4.83,0.0,48,23184,买盘
430,10:09:42,4.83,0.0,44,21252,买盘
431,10:09:51,4.83,0.0,22,10626,买盘
432,10:09:55,4.83,0.0,20,9660,买盘
433,10:10:03,4.83,0.0,23,11109,买盘
434,10:10:13,4.82,-0.01,55,26510,卖盘
435,10:10:16,4.82,0.0,62,29926,卖盘
436,10:10:52,4.82,0.0,20,9640,卖盘
437,10:10:55,4.83,0.01,40,19320,买盘
438,10:11:07,4.82,-0.01,34,16388,卖盘
439,10:11:31,4.83,0.01,100,48300,买盘
440,10:11:43,4.82,-0.01,5,2410,卖盘
441,10:11:49,4.83,0.01,4,1932,买盘
442,10:11:52,4.82,-0.01,8,3856,卖盘
443,10:12:04,4.83,0.01,16,7728,买盘
444,10:12:16,4.83,0.0,5,2415,买盘
445,10:12:22,4.83,0.0,6,2898,买盘
446,10:12:34,4.83,0.0,100,48300,买盘
447,10:12:37,4.82,-0.01,40,19280,卖盘
448,10:12:43,4.83,0.01,39,18837,买盘
449,10:12:54,4.83,0.0,25,12075,买盘
450,10:13:00,4.83,0.0,10,4830,买盘
451,10:13:03,4.83,0.0,22,10626,买盘
452,10:13:10,4.82,-0.01,3,1446,卖盘
453,10:13:12,4.83,0.01,262,126546,买盘
454,10:13:19,4.82,-0.01,36,17352,卖盘
455,10:13:33,4.83,0.01,100,48300,买盘
456,10:13:49,4.83,0.0,3,1449,买盘
457,10:13:55,4.83,0.0,60,28980,买盘
458,10:14:01,4.83,0.0,10,4830,买盘
459,10:14:04,4.82,-0.01,6,2892,卖盘
460,10:14:07,4.82,0.0,26,12532,卖盘
461,10:14:16,4.82,0.0,9,4338,卖盘
462,10:14:19,4.83,0.01,10,4830,买盘
463,10:14:31,4.82,-0.01,36,17352,卖盘
464,10:14:45,4.82,0.0,200,96400,卖盘
465,10:15:40,4.82,0.0,30,14460,卖盘
466,10:15:43,4.82,0.0,46,22172,卖盘
467,10:15:51,4.82,0.0,5,2410,卖盘
468,10:16:00,4.82,0.0,3,1446,卖盘
469,10:16:15,4.82,0.0,48,23136,卖盘
470,10:16:25,4.83,0.01,2,966,买盘
471,10:16:42,4.83,0.0,5,2415,买盘
472,10:16:45,4.82,-0.01,158,76293,卖盘
473,10:17:01,4.82,0.0,13,6266,卖盘
474,10:17:18,4.83,0.01,157,75831,买盘
475,10:17:28,4.82,-0.01,1,482,卖盘
476,10:17:31,4.82,0.0,58,27956,卖盘
477,10:17:40,4.83,0.01,10,4830,买盘
478,10:17:43,4.83,0.0,2,966,买盘
479,10:17:55,4.83,0.0,5,2415,买盘
480,10:18:04,4.83,0.0,150,72450,买盘
481,10:18:19,4.83,0.0,30,14490,买盘
482,10:18:22,4.83,0.0,21,10143,买盘
483,10:18:28,4.83,0.0,2,966,买盘
484,10:18:33,4.82,-0.01,106,51092,卖盘
485,10:18:40,4.82,0.0,8,3856,卖盘
486,10:18:43,4.83,0.01,7,3381,买盘
487,10:18:55,4.82,-0.01,20,9640,卖盘
488,10:19:07,4.82,0.0,10,4820,卖盘
489,10:19:13,4.83,0.01,470,226983,买盘
490,10:19:31,4.83,0.0,3,1449,买盘
491,10:19:34,4.83,0.0,20,9660,买盘
492,10:19:40,4.83,0.0,2,966,买盘
493,10:19:43,4.83,0.0,10,4830,买盘
494,10:19:48,4.83,0.0,29,14007,买盘
495,10:20:07,4.83,0.0,159,76797,买盘
496,10:20:10,4.82,-0.01,20,9640,卖盘
497,10:20:15,4.83,0.01,12,5796,买盘
498,10:20:19,4.83,0.0,20,9660,买盘
499,10:20:21,4.83,0.0,5,2415,买盘
500,10:20:28,4.82,-0.01,10,4820,卖盘
501,10:20:42,4.82,0.0,96,46348,卖盘
502,10:20:51,4.83,0.01,91,43912,买盘
503,10:21:01,4.82,-0.01,2,964,卖盘
504,10:21:16,4.82,0.0,60,28920,卖盘
505,10:21:19,4.83,0.01,56,27048,买盘
506,10:21:24,4.82,-0.01,26,12535,卖盘
507,10:21:33,4.82,0.0,158,76156,卖盘
508,10:21:37,4.83,0.01,17,8211,买盘
509,10:21:45,4.83,0.0,50,24150,买盘
510,10:21:55,4.83,0.0,29,14007,买盘
511,10:21:57,4.83,0.0,14,6762,买盘
512,10:22:36,4.82,-0.01,4,1928,卖盘
513,10:22:45,4.83,0.01,9,4347,买盘
514,10:22:57,4.82,-0.01,33,15906,卖盘
515,10:23:16,4.83,0.01,97,46851,买盘
516,10:23:18,4.83,0.0,25,12075,买盘
517,10:23:22,4.82,-0.01,2,964,卖盘
518,10:23:43,4.82,0.0,1,482,卖盘
519,10:23:49,4.83,0.01,22,10626,买盘
520,10:24:12,4.82,-0.01,336,161952,卖盘
521,10:24:16,4.82,0.0,128,61816,卖盘
522,10:24:19,4.82,0.0,40,19280,卖盘
523,10:24:25,4.82,0.0,34,16388,卖盘
524,10:24:31,4.82,0.0,51,24582,卖盘
525,10:24:36,4.82,0.0,57,27474,卖盘
526,10:24:39,4.82,0.0,60,28920,卖盘
527,10:24:42,4.82,0.0,26,12532,卖盘
528,10:24:45,4.82,0.0,49,23618,卖盘
529,10:24:49,4.82,0.0,34,16388,卖盘
530,10:24:52,4.82,0.0,175,84350,卖盘
531,10:24:57,4.82,0.0,300,144600,卖盘
532,10:25:01,4.82,0.0,234,112788,卖盘
533,10:25:07,4.82,0.0,60,28920,买盘
534,10:25:09,4.81,-0.01,54,25974,卖盘
535,10:25:25,4.82,0.01,1,482,买盘
536,10:25:40,4.82,0.0,100,48200,买盘
537,10:25:49,4.81,-0.01,10,4810,卖盘
538,10:25:52,4.82,0.01,173,83293,买盘
539,10:25:55,4.81,-0.01,186,89466,卖盘
540,10:25:57,4.81,0.0,214,102934,卖盘
541,10:26:01,4.81,0.0,30,14430,卖盘
542,10:26:04,4.81,0.0,10,4810,卖盘
543,10:26:30,4.81,0.0,4,1924,卖盘
544,10:26:42,4.81,0.0,191,91871,卖盘
545,10:26:45,4.81,0.0,1,481,买盘
546,10:26:49,4.81,0.0,1,481,买盘
547,10:26:52,4.81,0.0,1,481,买盘
548,10:26:55,4.81,0.0,1,481,买盘
549,10:26:58,4.81,0.0,1,481,买盘
550,10:27:01,4.81,0.0,4,1924,买盘
551,10:27:04,4.81,0.0,24,11544,卖盘
552,10:27:18,4.81,0.0,3,1443,卖盘
553,10:27:30,4.81,0.0,20,9620,卖盘
554,10:27:39,4.81,0.0,31,14911,卖盘
555,10:27:43,4.81,0.0,2,962,卖盘
556,10:27:51,4.81,0.0,39,18759,卖盘
557,10:28:00,4.81,0.0,20,9620,卖盘
558,10:28:04,4.81,0.0,83,39923,卖盘
559,10:28:07,4.82,0.01,7,3368,买盘
560,10:28:22,4.81,-0.01,100,48100,卖盘
561,10:28:46,4.81,0.0,10,4810,卖盘
562,10:28:52,4.81,0.0,315,151515,卖盘
563,10:28:55,4.81,0.0,9,4329,买盘
564,10:28:57,4.81,0.0,698,335738,买盘
565,10:29:01,4.81,0.0,50,24050,买盘
566,10:29:04,4.81,0.0,54,25974,买盘
567,10:29:06,4.81,0.0,37,17797,买盘
568,10:29:09,4.81,0.0,558,268398,买盘
569,10:29:13,4.81,0.0,6,2886,买盘
570,10:29:16,4.82,0.01,186,89559,买盘
571,10:29:33,4.82,0.0,41,19762,买盘
572,10:29:55,4.82,0.0,5,2410,买盘
573,10:30:04,4.81,-0.01,150,72150,卖盘
574,10:30:15,4.82,0.01,78,37596,买盘
575,10:30:37,4.82,0.0,26,12532,买盘
576,10:30:46,4.82,0.0,30,14460,买盘
577,10:30:58,4.82,0.0,50,24100,买盘
578,10:31:09,4.82,0.0,1,482,买盘
579,10:31:15,4.82,0.0,100,48200,买盘
580,10:31:54,4.82,0.0,33,15903,买盘
581,10:32:01,4.81,-0.01,61,29401,卖盘
582,10:32:16,4.81,0.0,20,9620,卖盘
583,10:32:34,4.81,0.0,20,9620,卖盘
584,10:32:37,4.82,0.01,61,29349,买盘
585,10:32:43,4.82,0.0,51,24552,买盘
586,10:32:48,4.81,-0.01,30,14430,卖盘
587,10:32:51,4.81,0.0,21,10101,卖盘
588,10:33:04,4.81,0.0,3,1443,卖盘
589,10:33:18,4.81,0.0,135,64935,卖盘
590,10:33:25,4.81,0.0,36,17316,卖盘
591,10:33:30,4.81,0.0,28,13468,卖盘
592,10:33:37,4.81,0.0,49,23569,卖盘
593,10:33:46,4.81,0.0,50,24050,卖盘
594,10:34:00,4.81,0.0,9,4329,卖盘
595,10:34:13,4.82,0.01,2,964,买盘
596,10:34:25,4.81,-0.01,15,7215,卖盘
597,10:34:27,4.81,0.0,12,5772,卖盘
598,10:34:46,4.81,0.0,32,15392,卖盘
599,10:34:58,4.81,0.0,21,10101,卖盘
600,10:35:06,4.81,0.0,3,1443,卖盘
601,10:35:09,4.82,0.01,37,17799,买盘
602,10:35:36,4.81,-0.01,17,8177,卖盘
603,10:35:39,4.82,0.01,25,12050,买盘
604,10:35:52,4.81,-0.01,400,192400,卖盘
605,10:35:57,4.81,0.0,20,9620,卖盘
606,10:36:04,4.81,0.0,69,33189,卖盘
607,10:36:09,4.81,0.0,53,25493,卖盘
608,10:36:19,4.82,0.01,62,29884,买盘
609,10:36:25,4.81,-0.01,10,4810,卖盘
610,10:36:30,4.81,0.0,25,12025,卖盘
611,10:36:45,4.82,0.01,10,4820,买盘
612,10:36:51,4.81,-0.01,15,7215,卖盘
613,10:36:58,4.81,0.0,10,4810,卖盘
614,10:37:21,4.81,0.0,137,65897,卖盘
615,10:37:42,4.81,0.0,25,12025,买盘
616,10:37:57,4.81,0.0,291,139971,买盘
617,10:38:00,4.81,0.0,196,94276,买盘
618,10:38:04,4.81,0.0,27,12987,买盘
619,10:38:07,4.81,0.0,39,18759,买盘
620,10:38:10,4.81,0.0,64,30784,买盘
621,10:38:12,4.81,0.0,46,22126,买盘
622,10:38:16,4.81,0.0,13,6253,买盘
623,10:38:19,4.81,0.0,5,2405,买盘
624,10:38:22,4.8,-0.01,86,41311,卖盘
625,10:38:24,4.81,0.01,2,962,买盘
626,10:38:30,4.81,0.0,67,32227,买盘
627,10:38:34,4.81,0.0,24,11544,买盘
628,10:39:18,4.81,0.0,24,11544,买盘
629,10:39:21,4.81,0.0,42,20202,买盘
630,10:40:13,4.81,0.0,40,19240,买盘
631,10:40:52,4.81,0.0,10,4810,买盘
632,10:41:01,4.8,-0.01,20,9600,卖盘
633,10:41:06,4.81,0.01,43,20683,买盘
634,10:41:28,4.81,0.0,46,22126,买盘
635,10:41:40,4.81,0.0,79,37999,买盘
636,10:41:43,4.8,-0.01,202,96960,卖盘
637,10:41:46,4.8,0.0,30,14400,卖盘
638,10:42:18,4.8,0.0,50,24000,卖盘
639,10:42:25,4.81,0.01,10,4810,买盘
640,10:43:10,4.8,-0.01,50,24000,卖盘
641,10:43:36,4.8,0.0,30,14400,卖盘
642,10:43:45,4.8,0.0,15,7200,卖盘
643,10:44:07,4.8,0.0,40,19200,卖盘
644,10:44:31,4.8,0.0,1,480,卖盘
645,10:44:33,4.8,0.0,40,19200,卖盘
646,10:44:58,4.8,0.0,50,24000,卖盘
647,10:45:04,4.8,0.0,39,18720,卖盘
648,10:45:09,4.8,0.0,1,480,卖盘
649,10:45:16,4.8,0.0,362,173760,卖盘
650,10:45:43,4.8,0.0,21,10080,卖盘
651,10:45:46,4.8,0.0,15,7200,卖盘
652,10:45:55,4.8,0.0,68,32640,卖盘
653,10:46:18,4.8,0.0,8,3840,卖盘
654,10:46:24,4.8,0.0,19,9120,卖盘
655,10:46:45,4.8,0.0,2,960,卖盘
656,10:47:04,4.8,0.0,19,9120,卖盘
657,10:47:13,4.8,0.0,30,14400,卖盘
658,10:47:15,4.8,0.0,600,288000,卖盘
659,10:47:21,4.8,0.0,50,24000,卖盘
660,10:47:33,4.81,0.01,78,37518,买盘
661,10:47:37,4.81,0.0,111,53391,买盘
662,10:48:39,4.81,0.0,5,2405,买盘
663,10:48:52,4.81,0.0,5,2405,买盘
664,10:49:04,4.81,0.0,50,24050,买盘
665,10:49:15,4.81,0.0,50,24050,买盘
666,10:49:18,4.81,0.0,112,53872,买盘
667,10:49:22,4.8,-0.01,19,9120,卖盘
668,10:50:07,4.81,0.01,15,7215,买盘
669,10:51:09,4.81,0.0,6,2886,买盘
670,10:51:28,4.81,0.0,10,4810,买盘
671,10:52:04,4.81,0.0,50,24050,买盘
672,10:52:09,4.8,-0.01,15,7200,卖盘
673,10:52:13,4.8,0.0,54,25920,卖盘
674,10:53:18,4.81,0.01,23,11063,买盘
675,10:53:31,4.81,0.0,10,4810,买盘
676,10:53:33,4.81,0.0,43,20683,买盘
677,10:53:36,4.81,0.0,153,73593,买盘
678,10:53:39,4.81,0.0,50,24050,卖盘
679,10:54:01,4.8,-0.01,10,4800,卖盘
680,10:54:36,4.8,0.0,53,25440,卖盘
681,10:55:33,4.81,0.01,14,6734,买盘
682,10:55:54,4.81,0.0,6,2886,买盘
683,10:55:57,4.8,-0.01,20,9600,卖盘
684,10:56:15,4.8,0.0,30,14400,卖盘
685,10:56:34,4.8,0.0,1,480,卖盘
686,10:56:40,4.81,0.01,38,18278,买盘
687,10:56:51,4.8,-0.01,10,4800,卖盘
688,10:57:21,4.81,0.01,72,34632,买盘
689,10:57:48,4.81,0.0,136,65416,买盘
690,10:57:54,4.81,0.0,50,24050,买盘
691,10:58:00,4.8,-0.01,461,221280,卖盘
692,10:58:24,4.8,0.0,30,14400,卖盘
693,10:58:48,4.8,0.0,10,4800,卖盘
694,10:59:12,4.8,0.0,41,19680,卖盘
695,10:59:22,4.81,0.01,3,1443,买盘
696,10:59:30,4.81,0.0,1,481,买盘
697,10:59:45,4.8,-0.01,34,16320,卖盘
698,11:00:04,4.8,0.0,1,480,卖盘
699,11:00:19,4.8,0.0,10,4800,卖盘
700,11:00:30,4.81,0.01,45,21645,买盘
701,11:00:51,4.8,-0.01,70,33600,卖盘
702,11:00:57,4.81,0.01,22,10582,买盘
703,11:01:07,4.8,-0.01,72,34560,卖盘
704,11:01:12,4.8,0.0,100,48000,卖盘
705,11:01:30,4.8,0.0,922,442560,卖盘
706,11:01:33,4.81,0.01,3,1443,买盘
707,11:01:36,4.8,-0.01,3,1440,卖盘
708,11:01:43,4.81,0.01,18,8658,买盘
709,11:01:48,4.8,-0.01,50,24000,卖盘
710,11:01:54,4.8,0.0,193,92640,卖盘
711,11:03:03,4.79,-0.01,646,309434,卖盘
712,11:03:09,4.79,0.0,50,23950,买盘
713,11:03:18,4.78,-0.01,20,9560,卖盘
714,11:03:24,4.79,0.01,10,4790,买盘
715,11:03:48,4.78,-0.01,104,49712,卖盘
716,11:04:27,4.78,0.0,10,4780,卖盘
717,11:04:45,4.79,0.01,28,13412,买盘
718,11:04:49,4.79,0.0,196,93884,买盘
719,11:04:54,4.79,0.0,20,9580,买盘
720,11:05:03,4.79,0.0,34,16286,买盘
721,11:05:06,4.79,0.0,4,1916,买盘
722,11:05:21,4.79,0.0,106,50774,买盘
723,11:05:24,4.79,0.0,53,25387,买盘
724,11:05:39,4.79,0.0,23,11017,买盘
725,11:05:45,4.79,0.0,30,14370,卖盘
726,11:06:30,4.79,0.0,45,21555,卖盘
727,11:06:45,4.79,0.0,22,10538,卖盘
728,11:07:09,4.79,0.0,38,18202,卖盘
729,11:08:30,4.79,0.0,20,9580,卖盘
730,11:09:33,4.79,0.0,20,9580,卖盘
731,11:10:00,4.8,0.01,25,12000,买盘
732,11:10:21,4.8,0.0,20,9600,买盘
733,11:10:42,4.8,0.0,5,2400,买盘
734,11:12:54,4.8,0.0,93,44640,买盘
735,11:13:12,4.8,0.0,89,42720,买盘
736,11:13:16,4.79,-0.01,2,958,卖盘
737,11:13:27,4.79,0.0,19,9101,卖盘
738,11:13:55,4.79,0.0,20,9580,卖盘
739,11:15:01,4.79,0.0,11,5269,卖盘
740,11:15:13,4.79,0.0,10,4790,卖盘
741,11:15:24,4.79,0.0,5,2395,卖盘
742,11:15:27,4.79,0.0,178,85267,卖盘
743,11:15:52,4.79,0.0,5,2395,卖盘
744,11:16:36,4.79,0.0,434,207886,卖盘
745,11:17:04,4.78,-0.01,3,1434,卖盘
746,11:17:33,4.78,0.0,100,47800,卖盘
747,11:17:36,4.79,0.01,10,4790,买盘
748,11:17:54,4.78,-0.01,9,4302,卖盘
749,11:18:21,4.79,0.01,96,45984,买盘
750,11:18:24,4.79,0.0,19,9101,买盘
751,11:18:27,4.79,0.0,28,13412,买盘
752,11:18:37,4.79,0.0,154,73766,买盘
753,11:18:39,4.79,0.0,5,2395,买盘
754,11:18:57,4.79,0.0,60,28740,卖盘
755,11:19:00,4.79,0.0,128,61312,卖盘
756,11:20:00,4.8,0.01,100,48000,买盘
757,11:20:45,4.8,0.0,40,19200,买盘
758,11:21:15,4.8,0.0,4,1920,买盘
759,11:21:25,4.79,-0.01,4,1916,卖盘
760,11:21:31,4.79,0.0,31,14849,卖盘
761,11:21:54,4.79,0.0,20,9580,卖盘
762,11:22:12,4.79,0.0,10,4790,卖盘
763,11:22:57,4.79,0.0,3,1437,卖盘
764,11:23:15,4.79,0.0,29,13891,卖盘
765,11:23:27,4.79,0.0,50,23950,卖盘
766,11:23:58,4.79,0.0,4,1916,卖盘
767,11:24:07,4.79,0.0,108,51732,卖盘
768,11:24:42,4.79,0.0,52,24908,卖盘
769,11:24:57,4.8,0.01,10,4800,买盘
770,11:25:12,4.8,0.0,29,13920,买盘
771,11:25:33,4.79,-0.01,100,47900,卖盘
772,11:26:07,4.8,0.01,30,14400,买盘
773,11:26:51,4.8,0.0,10,4800,买盘
774,11:27:04,4.8,0.0,5,2400,买盘
775,11:27:42,4.79,-0.01,1,479,卖盘
776,11:28:12,4.79,0.0,50,23950,卖盘
777,11:28:18,4.8,0.01,10,4800,买盘
778,11:28:33,4.79,-0.01,1,479,卖盘
779,11:29:33,4.8,0.01,2,960,买盘
780,11:29:57,4.8,0.0,9,4320,买盘
781,13:00:04,4.8,0.0,1142,547933,买盘
782,13:00:15,4.81,0.01,90,43290,买盘
783,13:01:00,4.8,-0.01,215,103200,卖盘
784,13:01:18,4.8,0.0,51,24480,卖盘
785,13:02:00,4.79,-0.01,141,67539,卖盘
786,13:03:21,4.8,0.01,90,43200,买盘
787,13:03:28,4.79,-0.01,10,4790,卖盘
788,13:05:04,4.79,0.0,7,3353,卖盘
789,13:05:33,4.8,0.01,11,5280,买盘
790,13:06:04,4.8,0.0,138,66240,买盘
791,13:08:09,4.8,0.0,12,5760,买盘
792,13:08:48,4.8,0.0,10,4800,买盘
793,13:10:54,4.8,0.0,6,2880,买盘
794,13:14:49,4.79,-0.01,41,19639,卖盘
795,13:15:12,4.79,0.0,11,5269,卖盘
796,13:15:33,4.79,0.0,120,57480,卖盘
797,13:15:42,4.79,0.0,40,19160,卖盘
798,13:16:01,4.79,0.0,5,2395,卖盘
799,13:18:24,4.8,0.01,70,33600,买盘
800,13:18:27,4.8,0.0,72,34560,买盘
801,13:18:30,4.8,0.0,21,10080,买盘
802,13:18:37,4.8,0.0,2,960,买盘
803,13:18:39,4.8,0.0,32,15360,买盘
804,13:18:43,4.8,0.0,28,13440,买盘
805,13:18:51,4.79,-0.01,4,1916,卖盘
806,13:19:30,4.8,0.01,2,960,买盘
807,13:19:33,4.8,0.0,72,34560,买盘
808,13:19:36,4.8,0.0,20,9600,买盘
809,13:19:39,4.8,0.0,21,10080,买盘
810,13:19:54,4.8,0.0,6,2880,买盘
811,13:20:30,4.8,0.0,5,2400,买盘
812,13:20:33,4.8,0.0,72,34560,买盘
813,13:21:06,4.79,-0.01,1,479,卖盘
814,13:21:24,4.79,0.0,20,9580,卖盘
815,13:22:04,4.8,0.01,90,43200,买盘
816,13:22:06,4.8,0.0,100,48000,买盘
817,13:22:10,4.8,0.0,56,26880,买盘
818,13:22:13,4.8,0.0,4,1920,买盘
819,13:22:24,4.8,0.0,83,39840,买盘
820,13:22:30,4.8,0.0,5,2400,买盘
821,13:22:36,4.8,0.0,56,26880,买盘
822,13:23:00,4.8,0.0,176,84480,买盘
823,13:23:04,4.8,0.0,38,18240,买盘
824,13:23:31,4.8,0.0,10,4800,卖盘
825,13:23:55,4.8,0.0,10,4800,卖盘
826,13:24:01,4.8,0.0,83,39840,卖盘
827,13:24:15,4.8,0.0,30,14400,卖盘
828,13:24:54,4.81,0.01,53,25493,买盘
829,13:25:30,4.8,-0.01,106,50886,卖盘
830,13:25:43,4.8,0.0,32,15360,卖盘
831,13:25:46,4.81,0.01,98,47138,买盘
832,13:26:12,4.81,0.0,49,23569,买盘
833,13:26:21,4.81,0.0,10,4810,买盘
834,13:26:48,4.8,-0.01,69,33120,卖盘
835,13:28:46,4.8,0.0,50,24000,卖盘
836,13:28:58,4.81,0.01,120,57720,买盘
837,13:29:30,4.8,-0.01,44,21120,卖盘
838,13:30:10,4.8,0.0,10,4800,卖盘
839,13:30:12,4.81,0.01,4,1924,买盘
840,13:30:19,4.81,0.0,3,1443,买盘
841,13:30:22,4.8,-0.01,629,301920,卖盘
842,13:30:49,4.8,0.0,41,19680,买盘
843,13:31:13,4.8,0.0,5,2400,买盘
844,13:31:25,4.8,0.0,446,214080,买盘
845,13:31:55,4.81,0.01,66,31746,买盘
846,13:32:07,4.8,-0.01,49,23520,卖盘
847,13:32:45,4.81,0.01,104,50024,买盘
848,13:32:48,4.8,-0.01,2,960,卖盘
849,13:33:51,4.8,0.0,53,25440,卖盘
850,13:34:25,4.8,0.0,77,36960,买盘
851,13:34:30,4.8,0.0,25,12000,卖盘
852,13:34:48,4.8,0.0,69,33120,卖盘
853,13:35:06,4.81,0.01,14,6734,买盘
854,13:36:45,4.81,0.0,5,2405,买盘
855,13:37:09,4.8,-0.01,90,43200,卖盘
856,13:37:33,4.8,0.0,13,6240,卖盘
857,13:37:37,4.8,0.0,11,5280,卖盘
858,13:38:33,4.8,0.0,50,24000,卖盘
859,13:38:39,4.8,0.0,1,480,卖盘
860,13:38:42,4.8,0.0,20,9600,卖盘
861,13:38:45,4.81,0.01,1,481,买盘
862,13:38:57,4.8,-0.01,32,15360,卖盘
863,13:39:21,4.8,0.0,3,1440,卖盘
864,13:39:51,4.79,-0.01,21,10059,卖盘
865,13:40:04,4.8,0.01,50,24000,买盘
866,13:40:06,4.79,-0.01,2,958,卖盘
867,13:40:09,4.79,0.0,40,19160,卖盘
868,13:40:39,4.8,0.01,50,24000,买盘
869,13:40:45,4.79,-0.01,14,6706,卖盘
870,13:41:04,4.8,0.01,32,15360,买盘
871,13:41:27,4.79,-0.01,170,81430,卖盘
872,13:42:09,4.8,0.01,90,43200,买盘
873,13:42:45,4.79,-0.01,142,68018,卖盘
874,13:43:13,4.79,0.0,30,14370,卖盘
875,13:43:16,4.79,0.0,7,3353,卖盘
876,13:43:19,4.79,0.0,500,239500,卖盘
877,13:43:27,4.79,0.0,10,4790,卖盘
878,13:43:51,4.79,0.0,30,14370,卖盘
879,13:44:12,4.79,0.0,5,2395,买盘
880,13:44:25,4.78,-0.01,2,956,卖盘
881,13:45:04,4.78,0.0,4,1912,卖盘
882,13:45:15,4.78,0.0,30,14340,卖盘
883,13:45:27,4.79,0.01,417,199743,买盘
884,13:45:57,4.79,0.0,25,11975,买盘
885,13:46:34,4.8,0.01,1,480,买盘
886,13:46:57,4.79,-0.01,6,2874,卖盘
887,13:47:54,4.79,0.0,2,958,卖盘
888,13:48:06,4.79,0.0,42,20118,卖盘
889,13:48:33,4.79,0.0,17,8143,卖盘
890,13:48:42,4.79,0.0,4,1916,卖盘
891,13:49:06,4.79,0.0,20,9580,卖盘
892,13:49:12,4.79,0.0,800,383200,卖盘
893,13:49:42,4.8,0.01,33,15840,买盘
894,13:49:48,4.79,-0.01,448,214592,卖盘
895,13:50:04,4.79,0.0,10,4790,买盘
896,13:50:12,4.79,0.0,42,20118,买盘
897,13:50:33,4.79,0.0,30,14370,卖盘
898,13:51:24,4.79,0.0,29,13891,卖盘
899,13:51:39,4.79,0.0,5,2395,卖盘
900,13:51:54,4.79,0.0,32,15328,卖盘
901,13:51:57,4.79,0.0,300,143700,卖盘
902,13:52:00,4.79,0.0,100,47900,卖盘
903,13:52:09,4.79,0.0,10,4790,卖盘
904,13:52:15,4.79,0.0,16,7664,卖盘
905,13:52:21,4.79,0.0,22,10538,卖盘
906,13:52:30,4.79,0.0,3,1437,买盘
907,13:52:57,4.8,0.01,1,480,买盘
908,13:53:04,4.79,-0.01,55,26345,卖盘
909,13:53:28,4.79,0.0,194,92926,买盘
910,13:53:30,4.79,0.0,70,33530,买盘
911,13:53:33,4.79,0.0,39,18681,买盘
912,13:53:36,4.79,0.0,12,5748,买盘
913,13:53:48,4.79,0.0,13,6224,买盘
914,13:54:31,4.79,0.0,100,47900,买盘
915,13:54:33,4.79,0.0,27,12933,买盘
916,13:54:42,4.79,0.0,11,5269,卖盘
917,13:54:51,4.79,0.0,185,88615,卖盘
918,13:54:55,4.79,0.0,15,7185,买盘
919,13:55:00,4.79,0.0,9,4311,卖盘
920,13:55:06,4.79,0.0,50,23950,买盘
921,13:55:15,4.79,0.0,241,115439,买盘
922,13:55:28,4.79,0.0,9,4311,卖盘
923,13:55:39,4.79,0.0,10,4790,买盘
924,13:55:51,4.78,-0.01,20,9560,卖盘
925,13:56:42,4.79,0.01,2,958,买盘
926,13:57:48,4.78,-0.01,2,956,卖盘
927,13:58:51,4.79,0.01,1,479,买盘
928,13:59:21,4.79,0.0,5,2395,买盘
929,13:59:51,4.78,-0.01,6,2868,卖盘
930,14:00:01,4.78,0.0,8,3824,卖盘
931,14:00:30,4.79,0.01,7,3353,买盘
932,14:00:40,4.78,-0.01,1,478,卖盘
933,14:00:42,4.78,0.0,901,430678,卖盘
934,14:00:57,4.78,0.0,620,296360,卖盘
935,14:01:13,4.77,-0.01,33,15741,卖盘
936,14:01:16,4.77,0.0,1116,532332,卖盘
937,14:01:28,4.76,-0.01,122,58072,卖盘
938,14:01:34,4.76,0.0,500,238000,卖盘
939,14:01:43,4.76,0.0,686,326536,卖盘
940,14:01:49,4.76,0.0,50,23800,卖盘
941,14:01:51,4.76,0.0,439,208964,卖盘
942,14:01:58,4.75,-0.01,42,19950,卖盘
943,14:02:01,4.76,0.01,64,30464,买盘
944,14:02:04,4.76,0.0,34,16184,买盘
945,14:02:07,4.76,0.0,10,4760,买盘
946,14:02:10,4.76,0.0,74,35224,买盘
947,14:02:18,4.76,0.0,4,1904,卖盘
948,14:02:21,4.76,0.0,10,4760,卖盘
949,14:02:24,4.76,0.0,5,2380,卖盘
950,14:02:28,4.76,0.0,97,46172,卖盘
951,14:03:16,4.76,0.0,1,476,卖盘
952,14:03:21,4.76,0.0,350,166600,卖盘
953,14:03:52,4.77,0.01,24,11448,买盘
954,14:04:16,4.77,0.0,1,477,买盘
955,14:04:22,4.77,0.0,11,5247,买盘
956,14:04:24,4.77,0.0,14,6678,买盘
957,14:04:28,4.77,0.0,512,244224,买盘
958,14:04:34,4.77,0.0,72,34344,卖盘
959,14:04:42,4.77,0.0,100,47700,卖盘
960,14:04:54,4.77,0.0,3,1431,卖盘
961,14:05:25,4.77,0.0,14,6678,卖盘
962,14:05:37,4.78,0.01,223,106454,买盘
963,14:06:00,4.78,0.0,70,33460,买盘
964,14:06:04,4.78,0.0,1,478,买盘
965,14:06:06,4.78,0.0,41,19598,买盘
966,14:06:10,4.78,0.0,3,1434,买盘
967,14:06:16,4.78,0.0,9,4302,买盘
968,14:06:31,4.78,0.0,300,143400,买盘
969,14:06:36,4.78,0.0,20,9560,买盘
970,14:06:40,4.78,0.0,21,10038,买盘
971,14:06:45,4.78,0.0,300,143400,买盘
972,14:06:49,4.78,0.0,10,4780,买盘
973,14:07:03,4.78,0.0,35,16730,买盘
974,14:07:28,4.79,0.01,9,4311,买盘
975,14:08:00,4.78,-0.01,72,34416,卖盘
976,14:08:07,4.78,0.0,50,23900,买盘
977,14:08:10,4.78,0.0,3,1434,买盘
978,14:08:16,4.78,0.0,57,27246,买盘
979,14:08:27,4.78,0.0,5,2390,卖盘
980,14:08:30,4.78,0.0,22,10516,卖盘
981,14:08:37,4.78,0.0,50,23900,卖盘
982,14:08:49,4.78,0.0,40,19120,卖盘
983,14:08:52,4.78,0.0,23,10994,卖盘
984,14:09:04,4.78,0.0,56,26768,买盘
985,14:09:22,4.78,0.0,23,10994,卖盘
986,14:09:28,4.78,0.0,10,4780,卖盘
987,14:10:27,4.78,0.0,20,9560,卖盘
988,14:10:48,4.78,0.0,3,1434,卖盘
989,14:11:18,4.78,0.0,15,7170,卖盘
990,14:11:52,4.78,0.0,111,53058,卖盘
991,14:12:51,4.77,-0.01,20,9540,卖盘
992,14:12:54,4.78,0.01,5,2390,买盘
993,14:13:21,4.77,-0.01,50,23850,卖盘
994,14:13:31,4.77,0.0,100,47700,卖盘
995,14:13:45,4.77,0.0,8,3816,卖盘
996,14:13:54,4.78,0.01,20,9560,买盘
997,14:14:24,4.78,0.0,50,23900,买盘
998,14:14:37,4.78,0.0,10,4780,买盘
999,14:14:45,4.77,-0.01,162,77274,卖盘
1000,14:15:06,4.78,0.01,10,4780,买盘
1001,14:16:04,4.77,-0.01,1,477,卖盘
1002,14:16:27,4.77,0.0,7,3339,卖盘
1003,14:16:40,4.77,0.0,7,3339,卖盘
1004,14:16:42,4.77,0.0,1,477,卖盘
1005,14:16:54,4.77,0.0,5,2385,卖盘
1006,14:17:07,4.77,0.0,1,477,卖盘
1007,14:17:31,4.78,0.01,9,4302,买盘
1008,14:18:04,4.78,0.0,40,19120,买盘
1009,14:18:07,4.78,0.0,39,18642,买盘
1010,14:18:10,4.78,0.0,22,10516,买盘
1011,14:18:12,4.78,0.0,10,4780,买盘
1012,14:18:15,4.78,0.0,3,1434,买盘
1013,14:18:27,4.78,0.0,13,6214,买盘
1014,14:18:31,4.78,0.0,400,191200,买盘
1015,14:18:34,4.78,0.0,3,1434,买盘
1016,14:18:37,4.77,-0.01,3,1431,卖盘
1017,14:18:43,4.78,0.01,18,8604,买盘
1018,14:18:46,4.77,-0.01,32,15270,卖盘
1019,14:19:09,4.78,0.01,121,57838,卖盘
1020,14:19:12,4.77,-0.01,5,2385,卖盘
1021,14:19:15,4.78,0.01,32,15296,买盘
1022,14:19:54,4.78,0.0,84,40152,卖盘
1023,14:19:57,4.79,0.01,70,33530,买盘
1024,14:20:00,4.78,-0.01,4,1912,卖盘
1025,14:20:18,4.78,0.0,8,3824,卖盘
1026,14:20:39,4.77,-0.01,10,4770,卖盘
1027,14:20:45,4.77,0.0,55,26235,卖盘
1028,14:21:04,4.77,0.0,1,477,卖盘
1029,14:21:06,4.78,0.01,36,17208,买盘
1030,14:21:58,4.78,0.0,31,14818,买盘
1031,14:22:01,4.78,0.0,8,3824,买盘
1032,14:22:04,4.78,0.0,67,32026,买盘
1033,14:22:25,4.78,0.0,16,7648,卖盘
1034,14:22:58,4.78,0.0,20,9560,卖盘
1035,14:23:18,4.78,0.0,497,237566,卖盘
1036,14:23:22,4.79,0.01,2,958,买盘
1037,14:24:06,4.79,0.0,200,95800,买盘
1038,14:24:10,4.79,0.0,100,47900,买盘
1039,14:24:39,4.79,0.0,771,369309,买盘
1040,14:25:01,4.79,0.0,100,47900,卖盘
1041,14:25:12,4.8,0.01,2,960,买盘
1042,14:25:15,4.79,-0.01,6,2874,卖盘
1043,14:25:49,4.79,0.0,2,958,卖盘
1044,14:25:58,4.8,0.01,300,144000,买盘
1045,14:26:00,4.79,-0.01,5,2395,卖盘
1046,14:26:10,4.79,0.0,63,30177,卖盘
1047,14:26:46,4.8,0.01,42,20160,买盘
1048,14:26:55,4.79,-0.01,42,20145,卖盘
1049,14:27:21,4.8,0.01,20,9600,买盘
1050,14:27:28,4.79,-0.01,5,2395,卖盘
1051,14:27:34,4.79,0.0,98,46942,卖盘
1052,14:27:37,4.8,0.01,400,192000,买盘
1053,14:27:43,4.8,0.0,53,25440,买盘
1054,14:27:49,4.79,-0.01,100,47900,卖盘
1055,14:28:13,4.8,0.01,10,4800,买盘
1056,14:28:27,4.8,0.0,10,4800,买盘
1057,14:28:30,4.8,0.0,28,13440,买盘
1058,14:28:39,4.79,-0.01,12,5759,卖盘
1059,14:28:46,4.8,0.01,143,68640,买盘
1060,14:28:51,4.8,0.0,1,480,买盘
1061,14:29:49,4.79,-0.01,1,479,卖盘
1062,14:29:52,4.8,0.01,5,2400,买盘
1063,14:30:19,4.79,-0.01,11,5269,卖盘
1064,14:30:34,4.79,0.0,34,16286,卖盘
1065,14:30:49,4.79,0.0,1,479,卖盘
1066,14:30:51,4.79,0.0,664,318056,卖盘
1067,14:30:55,4.79,0.0,1,479,卖盘
1068,14:31:01,4.79,0.0,53,25387,卖盘
1069,14:31:15,4.79,0.0,73,34967,卖盘
1070,14:31:33,4.79,0.0,402,192558,卖盘
1071,14:32:06,4.78,-0.01,664,317392,卖盘
1072,14:32:27,4.78,0.0,320,152960,卖盘
1073,14:32:40,4.78,0.0,40,19120,买盘
1074,14:32:55,4.78,0.0,12,5736,买盘
1075,14:33:30,4.78,0.0,31,14818,买盘
1076,14:33:33,4.77,-0.01,10,4770,卖盘
1077,14:34:07,4.77,0.0,6,2862,卖盘
1078,14:34:18,4.78,0.01,20,9560,买盘
1079,14:34:40,4.78,0.0,6,2867,买盘
1080,14:35:46,4.77,-0.01,5,2385,卖盘
1081,14:35:52,4.78,0.01,30,14340,买盘
1082,14:36:06,4.77,-0.01,21,10037,卖盘
1083,14:36:13,4.77,0.0,99,47223,卖盘
1084,14:36:33,4.77,0.0,26,12402,卖盘
1085,14:36:36,4.77,0.0,50,23850,卖盘
1086,14:36:39,4.77,0.0,10,4770,卖盘
1087,14:36:46,4.77,0.0,4,1908,卖盘
1088,14:36:48,4.77,0.0,30,14310,卖盘
1089,14:37:01,4.77,0.0,30,14310,卖盘
1090,14:38:01,4.77,0.0,50,23850,卖盘
1091,14:38:13,4.78,0.01,10,4780,买盘
1092,14:38:39,4.77,-0.01,100,47700,卖盘
1093,14:38:49,4.77,0.0,10,4770,卖盘
1094,14:39:12,4.78,0.01,54,25812,买盘
1095,14:39:28,4.78,0.0,46,21988,买盘
1096,14:39:31,4.77,-0.01,1,477,卖盘
1097,14:39:46,4.78,0.01,200,95600,买盘
1098,14:40:07,4.78,0.0,631,301618,买盘
1099,14:40:10,4.78,0.0,2,956,买盘
1100,14:40:18,4.78,0.0,20,9560,买盘
1101,14:40:28,4.78,0.0,73,34894,买盘
1102,14:40:40,4.78,0.0,131,62618,买盘
1103,14:40:43,4.78,0.0,30,14340,买盘
1104,14:40:51,4.78,0.0,10,4780,买盘
1105,14:41:01,4.78,0.0,3,1434,买盘
1106,14:41:03,4.77,-0.01,49,23373,卖盘
1107,14:41:09,4.78,0.01,81,38718,买盘
1108,14:41:24,4.78,0.0,1,478,卖盘
1109,14:41:34,4.78,0.0,4,1912,卖盘
1110,14:41:40,4.78,0.0,6,2868,卖盘
1111,14:41:58,4.78,0.0,20,9560,卖盘
1112,14:42:22,4.78,0.0,7,3346,卖盘
1113,14:42:40,4.78,0.0,40,19120,卖盘
1114,14:42:46,4.78,0.0,28,13384,卖盘
1115,14:43:10,4.78,0.0,5,2390,卖盘
1116,14:43:15,4.78,0.0,9,4302,卖盘
1117,14:43:34,4.78,0.0,91,43498,卖盘
1118,14:43:36,4.78,0.0,9,4302,卖盘
1119,14:43:39,4.78,0.0,3,1434,卖盘
1120,14:43:43,4.78,0.0,25,11950,卖盘
1121,14:43:58,4.78,0.0,125,59750,卖盘
1122,14:44:03,4.78,0.0,379,181162,卖盘
1123,14:44:27,4.77,-0.01,68,32436,卖盘
1124,14:44:48,4.78,0.01,138,65964,买盘
1125,14:44:58,4.78,0.0,2,956,买盘
1126,14:45:13,4.78,0.0,100,47760,买盘
1127,14:45:43,4.78,0.0,72,34416,买盘
1128,14:45:51,4.78,0.0,33,15774,买盘
1129,14:45:57,4.78,0.0,17,8119,买盘
1130,14:46:04,4.78,0.0,61,29138,买盘
1131,14:46:16,4.78,0.0,20,9560,买盘
1132,14:46:19,4.78,0.0,30,14340,买盘
1133,14:46:37,4.78,0.0,20,9560,买盘
1134,14:46:46,4.78,0.0,71,33938,买盘
1135,14:47:04,4.78,0.0,40,19120,买盘
1136,14:47:22,4.78,0.0,100,47800,买盘
1137,14:47:27,4.78,0.0,93,44454,买盘
1138,14:47:31,4.78,0.0,1,478,买盘
1139,14:47:52,4.78,0.0,5,2390,买盘
1140,14:47:58,4.77,-0.01,5,2385,卖盘
1141,14:48:07,4.77,0.0,40,19080,卖盘
1142,14:48:09,4.77,0.0,15,7155,卖盘
1143,14:48:25,4.77,0.0,128,61180,卖盘
1144,14:48:39,4.77,0.0,400,190800,卖盘
1145,14:48:49,4.78,0.01,1,478,买盘
1146,14:48:52,4.77,-0.01,15,7155,卖盘
1147,14:48:54,4.78,0.01,30,14340,买盘
1148,14:49:00,4.77,-0.01,10,4770,卖盘
1149,14:49:07,4.77,0.0,66,31482,卖盘
1150,14:49:10,4.78,0.01,34,16252,买盘
1151,14:49:43,4.77,-0.01,500,238500,卖盘
1152,14:49:48,4.77,0.0,3,1433,卖盘
1153,14:50:06,4.77,0.0,304,145272,卖盘
1154,14:50:13,4.77,0.0,40,19080,卖盘
1155,14:50:18,4.77,0.0,10,4770,卖盘
1156,14:50:25,4.78,0.01,30,14330,买盘
1157,14:50:31,4.78,0.0,10,4780,买盘
1158,14:50:45,4.78,0.0,1,478,买盘
1159,14:50:51,4.77,-0.01,122,58194,卖盘
1160,14:51:01,4.77,0.0,76,36252,卖盘
1161,14:51:06,4.78,0.01,52,24856,买盘
1162,14:51:16,4.78,0.0,14,6692,买盘
1163,14:51:24,4.78,0.0,10,4780,买盘
1164,14:51:46,4.78,0.0,60,28680,买盘
1165,14:51:49,4.78,0.0,18,8604,买盘
1166,14:51:58,4.77,-0.01,25,11925,卖盘
1167,14:52:01,4.77,0.0,290,138330,卖盘
1168,14:52:07,4.78,0.01,124,59272,买盘
1169,14:52:10,4.78,0.0,14,6683,买盘
1170,14:52:31,4.78,0.0,63,30114,买盘
1171,14:52:43,4.77,-0.01,25,11925,卖盘
1172,14:52:46,4.78,0.01,35,16730,买盘
1173,14:52:58,4.78,0.0,6,2868,买盘
1174,14:53:06,4.77,-0.01,180,85860,卖盘
1175,14:53:10,4.78,0.01,12,5736,买盘
1176,14:53:15,4.77,-0.01,7,3339,卖盘
1177,14:53:19,4.78,0.01,71,33938,买盘
1178,14:53:22,4.77,-0.01,11,5247,卖盘
1179,14:53:25,4.78,0.01,1,478,买盘
1180,14:53:33,4.77,-0.01,501,238977,卖盘
1181,14:53:37,4.77,0.0,96,45863,卖盘
1182,14:53:40,4.77,0.0,107,51119,卖盘
1183,14:53:45,4.76,-0.01,1,476,卖盘
1184,14:53:52,4.77,0.01,128,61056,买盘
1185,14:54:00,4.77,0.0,237,113049,买盘
1186,14:54:10,4.77,0.0,18,8586,买盘
1187,14:54:13,4.77,0.0,5,2385,卖盘
1188,14:54:19,4.77,0.0,100,47700,卖盘
1189,14:54:25,4.77,0.0,35,16695,卖盘
1190,14:54:28,4.77,0.0,97,46336,卖盘
1191,14:54:31,4.78,0.01,5,2390,买盘
1192,14:54:34,4.77,-0.01,38,18126,卖盘
1193,14:54:37,4.77,0.0,300,143100,卖盘
1194,14:54:40,4.77,0.0,40,19080,卖盘
1195,14:54:43,4.78,0.01,358,171119,买盘
1196,14:54:46,4.77,-0.01,10,4770,卖盘
1197,14:54:58,4.78,0.01,400,190810,买盘
1198,14:55:00,4.78,0.0,10,4780,买盘
1199,14:55:04,4.77,-0.01,20,9540,卖盘
1200,14:55:07,4.77,0.0,5,2385,卖盘
1201,14:55:19,4.77,0.0,33,15741,卖盘
1202,14:55:28,4.77,0.0,45,21465,卖盘
1203,14:55:31,4.77,0.0,5,2385,卖盘
1204,14:55:36,4.77,0.0,197,93969,卖盘
1205,14:55:49,4.77,0.0,40,19080,买盘
1206,14:55:52,4.77,0.0,10,4770,买盘
1207,14:55:55,4.77,0.0,49,23373,买盘
1208,14:55:58,4.77,0.0,30,14310,卖盘
1209,14:56:04,4.77,0.0,13,6201,卖盘
1210,14:56:10,4.77,0.0,20,9540,卖盘
1211,14:56:13,4.78,0.01,691,330298,买盘
1212,14:56:18,4.78,0.0,20,9560,买盘
1213,14:56:22,4.77,-0.01,20,9540,卖盘
1214,14:56:25,4.78,0.01,10,4780,买盘
1215,14:56:28,4.78,0.0,534,255252,买盘
1216,14:56:31,4.78,0.0,14,6692,卖盘
1217,14:56:34,4.78,0.0,3,1434,卖盘
1218,14:56:39,4.78,0.0,13,6214,卖盘
1219,14:56:52,4.78,0.0,18,8604,卖盘
1220,14:56:55,4.79,0.01,71,33959,买盘
1221,14:56:58,4.78,-0.01,30,14340,卖盘
1222,15:00:04,4.78,0.0,1247,596066,卖盘
