,time,price,change,volume,amount,type
0,09:25:04,7.82,-0.19,700,547400,卖盘
1,09:30:04,7.81,-0.01,330,257918,卖盘
2,09:30:06,7.82,0.01,95,74180,买盘
3,09:30:09,7.81,-0.01,50,39050,买盘
4,09:30:12,7.82,0.01,82,64014,买盘
5,09:30:15,7.82,0.0,5,3910,买盘
6,09:30:18,7.81,-0.01,13,10153,卖盘
7,09:30:21,7.81,0.0,25,19538,卖盘
8,09:30:24,7.81,0.0,5,3905,卖盘
9,09:30:33,7.8,-0.01,66,51480,卖盘
10,09:30:37,7.8,0.0,35,27300,卖盘
11,09:30:39,7.8,0.0,15,11700,买盘
12,09:30:42,7.79,-0.01,10,7790,中性盘
13,09:30:45,7.8,0.01,50,38989,买盘
14,09:30:48,7.8,0.0,5,3900,买盘
15,09:30:54,7.78,-0.02,258,200960,卖盘
16,09:30:57,7.8,0.02,7,5458,买盘
17,09:31:00,7.79,-0.01,18,14022,卖盘
18,09:31:03,7.79,0.0,12,9348,卖盘
19,09:31:06,7.79,0.0,69,53763,买盘
20,09:31:18,7.8,0.01,224,174520,买盘
21,09:31:21,7.8,0.0,35,27300,买盘
22,09:31:24,7.8,0.0,51,39780,买盘
23,09:31:27,7.8,0.0,30,23400,卖盘
24,09:31:33,7.81,0.01,43,33542,买盘
25,09:31:36,7.8,-0.01,7,5460,卖盘
26,09:31:40,7.8,0.0,61,47630,卖盘
27,09:31:42,7.8,0.0,11,8580,卖盘
28,09:31:45,7.81,0.01,23,17963,买盘
29,09:31:51,7.82,0.01,234,182800,买盘
30,09:31:54,7.81,-0.01,14,10934,卖盘
31,09:32:01,7.81,0.0,55,42990,卖盘
32,09:32:04,7.81,0.0,15,11715,卖盘
33,09:32:06,7.81,0.0,60,46918,卖盘
34,09:32:09,7.82,0.01,27,21098,买盘
35,09:32:12,7.81,-0.01,11,8591,卖盘
36,09:32:18,7.82,0.01,144,112428,买盘
37,09:32:31,7.82,0.0,178,139126,买盘
38,09:32:36,7.82,0.0,56,43783,买盘
39,09:32:45,7.79,-0.03,274,213646,卖盘
40,09:32:54,7.82,0.03,10,7820,买盘
41,09:32:57,7.83,0.01,100,78285,买盘
42,09:33:06,7.81,-0.02,26,20321,卖盘
43,09:33:09,7.83,0.02,99,77517,买盘
44,09:33:12,7.83,0.0,14,10962,卖盘
45,09:33:16,7.83,0.0,10,7830,卖盘
46,09:33:18,7.84,0.01,12,9408,买盘
47,09:33:21,7.84,0.0,18,14104,买盘
48,09:33:24,7.84,0.0,4,3136,买盘
49,09:33:30,7.84,0.0,5,3920,买盘
50,09:33:39,7.83,-0.01,10,7830,卖盘
51,09:33:45,7.83,0.0,7,5481,卖盘
52,09:33:48,7.84,0.01,16,12544,买盘
53,09:33:51,7.83,-0.01,12,9406,卖盘
54,09:33:58,7.83,0.0,20,15660,卖盘
55,09:34:00,7.84,0.01,30,23520,买盘
56,09:34:07,7.84,0.0,17,13314,买盘
57,09:34:09,7.84,0.0,2,1568,买盘
58,09:34:16,7.84,0.0,5,3920,买盘
59,09:34:18,7.83,-0.01,60,46980,卖盘
60,09:34:21,7.84,0.01,12,9408,买盘
61,09:34:27,7.83,-0.01,124,97196,卖盘
62,09:34:31,7.83,0.0,46,36024,卖盘
63,09:34:33,7.84,0.01,30,23520,买盘
64,09:34:40,7.84,0.0,33,25872,买盘
65,09:34:43,7.84,0.0,35,27440,买盘
66,09:34:45,7.83,-0.01,30,23490,卖盘
67,09:34:48,7.84,0.01,13,10192,买盘
68,09:34:52,7.84,0.0,10,7840,买盘
69,09:34:55,7.84,0.0,13,10185,买盘
70,09:34:57,7.83,-0.01,80,62642,卖盘
71,09:35:03,7.84,0.01,27,21151,买盘
72,09:35:09,7.83,-0.01,263,206249,卖盘
73,09:35:21,7.84,0.01,17,13328,卖盘
74,09:35:27,7.85,0.01,16,12552,买盘
75,09:35:39,7.83,-0.02,37,28993,卖盘
76,09:35:42,7.83,0.0,13,10201,卖盘
77,09:35:49,7.84,0.01,4,3136,卖盘
78,09:35:52,7.83,-0.01,12,9396,卖盘
79,09:35:54,7.84,0.01,83,65072,买盘
80,09:35:57,7.83,-0.01,12,9406,卖盘
81,09:36:00,7.83,0.0,26,20358,卖盘
82,09:36:04,7.83,0.0,9,7047,卖盘
83,09:36:09,7.83,0.0,20,15660,卖盘
84,09:36:18,7.84,0.01,3,2352,买盘
85,09:36:24,7.84,0.0,86,67424,买盘
86,09:36:28,7.84,0.0,4,3136,卖盘
87,09:36:34,7.84,0.0,4,3136,买盘
88,09:36:39,7.83,-0.01,182,142528,卖盘
89,09:36:49,7.82,-0.01,163,127466,卖盘
90,09:36:54,7.82,0.0,10,7820,买盘
91,09:37:00,7.81,-0.01,30,23435,卖盘
92,09:37:04,7.81,0.0,3,2343,卖盘
93,09:37:09,7.81,0.0,22,17182,卖盘
94,09:37:15,7.82,0.01,30,23440,买盘
95,09:37:18,7.82,0.0,20,15640,买盘
96,09:37:21,7.81,-0.01,8,6248,卖盘
97,09:37:24,7.81,0.0,96,74976,卖盘
98,09:37:33,7.81,0.0,28,21868,买盘
99,09:37:40,7.81,0.0,5,3905,卖盘
100,09:37:45,7.81,0.0,51,39831,卖盘
101,09:37:48,7.81,0.0,26,20306,卖盘
102,09:37:51,7.81,0.0,8,6248,卖盘
103,09:37:54,7.81,0.0,79,61699,卖盘
104,09:38:04,7.81,0.0,200,156200,买盘
105,09:38:06,7.8,-0.01,4,3120,卖盘
106,09:38:12,7.81,0.01,54,42154,买盘
107,09:38:18,7.81,0.0,19,14839,买盘
108,09:38:21,7.81,0.0,9,7029,卖盘
109,09:38:24,7.81,0.0,8,6248,卖盘
110,09:38:27,7.81,0.0,10,7810,卖盘
111,09:38:40,7.81,0.0,56,43736,卖盘
112,09:38:46,7.81,0.0,15,11715,卖盘
113,09:38:48,7.81,0.0,1,781,卖盘
114,09:38:51,7.8,-0.01,17,13260,卖盘
115,09:38:57,7.82,0.02,5,3910,买盘
116,09:39:00,7.81,-0.01,35,27335,卖盘
117,09:39:03,7.81,0.0,40,31240,卖盘
118,09:39:15,7.81,0.0,5,3905,卖盘
119,09:39:18,7.81,0.0,35,27335,卖盘
120,09:39:21,7.81,0.0,8,6248,卖盘
121,09:39:25,7.8,-0.01,100,78000,卖盘
122,09:39:30,7.81,0.01,10,7810,买盘
123,09:39:36,7.8,-0.01,30,23400,卖盘
124,09:39:42,7.8,0.0,3,2340,卖盘
125,09:39:45,7.8,0.0,23,17945,卖盘
126,09:39:48,7.79,-0.01,542,422548,卖盘
127,09:39:51,7.79,0.0,10,7790,买盘
128,09:39:57,7.79,0.0,12,9348,买盘
129,09:40:03,7.79,0.0,37,28823,买盘
130,09:40:06,7.79,0.0,5,3895,卖盘
131,09:40:18,7.79,0.0,75,58425,卖盘
132,09:40:24,7.79,0.0,15,11685,买盘
133,09:40:27,7.79,0.0,61,47519,买盘
134,09:40:30,7.79,0.0,301,234478,买盘
135,09:40:33,7.78,-0.01,45,35010,卖盘
136,09:40:36,7.79,0.01,70,54530,买盘
137,09:40:40,7.79,0.0,5,3895,买盘
138,09:40:42,7.8,0.01,49,38176,买盘
139,09:41:04,7.82,0.02,83,64875,买盘
140,09:41:13,7.82,0.0,5,3910,买盘
141,09:41:15,7.82,0.0,27,21114,买盘
142,09:41:24,7.83,0.01,11,8613,买盘
143,09:41:28,7.83,0.0,246,192617,买盘
144,09:41:36,7.85,0.02,17,13345,买盘
145,09:41:42,7.86,0.01,10,7860,买盘
146,09:41:51,7.87,0.01,10,7870,买盘
147,09:41:54,7.87,0.0,4,3148,卖盘
148,09:41:57,7.88,0.01,76,59835,买盘
149,09:42:00,7.87,-0.01,9,7083,卖盘
150,09:42:03,7.87,0.0,49,38563,卖盘
151,09:42:07,7.87,0.0,6,4722,买盘
152,09:42:09,7.88,0.01,22,17333,买盘
153,09:42:12,7.86,-0.02,7,5502,卖盘
154,09:42:24,7.86,0.0,50,39300,买盘
155,09:42:27,7.85,-0.01,10,7850,卖盘
156,09:42:31,7.86,0.01,12,9432,买盘
157,09:42:33,7.85,-0.01,20,15700,卖盘
158,09:42:36,7.85,0.0,12,9420,卖盘
159,09:42:39,7.85,0.0,114,89490,卖盘
160,09:42:42,7.85,0.0,9,7065,卖盘
161,09:42:45,7.85,0.0,35,27475,卖盘
162,09:42:57,7.85,0.0,64,50240,买盘
163,09:43:04,7.84,-0.01,10,7840,卖盘
164,09:43:09,7.85,0.01,1,785,买盘
165,09:43:12,7.85,0.0,20,15700,买盘
166,09:43:15,7.84,-0.01,50,39200,卖盘
167,09:43:21,7.84,0.0,31,24305,卖盘
168,09:43:54,7.85,0.01,4,3140,买盘
169,09:44:04,7.84,-0.01,13,10192,卖盘
170,09:44:06,7.84,0.0,20,15680,卖盘
171,09:44:18,7.84,0.0,2,1568,卖盘
172,09:44:21,7.84,0.0,9,7056,卖盘
173,09:44:24,7.84,0.0,3,2352,卖盘
174,09:44:34,7.85,0.01,1,785,买盘
175,09:44:39,7.85,0.0,20,15700,买盘
176,09:44:42,7.85,0.0,50,39250,买盘
177,09:44:49,7.85,0.0,4,3140,买盘
178,09:44:54,7.85,0.0,15,11775,买盘
179,09:45:00,7.84,-0.01,2,1568,卖盘
180,09:45:03,7.84,0.0,13,10192,卖盘
181,09:45:15,7.84,0.0,32,25088,卖盘
182,09:45:21,7.84,0.0,18,14112,卖盘
183,09:45:42,7.84,0.0,9,7056,卖盘
184,09:45:57,7.84,0.0,1,784,卖盘
185,09:46:04,7.84,0.0,1,784,卖盘
186,09:46:06,7.84,0.0,88,68992,卖盘
187,09:46:24,7.84,0.0,16,12544,买盘
188,09:46:30,7.84,0.0,36,28220,买盘
189,09:46:39,7.85,0.01,7,5495,买盘
190,09:46:54,7.84,-0.01,20,15680,卖盘
191,09:47:04,7.85,0.01,5,3925,买盘
192,09:47:06,7.85,0.0,4,3137,买盘
193,09:47:21,7.85,0.0,3,2355,买盘
194,09:47:24,7.85,0.0,8,6280,买盘
195,09:47:27,7.85,0.0,20,15700,买盘
196,09:47:30,7.85,0.0,10,7850,买盘
197,09:47:39,7.86,0.01,32,25152,买盘
198,09:47:48,7.87,0.01,2,1574,买盘
199,09:47:51,7.86,-0.01,24,18864,卖盘
200,09:47:54,7.87,0.01,10,7870,买盘
201,09:47:57,7.87,0.0,23,18101,买盘
202,09:48:03,7.87,0.0,52,40926,卖盘
203,09:48:06,7.87,0.0,27,21249,卖盘
204,09:48:09,7.87,0.0,15,11805,买盘
205,09:48:15,7.87,0.0,4,3148,买盘
206,09:48:21,7.87,0.0,2,1574,买盘
207,09:48:24,7.87,0.0,1,787,买盘
208,09:48:27,7.87,0.0,1,787,买盘
209,09:48:30,7.86,-0.01,20,15720,卖盘
210,09:48:36,7.88,0.02,25,19699,买盘
211,09:48:42,7.88,0.0,274,215398,买盘
212,09:48:46,7.88,0.0,49,38612,买盘
213,09:48:52,7.86,-0.02,13,10218,卖盘
214,09:48:54,7.86,0.0,20,15720,卖盘
215,09:49:03,7.88,0.02,26,20488,买盘
216,09:49:06,7.88,0.0,5,3940,卖盘
217,09:49:12,7.9,0.02,15,11850,买盘
218,09:49:21,7.9,0.0,60,47400,买盘
219,09:49:24,7.88,-0.02,3,2364,卖盘
220,09:49:45,7.89,0.01,22,17358,买盘
221,09:49:48,7.89,0.0,13,10257,买盘
222,09:49:51,7.89,0.0,25,19725,买盘
223,09:49:54,7.91,0.02,120,94808,买盘
224,09:50:06,7.89,-0.02,1,789,买盘
225,09:50:18,7.89,0.0,5,3945,买盘
226,09:50:28,7.89,0.0,5,3945,买盘
227,09:50:33,7.89,0.0,6,4734,买盘
228,09:51:04,7.89,0.0,10,7890,买盘
229,09:51:06,7.89,0.0,61,48119,买盘
230,09:51:27,7.89,0.0,40,31560,卖盘
231,09:51:31,7.89,0.0,6,4734,卖盘
232,09:51:42,7.89,0.0,4,3156,买盘
233,09:52:07,7.88,-0.01,18,14184,卖盘
234,09:52:09,7.88,0.0,11,8668,卖盘
235,09:52:12,7.89,0.01,49,38657,买盘
236,09:52:33,7.88,-0.01,164,129239,卖盘
237,09:52:36,7.88,0.0,35,27580,买盘
238,09:52:42,7.88,0.0,2,1576,买盘
239,09:52:54,7.87,-0.01,14,11019,卖盘
240,09:52:57,7.88,0.01,1,788,买盘
241,09:53:00,7.88,0.0,1,788,买盘
242,09:53:09,7.88,0.0,121,95278,买盘
243,09:53:36,7.88,0.0,30,23640,买盘
244,09:53:39,7.86,-0.02,10,7860,卖盘
245,09:54:18,7.86,0.0,5,3930,卖盘
246,09:54:51,7.88,0.02,10,7880,买盘
247,09:54:57,7.88,0.0,51,40188,卖盘
248,09:55:09,7.88,0.0,1,788,买盘
249,09:55:13,7.86,-0.02,48,37728,卖盘
250,09:55:15,7.86,0.0,1,786,买盘
251,09:55:18,7.86,0.0,1,786,买盘
252,09:55:21,7.86,0.0,1,786,买盘
253,09:55:24,7.86,0.0,2,1572,买盘
254,09:55:27,7.86,0.0,3,2358,买盘
255,09:55:31,7.86,0.0,3,2358,买盘
256,09:55:34,7.86,0.0,3,2358,买盘
257,09:55:36,7.85,-0.01,99,77715,卖盘
258,09:56:19,7.86,0.01,15,11790,买盘
259,09:56:21,7.87,0.01,1,787,买盘
260,09:56:24,7.87,0.0,1,787,买盘
261,09:56:45,7.87,0.0,8,6296,买盘
262,09:56:48,7.86,-0.01,13,10218,卖盘
263,09:57:18,7.87,0.01,1,787,买盘
264,09:57:22,7.87,0.0,17,13379,买盘
265,09:57:28,7.87,0.0,3,2361,买盘
266,09:57:36,7.86,-0.01,66,51876,卖盘
267,09:58:06,7.86,0.0,181,142266,卖盘
268,09:58:48,7.87,0.01,19,14953,买盘
269,09:58:51,7.86,-0.01,6,4716,卖盘
270,09:58:57,7.87,0.01,7,5509,买盘
271,09:59:18,7.88,0.01,60,47280,买盘
272,09:59:27,7.89,0.01,1,789,买盘
273,10:00:15,7.89,0.0,3,2367,卖盘
274,10:00:24,7.89,0.0,7,5523,卖盘
275,10:00:30,7.9,0.01,60,47400,买盘
276,10:00:48,7.9,0.0,8,6320,买盘
277,10:00:51,7.9,0.0,4,3160,买盘
278,10:01:04,7.9,0.0,10,7900,买盘
279,10:01:24,7.9,0.0,2,1580,买盘
280,10:01:39,7.88,-0.02,30,23640,卖盘
281,10:01:45,7.88,0.0,15,11820,卖盘
282,10:01:48,7.88,0.0,4,3152,卖盘
283,10:01:57,7.88,0.0,5,3940,买盘
284,10:02:00,7.87,-0.01,1,787,卖盘
285,10:02:15,7.87,0.0,5,3935,卖盘
286,10:03:00,7.9,0.03,143,112922,买盘
287,10:03:04,7.87,-0.03,27,21249,卖盘
288,10:03:43,7.9,0.03,10,7900,买盘
289,10:04:18,7.86,-0.04,427,335706,卖盘
290,10:04:40,7.87,0.01,28,22036,买盘
291,10:04:48,7.89,0.02,10,7890,买盘
292,10:05:15,7.88,-0.01,20,15760,买盘
293,10:05:21,7.88,0.0,1,788,买盘
294,10:05:27,7.88,0.0,1,788,买盘
295,10:05:42,7.89,0.01,10,7890,买盘
296,10:05:57,7.87,-0.02,78,61386,卖盘
297,10:06:01,7.89,0.02,8,6312,买盘
298,10:06:18,7.87,-0.02,20,15740,卖盘
299,10:06:39,7.89,0.02,2,1578,买盘
300,10:06:48,7.88,-0.01,5,3940,卖盘
301,10:06:57,7.89,0.01,36,28404,买盘
302,10:07:06,7.89,0.0,2,1578,卖盘
303,10:07:18,7.91,0.02,141,111481,买盘
304,10:07:48,7.92,0.01,90,71249,买盘
305,10:07:51,7.92,0.0,13,10286,买盘
306,10:08:00,7.89,-0.03,68,53752,卖盘
307,10:08:12,7.92,0.03,13,10296,买盘
308,10:08:24,7.89,-0.03,20,15780,卖盘
309,10:08:54,7.91,0.02,6,4746,卖盘
310,10:09:24,7.89,-0.02,204,160995,卖盘
311,10:09:30,7.91,0.02,9,7119,买盘
312,10:10:00,7.89,-0.02,20,15780,卖盘
313,10:10:03,7.89,0.0,10,7890,卖盘
314,10:10:18,7.89,0.0,10,7890,卖盘
315,10:10:27,7.89,0.0,5,3945,卖盘
316,10:10:33,7.88,-0.01,200,157600,卖盘
317,10:10:57,7.89,0.01,10,7890,卖盘
318,10:11:22,7.88,-0.01,55,43340,卖盘
319,10:11:30,7.87,-0.01,76,59858,卖盘
320,10:11:42,7.87,0.0,10,7870,卖盘
321,10:13:00,7.89,0.02,10,7890,买盘
322,10:13:18,7.87,-0.02,50,39350,卖盘
323,10:14:09,7.87,0.0,139,109393,卖盘
324,10:14:12,7.87,0.0,22,17314,买盘
325,10:14:36,7.86,-0.01,10,7860,卖盘
326,10:14:39,7.85,-0.01,274,215267,卖盘
327,10:14:42,7.85,0.0,9,7065,买盘
328,10:14:54,7.84,-0.01,19,14896,卖盘
329,10:15:16,7.84,0.0,143,111941,卖盘
330,10:15:18,7.84,0.0,14,10976,卖盘
331,10:15:33,7.84,0.0,19,14896,卖盘
332,10:15:51,7.84,0.0,9,7049,买盘
333,10:16:06,7.82,-0.02,95,74290,卖盘
334,10:16:19,7.81,-0.01,50,39050,卖盘
335,10:16:21,7.81,0.0,20,15620,卖盘
336,10:16:27,7.81,0.0,14,10934,卖盘
337,10:16:30,7.81,0.0,111,86791,卖盘
338,10:16:46,7.82,0.01,3,2346,买盘
339,10:16:49,7.82,0.0,20,15640,买盘
340,10:16:52,7.82,0.0,13,10166,买盘
341,10:16:57,7.82,0.0,10,7820,卖盘
342,10:17:24,7.82,0.0,22,17209,卖盘
343,10:17:51,7.86,0.04,11,8642,买盘
344,10:18:12,7.85,-0.01,10,7850,卖盘
345,10:18:21,7.85,0.0,4,3140,买盘
346,10:18:27,7.85,0.0,10,7850,买盘
347,10:18:30,7.85,0.0,14,10990,买盘
348,10:19:01,7.86,0.01,2,1572,买盘
349,10:19:12,7.85,-0.01,44,34553,卖盘
350,10:19:36,7.85,0.0,65,51037,卖盘
351,10:19:39,7.85,0.0,15,11775,卖盘
352,10:20:12,7.86,0.01,2,1572,买盘
353,10:20:21,7.86,0.0,13,10218,买盘
354,10:20:42,7.86,0.0,66,51876,买盘
355,10:20:45,7.86,0.0,10,7860,买盘
356,10:20:51,7.86,0.0,18,14148,卖盘
357,10:21:24,7.85,-0.01,2,1570,卖盘
358,10:21:27,7.86,0.01,25,19650,买盘
359,10:21:30,7.87,0.01,91,71617,买盘
360,10:21:42,7.88,0.01,20,15760,买盘
361,10:21:54,7.87,-0.01,15,11805,卖盘
362,10:21:57,7.88,0.01,10,7880,买盘
363,10:22:09,7.89,0.01,14,11046,买盘
364,10:22:24,7.89,0.0,47,37083,买盘
365,10:22:43,7.88,-0.01,40,31520,卖盘
366,10:23:04,7.88,0.0,27,21275,买盘
367,10:23:15,7.88,0.0,75,59100,买盘
368,10:23:18,7.88,0.0,206,162328,买盘
369,10:23:21,7.88,0.0,24,18912,卖盘
370,10:23:27,7.9,0.02,17,13430,买盘
371,10:24:00,7.9,0.0,20,15795,买盘
372,10:24:12,7.9,0.0,17,13430,买盘
373,10:24:19,7.9,0.0,3,2370,卖盘
374,10:24:39,7.88,-0.02,68,53584,卖盘
375,10:24:45,7.88,0.0,27,21276,卖盘
376,10:25:27,7.88,0.0,16,12608,卖盘
377,10:25:45,7.9,0.02,45,35543,买盘
378,10:26:00,7.9,0.0,21,16590,买盘
379,10:26:03,7.89,-0.01,32,25267,卖盘
380,10:26:19,7.89,0.0,14,11046,买盘
381,10:26:21,7.89,0.0,1,789,买盘
382,10:26:24,7.89,0.0,3,2367,买盘
383,10:26:27,7.89,0.0,3,2367,买盘
384,10:27:04,7.89,0.0,6,4734,买盘
385,10:27:06,7.89,0.0,3,2367,买盘
386,10:27:09,7.89,0.0,54,42606,买盘
387,10:27:24,7.88,-0.01,7,5516,卖盘
388,10:27:30,7.88,0.0,15,11820,卖盘
389,10:28:06,7.89,0.01,10,7890,买盘
390,10:28:22,7.89,0.0,2,1578,买盘
391,10:28:30,7.89,0.0,23,18147,买盘
392,10:28:39,7.9,0.01,124,97960,买盘
393,10:28:43,7.9,0.0,58,45820,买盘
394,10:28:46,7.91,0.01,101,79890,买盘
395,10:28:51,7.89,-0.02,12,9468,卖盘
396,10:29:00,7.89,0.0,5,3941,买盘
397,10:29:27,7.88,-0.01,65,51220,卖盘
398,10:29:33,7.88,0.0,43,33884,卖盘
399,10:29:45,7.89,0.01,26,20514,买盘
400,10:29:51,7.88,-0.01,166,130882,卖盘
401,10:29:54,7.88,0.0,1,788,卖盘
402,10:30:04,7.88,0.0,32,25216,卖盘
403,10:30:42,7.88,0.0,57,45028,卖盘
404,10:31:42,7.88,0.0,16,12630,卖盘
405,10:32:18,7.88,0.0,134,105592,卖盘
406,10:32:24,7.88,0.0,17,13396,卖盘
407,10:32:51,7.89,0.01,4,3156,买盘
408,10:32:54,7.89,0.0,5,3945,卖盘
409,10:32:57,7.87,-0.02,6,4724,卖盘
410,10:33:09,7.87,0.0,3,2361,卖盘
411,10:33:42,7.9,0.03,7,5530,买盘
412,10:33:54,7.9,0.0,18,14220,买盘
413,10:34:00,7.9,0.0,20,15800,买盘
414,10:34:03,7.9,0.0,8,6320,买盘
415,10:34:27,7.89,-0.01,1,789,卖盘
416,10:34:54,7.9,0.01,8,6320,买盘
417,10:35:12,7.89,-0.01,9,7101,卖盘
418,10:35:30,7.9,0.01,4,3160,买盘
419,10:35:43,7.9,0.0,250,197500,买盘
420,10:35:57,7.9,0.0,5,3950,卖盘
421,10:36:03,7.91,0.01,8,6328,买盘
422,10:36:12,7.91,0.0,44,34804,买盘
423,10:36:25,7.91,0.0,39,30849,买盘
424,10:36:27,7.91,0.0,14,11074,卖盘
425,10:36:39,7.91,0.0,39,30849,卖盘
426,10:36:48,7.91,0.0,43,34013,买盘
427,10:36:54,7.91,0.0,10,7910,买盘
428,10:37:04,7.89,-0.02,13,10257,卖盘
429,10:37:06,7.89,0.0,88,69432,卖盘
430,10:37:15,7.89,0.0,141,111249,卖盘
431,10:37:45,7.89,0.0,53,41817,卖盘
432,10:37:48,7.9,0.01,4,3160,买盘
433,10:37:54,7.9,0.0,1,790,卖盘
434,10:38:09,7.91,0.01,238,188249,买盘
435,10:38:21,7.9,-0.01,14,11060,卖盘
436,10:38:30,7.92,0.02,266,210483,买盘
437,10:38:36,7.93,0.01,49,38857,买盘
438,10:38:52,7.93,0.0,19,15067,买盘
439,10:39:04,7.93,0.0,18,14274,买盘
440,10:39:06,7.92,-0.01,3,2376,卖盘
441,10:39:12,7.93,0.01,51,40443,买盘
442,10:39:15,7.94,0.01,15,11910,买盘
443,10:39:18,7.94,0.0,80,63520,买盘
444,10:39:21,7.93,-0.01,49,38857,卖盘
445,10:39:33,7.93,0.0,10,7930,卖盘
446,10:39:39,7.93,0.0,10,7930,卖盘
447,10:39:57,7.93,0.0,88,69844,卖盘
448,10:40:04,7.94,0.01,40,31760,买盘
449,10:40:06,7.94,0.0,100,79400,卖盘
450,10:40:09,7.93,-0.01,147,116614,卖盘
451,10:40:15,7.95,0.02,104,82665,买盘
452,10:40:24,7.95,0.0,88,69960,卖盘
453,10:40:33,7.94,-0.01,10,7940,卖盘
454,10:40:36,7.94,0.0,88,69990,卖盘
455,10:40:45,7.93,-0.01,20,15870,卖盘
456,10:40:51,7.94,0.01,16,12704,买盘
457,10:40:54,7.93,-0.01,20,15868,卖盘
458,10:41:04,7.94,0.01,50,39700,卖盘
459,10:41:12,7.94,0.0,11,8734,卖盘
460,10:41:16,7.94,0.0,20,15880,卖盘
461,10:41:33,7.93,-0.01,25,19825,卖盘
462,10:41:48,7.92,-0.01,1,792,买盘
463,10:41:51,7.92,0.0,3,2376,买盘
464,10:41:54,7.92,0.0,3,2376,买盘
465,10:41:57,7.92,0.0,10,7920,买盘
466,10:42:00,7.91,-0.01,13,10286,卖盘
467,10:42:03,7.92,0.01,2,1584,买盘
468,10:42:15,7.93,0.01,74,58664,买盘
469,10:42:30,7.93,0.0,16,12688,买盘
470,10:42:48,7.93,0.0,4,3172,卖盘
471,10:42:57,7.91,-0.02,101,79891,卖盘
472,10:43:04,7.91,0.0,20,15820,买盘
473,10:43:12,7.91,0.0,9,7119,买盘
474,10:43:15,7.91,0.0,2,1582,买盘
475,10:43:18,7.91,0.0,2,1582,买盘
476,10:43:21,7.91,0.0,1,791,买盘
477,10:43:24,7.91,0.0,22,17402,买盘
478,10:43:36,7.92,0.01,10,7920,卖盘
479,10:43:39,7.92,0.0,6,4752,卖盘
480,10:43:54,7.91,-0.01,70,55387,卖盘
481,10:44:06,7.9,-0.01,2,1580,卖盘
482,10:44:36,7.9,0.0,3,2370,卖盘
483,10:44:40,7.9,0.0,34,26860,卖盘
484,10:45:00,7.88,-0.02,11,8668,卖盘
485,10:45:15,7.88,0.0,100,78820,卖盘
486,10:45:45,7.88,0.0,35,27580,卖盘
487,10:46:06,7.88,0.0,66,52008,卖盘
488,10:46:21,7.88,0.0,35,27580,卖盘
489,10:46:42,7.87,-0.01,16,12592,卖盘
490,10:46:55,7.88,0.01,20,15760,买盘
491,10:46:58,7.88,0.0,4,3152,买盘
492,10:47:52,7.92,0.04,37,29174,买盘
493,10:48:25,7.89,-0.03,5,3945,卖盘
494,10:49:04,7.91,0.02,12,9492,买盘
495,10:49:30,7.91,0.0,2,1582,买盘
496,10:51:06,7.9,-0.01,5,3950,买盘
497,10:52:15,7.9,0.0,3,2370,卖盘
498,10:52:18,7.91,0.01,5,3955,买盘
499,10:52:45,7.91,0.0,108,85341,买盘
500,10:52:54,7.9,-0.01,53,41922,卖盘
501,10:53:09,7.9,0.0,32,25280,买盘
502,10:54:54,7.91,0.01,15,11865,买盘
503,10:55:01,7.92,0.01,2,1584,买盘
504,10:55:06,7.92,0.0,4,3168,买盘
505,10:55:18,7.92,0.0,1,792,买盘
506,10:55:24,7.92,0.0,26,20592,买盘
507,10:55:30,7.92,0.0,3,2376,卖盘
508,10:55:36,7.94,0.02,120,95232,买盘
509,10:55:45,7.94,0.0,6,4764,买盘
510,10:56:00,7.94,0.0,24,19056,买盘
511,10:56:04,7.94,0.0,14,11127,卖盘
512,10:56:06,7.94,0.0,2,1588,卖盘
513,10:56:13,7.94,0.0,13,10322,买盘
514,10:56:21,7.94,0.0,5,3970,卖盘
515,10:56:25,7.94,0.0,40,31760,卖盘
516,10:56:33,7.95,0.01,100,79473,买盘
517,10:56:58,7.93,-0.02,10,7930,买盘
518,10:57:16,7.94,0.01,22,17468,买盘
519,10:57:24,7.94,0.0,7,5558,卖盘
520,10:57:36,7.94,0.0,10,7940,卖盘
521,10:57:48,7.94,0.0,34,26996,卖盘
522,10:57:51,7.94,0.0,10,7940,卖盘
523,10:58:00,7.94,0.0,5,3970,卖盘
524,10:58:18,7.94,0.0,8,6352,买盘
525,10:58:42,7.94,0.0,10,7940,买盘
526,10:58:45,7.93,-0.01,29,22997,卖盘
527,10:59:00,7.93,0.0,7,5551,卖盘
528,10:59:12,7.93,0.0,35,27755,卖盘
529,10:59:18,7.93,0.0,17,13481,买盘
530,10:59:27,7.92,-0.01,55,43560,卖盘
531,10:59:36,7.93,0.01,13,10309,买盘
532,10:59:57,7.93,0.0,6,4758,卖盘
533,11:00:06,7.94,0.01,30,23820,买盘
534,11:01:24,7.94,0.0,57,45258,买盘
535,11:01:30,7.94,0.0,7,5558,卖盘
536,11:01:45,7.93,-0.01,81,64233,卖盘
537,11:01:51,7.93,0.0,20,15860,买盘
538,11:01:58,7.94,0.01,200,158800,买盘
539,11:02:24,7.94,0.0,16,12694,买盘
540,11:02:30,7.94,0.0,7,5558,买盘
541,11:03:30,7.94,0.0,30,23820,买盘
542,11:03:39,7.93,-0.01,25,19835,卖盘
543,11:03:48,7.93,0.0,24,19032,卖盘
544,11:04:00,7.94,0.01,28,22232,买盘
545,11:04:03,7.94,0.0,22,17468,卖盘
546,11:04:24,7.94,0.0,3,2382,买盘
547,11:04:27,7.94,0.0,1,794,买盘
548,11:04:33,7.94,0.0,10,7940,买盘
549,11:04:36,7.94,0.0,1,794,买盘
550,11:04:39,7.94,0.0,1,794,买盘
551,11:04:42,7.94,0.0,12,9528,买盘
552,11:05:06,7.94,0.0,6,4764,买盘
553,11:05:42,7.94,0.0,27,21438,买盘
554,11:05:51,7.95,0.01,9,7155,买盘
555,11:05:57,7.94,-0.01,29,23026,卖盘
556,11:06:06,7.94,0.0,2,1588,卖盘
557,11:06:12,7.94,0.0,79,62726,卖盘
558,11:06:21,7.94,0.0,10,7940,买盘
559,11:06:36,7.94,0.0,21,16674,买盘
560,11:06:54,7.94,0.0,30,23820,卖盘
561,11:07:06,7.94,0.0,50,39700,卖盘
562,11:07:15,7.94,0.0,6,4764,卖盘
563,11:07:18,7.94,0.0,5,3970,卖盘
564,11:07:36,7.93,-0.01,10,7930,卖盘
565,11:07:45,7.94,0.01,1,794,买盘
566,11:07:54,7.93,-0.01,31,24583,卖盘
567,11:08:00,7.93,0.0,6,4758,卖盘
568,11:08:24,7.92,-0.01,10,7920,卖盘
569,11:08:39,7.92,0.0,8,6336,卖盘
570,11:09:57,7.93,0.01,9,7137,买盘
571,11:10:18,7.93,0.0,2,1586,买盘
572,11:10:21,7.93,0.0,2,1586,买盘
573,11:10:24,7.93,0.0,3,2379,买盘
574,11:10:27,7.93,0.0,11,8723,买盘
575,11:10:30,7.93,0.0,12,9516,买盘
576,11:10:33,7.93,0.0,10,7930,买盘
577,11:10:36,7.93,0.0,6,4758,买盘
578,11:10:39,7.93,0.0,6,4758,买盘
579,11:10:42,7.93,0.0,6,4758,买盘
580,11:10:45,7.93,0.0,1,793,买盘
581,11:10:48,7.93,0.0,1,793,买盘
582,11:10:51,7.92,-0.01,17,13465,卖盘
583,11:10:54,7.93,0.01,1,793,买盘
584,11:10:57,7.93,0.0,1,793,买盘
585,11:11:00,7.93,0.0,1,793,买盘
586,11:11:04,7.93,0.0,1,793,买盘
587,11:11:06,7.93,0.0,1,793,买盘
588,11:11:09,7.93,0.0,1,793,买盘
589,11:11:13,7.93,0.0,1,793,买盘
590,11:11:15,7.93,0.0,1,793,买盘
591,11:11:18,7.93,0.0,1,793,买盘
592,11:11:21,7.93,0.0,1,793,买盘
593,11:11:24,7.93,0.0,1,793,买盘
594,11:11:27,7.93,0.0,5,3965,买盘
595,11:11:42,7.94,0.01,11,8732,买盘
596,11:13:09,7.92,-0.02,1,792,卖盘
597,11:13:24,7.92,0.0,61,48312,卖盘
598,11:13:42,7.92,0.0,16,12672,买盘
599,11:14:57,7.92,0.0,86,68117,卖盘
600,11:15:06,7.91,-0.01,39,30869,卖盘
601,11:15:10,7.92,0.01,22,17414,买盘
602,11:15:18,7.92,0.0,130,102960,买盘
603,11:16:09,7.94,0.02,50,39700,买盘
604,11:16:24,7.94,0.0,3,2382,买盘
605,11:16:30,7.94,0.0,12,9528,买盘
606,11:16:39,7.95,0.01,13,10335,买盘
607,11:16:57,7.94,-0.01,5,3970,卖盘
608,11:17:09,7.95,0.01,5,3975,买盘
609,11:17:39,7.95,0.0,4,3180,买盘
610,11:17:42,7.95,0.0,5,3975,买盘
611,11:17:51,7.94,-0.01,1,794,卖盘
612,11:17:54,7.95,0.01,25,19875,买盘
613,11:18:28,7.95,0.0,60,47700,买盘
614,11:18:30,7.95,0.0,10,7950,卖盘
615,11:18:33,7.95,0.0,9,7155,买盘
616,11:18:42,7.94,-0.01,15,11910,卖盘
617,11:18:48,7.95,0.01,10,7950,买盘
618,11:18:57,7.94,-0.01,8,6352,卖盘
619,11:19:03,7.95,0.01,10,7941,买盘
620,11:19:06,7.96,0.01,64,50944,买盘
621,11:19:27,7.97,0.01,36,28692,买盘
622,11:19:33,7.97,0.0,1,797,买盘
623,11:19:48,7.97,0.0,2,1594,买盘
624,11:19:51,7.97,0.0,18,14346,买盘
625,11:20:00,7.98,0.01,375,299250,买盘
626,11:20:04,7.98,0.0,7,5586,卖盘
627,11:20:06,7.99,0.01,5,3995,买盘
628,11:20:13,7.99,0.0,46,36754,买盘
629,11:20:15,7.97,-0.02,46,36693,卖盘
630,11:20:18,7.99,0.02,179,143006,买盘
631,11:20:21,7.98,-0.01,10,7980,中性盘
632,11:20:27,8.0,0.02,620,495631,买盘
633,11:20:40,7.99,-0.01,75,59925,买盘
634,11:20:49,7.99,0.0,373,298370,卖盘
635,11:20:55,8.0,0.01,10,8000,买盘
636,11:21:00,8.01,0.01,125,99884,买盘
637,11:21:04,7.97,-0.04,10,7970,卖盘
638,11:21:21,7.99,0.02,6,4794,买盘
639,11:21:30,7.99,0.0,175,139805,买盘
640,11:21:36,7.99,0.0,50,39950,卖盘
641,11:21:39,7.99,0.0,20,15980,卖盘
642,11:21:42,7.99,0.0,20,15980,卖盘
643,11:21:51,8.0,0.01,70,55992,买盘
644,11:21:54,8.0,0.0,162,129600,买盘
645,11:22:00,8.04,0.04,582,467098,买盘
646,11:22:04,8.06,0.02,422,339576,买盘
647,11:22:09,8.07,0.01,129,104133,买盘
648,11:22:12,8.09,0.02,699,564906,买盘
649,11:22:15,8.07,-0.02,155,125002,买盘
650,11:22:21,8.07,0.0,103,83111,买盘
651,11:22:24,8.07,0.0,62,50014,买盘
652,11:22:27,8.06,-0.01,53,42794,中性盘
653,11:22:30,8.06,0.0,34,27404,买盘
654,11:22:33,8.06,0.0,25,20150,买盘
655,11:22:39,8.05,-0.01,9,7245,中性盘
656,11:22:42,8.05,0.0,16,12870,买盘
657,11:22:45,8.06,0.01,130,104745,买盘
658,11:22:48,8.05,-0.01,196,158000,中性盘
659,11:22:51,8.07,0.02,39,31457,买盘
660,11:22:54,8.05,-0.02,2,1610,卖盘
661,11:22:57,8.05,0.0,18,14490,买盘
662,11:23:00,8.05,0.0,27,21730,买盘
663,11:23:04,8.05,0.0,10,8050,买盘
664,11:23:06,8.05,0.0,77,62008,买盘
665,11:23:10,8.04,-0.01,190,153069,卖盘
666,11:23:12,8.04,0.0,9,7237,卖盘
667,11:23:15,8.03,-0.01,10,8030,卖盘
668,11:23:24,8.04,0.01,224,179989,买盘
669,11:23:30,8.04,0.0,180,144720,卖盘
670,11:23:36,8.04,0.0,26,20904,买盘
671,11:23:48,8.04,0.0,6,4824,买盘
672,11:23:51,8.04,0.0,163,131052,买盘
673,11:23:54,8.04,0.0,43,34572,买盘
674,11:23:57,8.04,0.0,5,4020,买盘
675,11:24:00,8.04,0.0,30,24120,买盘
676,11:24:09,8.04,0.0,21,16884,买盘
677,11:24:12,8.05,0.01,1,805,买盘
678,11:24:15,8.05,0.0,131,105455,买盘
679,11:24:18,8.05,0.0,41,32995,买盘
680,11:24:21,8.06,0.01,47,37855,买盘
681,11:24:24,8.05,-0.01,25,20125,卖盘
682,11:24:27,8.05,0.0,100,80500,卖盘
683,11:24:30,8.05,0.0,45,36225,买盘
684,11:24:33,8.06,0.01,148,119136,买盘
685,11:24:36,8.05,-0.01,5,4025,中性盘
686,11:24:39,8.05,0.0,23,18505,买盘
687,11:24:42,8.04,-0.01,25,20120,卖盘
688,11:24:45,8.04,0.0,18,14485,卖盘
689,11:24:51,8.04,0.0,7,5633,卖盘
690,11:24:54,8.04,0.0,10,8040,卖盘
691,11:24:57,8.04,0.0,127,102108,卖盘
692,11:25:00,8.04,0.0,20,16080,买盘
693,11:25:06,8.05,0.01,66,53097,买盘
694,11:25:09,8.03,-0.02,4,3212,卖盘
695,11:25:18,8.03,0.0,30,24095,卖盘
696,11:25:28,8.03,0.0,6,4818,买盘
697,11:25:31,8.03,0.0,46,36928,买盘
698,11:25:37,8.02,-0.01,4,3208,卖盘
699,11:25:39,8.03,0.01,13,10439,买盘
700,11:25:45,8.03,0.0,51,40953,卖盘
701,11:25:51,8.04,0.01,10,8040,买盘
702,11:26:04,8.04,0.0,14,11256,买盘
703,11:26:15,8.04,0.0,7,5628,买盘
704,11:26:18,8.03,-0.01,63,50589,卖盘
705,11:26:24,8.03,0.0,38,30514,卖盘
706,11:26:33,8.03,0.0,50,40150,买盘
707,11:26:36,8.02,-0.01,300,240700,卖盘
708,11:26:42,8.03,0.01,25,20063,买盘
709,11:27:07,8.01,-0.02,53,42453,卖盘
710,11:27:10,8.01,0.0,4,3204,卖盘
711,11:27:24,8.01,0.0,27,21627,卖盘
712,11:27:45,8.01,0.0,30,24030,买盘
713,11:28:18,8.02,0.01,50,40100,买盘
714,11:28:21,8.01,-0.01,11,8816,卖盘
715,11:28:51,8.02,0.01,26,20852,买盘
716,11:28:54,8.02,0.0,3,2406,买盘
717,11:29:12,8.02,0.0,40,32080,买盘
718,11:29:24,8.02,0.0,5,4010,买盘
719,11:29:42,8.02,0.0,10,8020,买盘
720,11:29:45,8.02,0.0,123,98646,买盘
721,11:29:57,8.04,0.02,30,24120,买盘
722,13:00:04,8.04,0.0,256,205901,买盘
723,13:00:06,8.04,0.0,31,24924,买盘
724,13:00:30,8.02,-0.02,13,10434,卖盘
725,13:00:48,8.02,0.0,114,91428,卖盘
726,13:01:18,8.01,-0.01,5,4005,卖盘
727,13:01:27,8.01,0.0,1,801,卖盘
728,13:01:39,8.01,0.0,80,64080,卖盘
729,13:01:43,8.01,0.0,4,3204,卖盘
730,13:01:51,8.01,0.0,65,52065,卖盘
731,13:02:03,8.01,0.0,5,4005,卖盘
732,13:02:21,8.0,-0.01,5,4000,卖盘
733,13:02:24,8.01,0.01,14,11214,买盘
734,13:02:45,8.01,0.0,10,8010,买盘
735,13:03:30,8.0,-0.01,10,8000,卖盘
736,13:03:33,8.0,0.0,30,24000,卖盘
737,13:03:51,8.0,0.0,20,16000,卖盘
738,13:04:12,8.0,0.0,30,24000,卖盘
739,13:04:25,8.0,0.0,8,6400,卖盘
740,13:04:30,7.99,-0.01,93,74307,卖盘
741,13:05:12,8.0,0.01,6,4800,买盘
742,13:05:15,7.99,-0.01,13,10387,卖盘
743,13:05:39,7.98,-0.01,100,79860,卖盘
744,13:05:45,7.98,0.0,1,798,卖盘
745,13:06:00,7.98,0.0,10,7980,卖盘
746,13:06:03,7.99,0.01,7,5593,买盘
747,13:06:18,7.99,0.0,16,12784,买盘
748,13:06:21,7.99,0.0,14,11186,卖盘
749,13:06:27,7.99,0.0,2,1598,买盘
750,13:06:33,7.99,0.0,8,6392,卖盘
751,13:06:36,7.99,0.0,10,7990,卖盘
752,13:06:39,7.99,0.0,5,3995,卖盘
753,13:06:45,7.98,-0.01,50,39900,卖盘
754,13:06:48,7.99,0.01,1,799,买盘
755,13:06:51,7.98,-0.01,8,6385,卖盘
756,13:07:33,7.97,-0.01,15,11960,卖盘
757,13:07:54,7.97,0.0,74,58978,卖盘
758,13:08:33,7.98,0.01,11,8778,买盘
759,13:09:33,7.98,0.0,133,106134,买盘
760,13:09:36,7.97,-0.01,20,15957,卖盘
761,13:09:45,7.99,0.02,10,7990,买盘
762,13:10:00,7.98,-0.01,20,15960,买盘
763,13:10:30,7.98,0.0,35,27930,买盘
764,13:10:33,7.98,0.0,12,9576,卖盘
765,13:10:36,7.98,0.0,1,798,中性盘
766,13:10:42,7.97,-0.01,8,6383,卖盘
767,13:10:48,7.98,0.01,2,1596,中性盘
768,13:10:51,7.98,0.0,2,1596,卖盘
769,13:10:54,7.97,-0.01,48,38302,卖盘
770,13:11:30,7.98,0.01,1,798,买盘
771,13:11:36,7.98,0.0,10,7980,买盘
772,13:11:42,7.97,-0.01,78,62240,卖盘
773,13:11:48,7.97,0.0,72,57384,卖盘
774,13:11:55,7.97,0.0,24,19128,卖盘
775,13:12:15,7.97,0.0,58,46226,卖盘
776,13:12:30,7.97,0.0,13,10361,买盘
777,13:12:51,7.97,0.0,7,5579,买盘
778,13:12:57,7.97,0.0,20,15940,买盘
779,13:13:12,7.97,0.0,30,23910,买盘
780,13:13:18,7.96,-0.01,7,5572,卖盘
781,13:13:27,7.96,0.0,45,35820,卖盘
782,13:13:39,7.96,0.0,129,102684,卖盘
783,13:13:42,7.96,0.0,14,11144,卖盘
784,13:13:45,7.95,-0.01,14,11130,卖盘
785,13:13:48,7.96,0.01,4,3184,买盘
786,13:13:51,7.96,0.0,1,796,卖盘
787,13:14:04,7.96,0.0,10,7960,中性盘
788,13:14:07,7.96,0.0,8,6368,买盘
789,13:14:09,7.95,-0.01,105,83610,卖盘
790,13:14:27,7.97,0.02,37,29462,买盘
791,13:14:42,7.96,-0.01,7,5572,卖盘
792,13:15:33,7.97,0.01,9,7173,买盘
793,13:16:09,7.97,0.0,78,62166,买盘
794,13:16:25,7.96,-0.01,140,111440,卖盘
795,13:16:42,7.96,0.0,24,19104,卖盘
796,13:17:33,7.97,0.01,2,1594,买盘
797,13:17:37,7.96,-0.01,1,796,卖盘
798,13:17:39,7.97,0.01,2,1594,买盘
799,13:17:49,7.97,0.0,8,6376,买盘
800,13:18:18,7.97,0.0,9,7173,买盘
801,13:18:21,7.96,-0.01,60,47760,卖盘
802,13:18:39,7.96,0.0,55,43780,卖盘
803,13:18:45,7.96,0.0,9,7164,卖盘
804,13:18:54,7.96,0.0,3,2388,买盘
805,13:19:00,7.96,0.0,3,2388,买盘
806,13:19:03,7.96,0.0,5,3980,卖盘
807,13:19:19,7.96,0.0,12,9552,卖盘
808,13:19:27,7.96,0.0,1,796,买盘
809,13:19:39,7.95,-0.01,4,3180,卖盘
810,13:19:43,7.95,0.0,13,10335,卖盘
811,13:19:48,7.95,0.0,177,140715,卖盘
812,13:20:30,7.95,0.0,30,23830,买盘
813,13:20:33,7.95,0.0,73,58035,买盘
814,13:21:15,7.96,0.01,10,7960,买盘
815,13:22:04,7.96,0.0,20,15920,买盘
816,13:22:12,7.97,0.01,200,159244,买盘
817,13:22:24,7.97,0.0,22,17534,买盘
818,13:22:27,7.94,-0.03,31,24698,卖盘
819,13:22:33,7.98,0.04,30,23935,买盘
820,13:22:49,7.96,-0.02,4,3184,买盘
821,13:23:04,7.96,0.0,46,36616,卖盘
822,13:23:09,7.96,0.0,20,15920,买盘
823,13:23:12,7.96,0.0,11,8756,买盘
824,13:23:18,7.96,0.0,3,2388,买盘
825,13:23:24,7.96,0.0,4,3184,买盘
826,13:23:27,7.96,0.0,50,39800,买盘
827,13:23:33,7.95,-0.01,46,36570,卖盘
828,13:23:51,7.94,-0.01,28,22232,卖盘
829,13:23:54,7.95,0.01,10,7950,买盘
830,13:24:06,7.95,0.0,3,2385,买盘
831,13:24:12,7.95,0.0,61,48495,买盘
832,13:24:21,7.95,0.0,10,7950,卖盘
833,13:25:18,7.95,0.0,9,7155,卖盘
834,13:25:21,7.96,0.01,5,3980,卖盘
835,13:25:30,7.96,0.0,12,9552,卖盘
836,13:25:51,7.96,0.0,4,3184,卖盘
837,13:26:06,7.96,0.0,1,796,买盘
838,13:27:12,7.97,0.01,56,44632,买盘
839,13:27:18,7.97,0.0,3,2391,卖盘
840,13:27:24,7.98,0.01,100,79800,买盘
841,13:27:42,7.98,0.0,6,4788,买盘
842,13:27:54,7.98,0.0,4,3192,买盘
843,13:28:00,7.97,-0.01,50,39855,卖盘
844,13:28:12,7.97,0.0,20,15940,卖盘
845,13:28:51,7.98,0.01,5,3990,买盘
846,13:29:00,7.98,0.0,2,1596,买盘
847,13:29:09,7.98,0.0,25,19950,买盘
848,13:29:12,7.98,0.0,50,39900,卖盘
849,13:29:27,7.98,0.0,35,27930,卖盘
850,13:30:04,7.97,-0.01,1,797,卖盘
851,13:30:06,7.99,0.02,236,188563,买盘
852,13:30:30,8.0,0.01,4,3200,买盘
853,13:30:39,7.99,-0.01,9,7191,卖盘
854,13:30:42,7.99,0.0,11,8789,买盘
855,13:30:57,7.99,0.0,10,7990,买盘
856,13:31:21,7.99,0.0,3,2397,买盘
857,13:31:24,7.99,0.0,3,2397,买盘
858,13:31:36,7.98,-0.01,2,1596,卖盘
859,13:32:07,7.98,0.0,1,798,卖盘
860,13:32:43,7.98,0.0,5,3990,卖盘
861,13:32:48,7.98,0.0,45,35910,卖盘
862,13:32:54,7.98,0.0,1,798,卖盘
863,13:33:03,7.98,0.0,46,36708,卖盘
864,13:33:15,7.97,-0.01,5,3989,卖盘
865,13:33:27,7.98,0.01,8,6384,买盘
866,13:34:34,7.97,-0.01,17,13549,卖盘
867,13:34:45,7.98,0.01,2,1596,买盘
868,13:34:48,7.97,-0.01,8,6376,卖盘
869,13:34:57,7.97,0.0,50,39850,卖盘
870,13:35:16,7.97,0.0,6,4782,卖盘
871,13:35:24,7.97,0.0,1,797,卖盘
872,13:35:33,7.96,-0.01,50,39800,卖盘
873,13:35:36,7.98,0.02,2,1596,买盘
874,13:35:39,7.97,-0.01,2,1594,买盘
875,13:35:51,7.96,-0.01,20,15920,卖盘
876,13:36:09,7.96,0.0,3,2388,卖盘
877,13:36:12,7.95,-0.01,51,40572,卖盘
878,13:36:21,7.95,0.0,1,795,卖盘
879,13:36:27,7.95,0.0,6,4770,卖盘
880,13:36:39,7.94,-0.01,56,44481,卖盘
881,13:36:54,7.93,-0.01,8,6344,卖盘
882,13:37:00,7.93,0.0,10,7930,卖盘
883,13:37:04,7.93,0.0,13,10309,卖盘
884,13:37:06,7.93,0.0,20,15860,买盘
885,13:37:18,7.92,-0.01,2,1584,卖盘
886,13:37:36,7.93,0.01,51,40420,买盘
887,13:37:48,7.93,0.0,4,3172,卖盘
888,13:38:00,7.93,0.0,20,15860,买盘
889,13:38:04,7.92,-0.01,11,8712,卖盘
890,13:38:09,7.92,0.0,4,3168,卖盘
891,13:38:27,7.92,0.0,6,4752,卖盘
892,13:38:33,7.93,0.01,8,6344,买盘
893,13:38:45,7.93,0.0,2,1586,卖盘
894,13:38:52,7.91,-0.02,250,197906,卖盘
895,13:39:09,7.91,0.0,10,7910,卖盘
896,13:39:21,7.92,0.01,1,792,买盘
897,13:39:24,7.93,0.01,2,1586,买盘
898,13:39:27,7.91,-0.02,31,24530,卖盘
899,13:39:51,7.92,0.01,10,7920,卖盘
900,13:39:57,7.93,0.01,34,26962,买盘
901,13:40:00,7.92,-0.01,17,13464,卖盘
902,13:40:06,7.93,0.01,7,5551,买盘
903,13:40:10,7.92,-0.01,20,15840,卖盘
904,13:40:15,7.92,0.0,3,2376,卖盘
905,13:40:30,7.93,0.01,30,23790,买盘
906,13:40:48,7.92,-0.01,2,1584,卖盘
907,13:41:06,7.93,0.01,87,68991,买盘
908,13:41:24,7.93,0.0,30,23790,卖盘
909,13:41:30,7.94,0.01,9,7146,买盘
910,13:41:36,7.93,-0.01,30,23790,卖盘
911,13:41:54,7.93,0.0,14,11102,买盘
912,13:42:00,7.93,0.0,50,39650,买盘
913,13:42:07,7.92,-0.01,2,1584,卖盘
914,13:42:27,7.92,0.0,30,23760,卖盘
915,13:42:42,7.92,0.0,1,792,卖盘
916,13:42:48,7.93,0.01,12,9516,买盘
917,13:43:09,7.94,0.01,2,1588,买盘
918,13:43:12,7.93,-0.01,1,793,卖盘
919,13:43:22,7.94,0.01,9,7146,买盘
920,13:43:33,7.94,0.0,24,19056,买盘
921,13:43:42,7.94,0.0,15,11910,卖盘
922,13:44:06,7.94,0.0,3,2382,卖盘
923,13:44:21,7.95,0.01,10,7950,买盘
924,13:44:39,7.95,0.0,10,7950,买盘
925,13:44:42,7.94,-0.01,2,1588,卖盘
926,13:45:09,7.94,0.0,9,7146,卖盘
927,13:45:12,7.94,0.0,36,28584,卖盘
928,13:45:21,7.93,-0.01,33,26169,卖盘
929,13:45:33,7.93,0.0,60,47580,卖盘
930,13:45:48,7.92,-0.01,2,1584,卖盘
931,13:46:09,7.93,0.01,4,3172,买盘
932,13:46:12,7.95,0.02,8,6360,买盘
933,13:46:15,7.93,-0.02,11,8733,卖盘
934,13:46:42,7.93,0.0,40,31720,买盘
935,13:47:00,7.93,0.0,2,1586,卖盘
936,13:47:48,7.95,0.02,5,3975,买盘
937,13:48:00,7.94,-0.01,2,1588,卖盘
938,13:48:12,7.95,0.01,13,10335,买盘
939,13:48:15,7.94,-0.01,73,57962,卖盘
940,13:49:01,7.94,0.0,2,1588,卖盘
941,13:49:51,7.94,0.0,3,2383,卖盘
942,13:50:03,7.94,0.0,20,15880,卖盘
943,13:50:07,7.95,0.01,2,1590,买盘
944,13:50:10,7.95,0.0,19,15105,买盘
945,13:50:21,7.94,-0.01,81,64314,卖盘
946,13:50:31,7.94,0.0,1,794,卖盘
947,13:50:42,7.94,0.0,1,794,卖盘
948,13:51:06,7.94,0.0,1,794,卖盘
949,13:51:16,7.94,0.0,33,26202,卖盘
950,13:51:18,7.94,0.0,1,794,买盘
951,13:51:42,7.94,0.0,5,3970,卖盘
952,13:52:03,7.93,-0.01,152,120536,卖盘
953,13:52:12,7.93,0.0,20,15860,买盘
954,13:52:21,7.92,-0.01,1,792,卖盘
955,13:52:39,7.92,0.0,14,11088,卖盘
956,13:52:45,7.93,0.01,32,25376,买盘
957,13:53:21,7.94,0.01,5,3970,买盘
958,13:53:48,7.93,-0.01,2,1586,卖盘
959,13:53:51,7.94,0.01,2,1588,买盘
960,13:54:36,7.92,-0.02,300,237689,卖盘
961,13:54:57,7.92,0.0,2,1584,卖盘
962,13:55:09,7.92,0.0,1,792,卖盘
963,13:56:00,7.92,0.0,2,1584,卖盘
964,13:56:21,7.92,0.0,1,792,卖盘
965,13:56:33,7.91,-0.01,81,64109,卖盘
966,13:56:39,7.93,0.02,22,17446,买盘
967,13:56:42,7.93,0.0,16,12688,卖盘
968,13:56:48,7.93,0.0,2,1586,卖盘
969,13:56:54,7.93,0.0,106,84058,卖盘
970,13:56:57,7.93,0.0,3,2379,买盘
971,13:57:39,7.92,-0.01,1,792,卖盘
972,13:57:51,7.91,-0.01,11,8710,卖盘
973,13:58:00,7.91,0.0,5,3955,卖盘
974,13:58:12,7.92,0.01,22,17424,买盘
975,13:58:24,7.92,0.0,4,3168,买盘
976,13:58:39,7.93,0.01,10,7930,买盘
977,13:58:54,7.92,-0.01,2,1584,卖盘
978,13:59:18,7.92,0.0,26,20596,卖盘
979,13:59:48,7.92,0.0,1,792,卖盘
980,14:00:06,7.92,0.0,20,15840,卖盘
981,14:00:09,7.92,0.0,10,7920,卖盘
982,14:00:39,7.92,0.0,3,2376,卖盘
983,14:00:42,7.92,0.0,9,7128,卖盘
984,14:00:45,7.92,0.0,3,2376,卖盘
985,14:00:48,7.92,0.0,3,2376,卖盘
986,14:00:51,7.92,0.0,3,2376,卖盘
987,14:00:55,7.91,-0.01,3,2374,卖盘
988,14:00:58,7.91,0.0,5,3955,卖盘
989,14:01:01,7.91,0.0,30,23730,卖盘
990,14:01:04,7.91,0.0,19,15029,卖盘
991,14:01:07,7.91,0.0,7,5537,卖盘
992,14:01:10,7.91,0.0,186,147126,卖盘
993,14:01:12,7.91,0.0,2,1582,卖盘
994,14:01:16,7.91,0.0,25,19775,卖盘
995,14:01:18,7.9,-0.01,6,4740,卖盘
996,14:01:21,7.9,0.0,2,1580,卖盘
997,14:01:30,7.9,0.0,1,790,卖盘
998,14:01:39,7.89,-0.01,160,126361,卖盘
999,14:01:45,7.89,0.0,2,1578,卖盘
1000,14:01:54,7.89,0.0,30,23670,卖盘
1001,14:02:09,7.9,0.01,5,3950,买盘
1002,14:02:15,7.89,-0.01,64,50496,卖盘
1003,14:02:27,7.89,0.0,13,10257,卖盘
1004,14:02:48,7.9,0.01,28,22120,买盘
1005,14:02:57,7.89,-0.01,2,1578,卖盘
1006,14:03:06,7.9,0.01,7,5530,买盘
1007,14:03:09,7.9,0.0,10,7900,买盘
1008,14:03:15,7.9,0.0,3,2370,买盘
1009,14:03:18,7.88,-0.02,470,370647,卖盘
1010,14:03:30,7.89,0.01,29,22896,卖盘
1011,14:03:40,7.89,0.0,2,1578,买盘
1012,14:03:43,7.89,0.0,20,15780,买盘
1013,14:03:45,7.88,-0.01,2,1576,卖盘
1014,14:03:48,7.89,0.01,2,1578,买盘
1015,14:04:09,7.88,-0.01,212,167064,卖盘
1016,14:04:12,7.89,0.01,30,23670,卖盘
1017,14:04:24,7.89,0.0,10,7890,买盘
1018,14:04:42,7.89,0.0,10,7890,买盘
1019,14:04:45,7.88,-0.01,2,1576,卖盘
1020,14:04:48,7.89,0.01,10,7890,买盘
1021,14:05:18,7.89,0.0,6,4734,买盘
1022,14:05:25,7.89,0.0,2,1578,买盘
1023,14:05:42,7.88,-0.01,62,48856,卖盘
1024,14:05:45,7.88,0.0,2,1576,卖盘
1025,14:05:48,7.88,0.0,46,36248,卖盘
1026,14:05:51,7.89,0.01,10,7890,买盘
1027,14:05:54,7.88,-0.01,90,70920,卖盘
1028,14:06:00,7.88,0.0,7,5516,卖盘
1029,14:06:09,7.88,0.0,84,66192,卖盘
1030,14:06:12,7.88,0.0,10,7880,买盘
1031,14:06:28,7.89,0.01,25,19710,买盘
1032,14:06:33,7.89,0.0,1,789,买盘
1033,14:06:45,7.89,0.0,1,789,买盘
1034,14:06:48,7.89,0.0,4,3154,买盘
1035,14:06:54,7.88,-0.01,79,62250,卖盘
1036,14:06:57,7.89,0.01,43,33885,买盘
1037,14:07:00,7.89,0.0,5,3945,卖盘
1038,14:07:03,7.89,0.0,2,1578,卖盘
1039,14:07:06,7.89,0.0,35,27615,买盘
1040,14:07:12,7.89,0.0,16,12624,买盘
1041,14:07:18,7.89,0.0,13,10257,卖盘
1042,14:07:24,7.9,0.01,15,11850,买盘
1043,14:07:27,7.9,0.0,20,15800,买盘
1044,14:07:33,7.93,0.03,107,84692,买盘
1045,14:07:43,7.93,0.0,2,1586,卖盘
1046,14:07:54,7.94,0.01,10,7940,买盘
1047,14:07:57,7.94,0.0,1,794,卖盘
1048,14:08:01,7.94,0.0,8,6352,卖盘
1049,14:08:09,7.94,0.0,10,7940,买盘
1050,14:08:15,7.94,0.0,33,26202,买盘
1051,14:08:21,7.94,0.0,11,8734,卖盘
1052,14:08:24,7.94,0.0,1,794,卖盘
1053,14:08:27,7.94,0.0,1,794,卖盘
1054,14:08:40,7.94,0.0,30,23820,卖盘
1055,14:08:43,7.94,0.0,14,11116,卖盘
1056,14:08:48,7.94,0.0,10,7940,卖盘
1057,14:08:54,7.94,0.0,2,1588,卖盘
1058,14:09:04,7.94,0.0,16,12704,卖盘
1059,14:09:19,7.94,0.0,12,9528,卖盘
1060,14:09:24,7.95,0.01,46,36570,买盘
1061,14:09:27,7.94,-0.01,59,46855,卖盘
1062,14:10:00,7.94,0.0,2,1588,卖盘
1063,14:10:18,7.94,0.0,62,49228,卖盘
1064,14:10:24,7.93,-0.01,21,16653,卖盘
1065,14:10:45,7.9,-0.03,1,790,卖盘
1066,14:11:45,7.91,0.01,50,39550,卖盘
1067,14:12:00,7.91,0.0,2,1582,卖盘
1068,14:12:15,7.93,0.02,6,4757,买盘
1069,14:12:27,7.92,-0.01,1,792,买盘
1070,14:13:03,7.94,0.02,8,6348,买盘
1071,14:13:09,7.94,0.0,12,9528,买盘
1072,14:13:12,7.94,0.0,20,15880,买盘
1073,14:13:15,7.94,0.0,5,3970,买盘
1074,14:13:21,7.94,0.0,22,17468,买盘
1075,14:13:45,7.93,-0.01,57,45201,卖盘
1076,14:13:51,7.93,0.0,3,2380,卖盘
1077,14:14:03,7.94,0.01,14,11116,买盘
1078,14:14:21,7.94,0.0,19,15098,卖盘
1079,14:14:42,7.95,0.01,60,47700,买盘
1080,14:14:45,7.94,-0.01,2,1588,卖盘
1081,14:15:04,7.96,0.02,512,407482,买盘
1082,14:15:21,7.97,0.01,10,7970,买盘
1083,14:15:46,7.96,-0.01,2,1592,卖盘
1084,14:15:55,7.97,0.01,11,8767,买盘
1085,14:16:16,7.97,0.0,2,1594,买盘
1086,14:17:06,7.96,-0.01,2,1592,卖盘
1087,14:17:12,7.96,0.0,15,11940,卖盘
1088,14:17:15,8.01,0.05,481,385485,买盘
1089,14:17:18,8.01,0.0,5,4005,卖盘
1090,14:17:21,8.01,0.0,10,8010,卖盘
1091,14:17:24,8.01,0.0,61,48890,卖盘
1092,14:17:27,8.01,0.0,11,8811,卖盘
1093,14:17:30,8.01,0.0,33,26433,卖盘
1094,14:17:33,8.02,0.01,40,32071,买盘
1095,14:17:36,8.02,0.0,147,117894,买盘
1096,14:17:39,8.01,-0.01,94,74607,卖盘
1097,14:17:45,8.01,0.0,50,40050,买盘
1098,14:17:48,7.99,-0.02,2,1598,卖盘
1099,14:17:54,8.05,0.06,820,659865,买盘
1100,14:17:57,8.05,0.0,65,52382,卖盘
1101,14:18:00,8.06,0.01,14,11274,买盘
1102,14:18:03,8.05,-0.01,50,40250,卖盘
1103,14:18:07,8.05,0.0,164,132020,卖盘
1104,14:18:09,8.06,0.01,74,59600,买盘
1105,14:18:12,8.06,0.0,148,119206,买盘
1106,14:18:15,8.05,-0.01,99,79705,卖盘
1107,14:18:18,8.05,0.0,3,2415,卖盘
1108,14:18:21,8.05,0.0,4,3220,卖盘
1109,14:18:24,8.05,0.0,36,28980,卖盘
1110,14:18:27,8.05,0.0,10,7342,卖盘
1111,14:18:36,8.05,0.0,20,16100,买盘
1112,14:18:45,8.01,-0.04,2,1602,卖盘
1113,14:18:54,8.01,0.0,9,7209,卖盘
1114,14:18:57,8.01,0.0,28,22428,买盘
1115,14:19:06,8.03,0.02,19,15257,中性盘
1116,14:19:09,8.01,-0.02,49,39249,卖盘
1117,14:19:12,8.01,0.0,8,6408,买盘
1118,14:19:24,8.03,0.02,20,16060,买盘
1119,14:19:27,8.03,0.0,3,2409,买盘
1120,14:19:30,8.03,0.0,70,56210,买盘
1121,14:19:45,8.03,0.0,5,4015,买盘
1122,14:20:04,8.01,-0.02,1,801,卖盘
1123,14:20:18,8.02,0.01,10,8020,买盘
1124,14:20:24,8.02,0.0,5,4010,卖盘
1125,14:20:30,8.03,0.01,56,44968,买盘
1126,14:20:33,8.02,-0.01,18,14440,卖盘
1127,14:20:40,8.02,0.0,5,4010,卖盘
1128,14:20:46,8.02,0.0,2,1604,卖盘
1129,14:20:51,8.02,0.0,20,16040,卖盘
1130,14:21:03,8.02,0.0,9,7218,卖盘
1131,14:21:09,8.02,0.0,18,14436,卖盘
1132,14:21:12,8.01,-0.01,52,41684,卖盘
1133,14:21:19,8.01,0.0,60,48060,卖盘
1134,14:21:28,8.01,0.0,10,8010,卖盘
1135,14:21:30,8.0,-0.01,109,87261,卖盘
1136,14:21:42,8.0,0.0,2,1600,卖盘
1137,14:21:54,8.0,0.0,72,57600,卖盘
1138,14:22:00,8.0,0.0,117,93600,卖盘
1139,14:22:06,8.0,0.0,10,8000,买盘
1140,14:22:09,8.0,0.0,10,8000,卖盘
1141,14:22:18,8.0,0.0,28,22400,卖盘
1142,14:22:21,8.0,0.0,78,62400,卖盘
1143,14:22:54,8.0,0.0,20,16000,卖盘
1144,14:22:57,8.0,0.0,2,1600,卖盘
1145,14:23:00,8.0,0.0,1,800,卖盘
1146,14:23:06,8.01,0.01,334,267534,买盘
1147,14:23:22,8.0,-0.01,30,24000,卖盘
1148,14:23:39,8.0,0.0,6,4800,卖盘
1149,14:23:51,8.0,0.0,12,9598,买盘
1150,14:23:57,8.0,0.0,7,5600,买盘
1151,14:24:21,8.0,0.0,2,1600,买盘
1152,14:24:39,7.99,-0.01,2,1598,卖盘
1153,14:25:09,7.99,0.0,5,3995,卖盘
1154,14:25:12,7.99,0.0,2,1598,卖盘
1155,14:25:21,8.0,0.01,25,20000,买盘
1156,14:25:27,8.0,0.0,1,800,卖盘
1157,14:25:30,8.01,0.01,90,72090,买盘
1158,14:25:33,8.0,-0.01,10,8000,卖盘
1159,14:25:36,8.02,0.02,120,96198,买盘
1160,14:25:39,8.02,0.0,23,18446,买盘
1161,14:25:45,8.03,0.01,3,2407,买盘
1162,14:25:48,8.03,0.0,4,3212,买盘
1163,14:25:51,8.03,0.0,5,4015,买盘
1164,14:26:00,8.03,0.0,46,36938,买盘
1165,14:26:15,8.03,0.0,104,83512,买盘
1166,14:26:22,8.02,-0.01,24,19248,卖盘
1167,14:26:39,8.02,0.0,4,3208,买盘
1168,14:26:42,8.03,0.01,76,60971,买盘
1169,14:26:58,8.02,-0.01,2,1604,买盘
1170,14:27:00,8.02,0.0,101,81000,买盘
1171,14:27:04,8.03,0.01,10,8030,买盘
1172,14:27:09,8.02,-0.01,5,4010,卖盘
1173,14:27:12,8.02,0.0,64,51328,卖盘
1174,14:27:18,8.02,0.0,5,4010,卖盘
1175,14:27:21,8.02,0.0,31,24862,卖盘
1176,14:27:27,8.01,-0.01,36,28836,卖盘
1177,14:27:39,8.02,0.01,129,103458,买盘
1178,14:27:54,8.02,0.0,2,1604,卖盘
1179,14:28:00,8.03,0.01,30,24090,买盘
1180,14:28:06,8.02,-0.01,500,401000,卖盘
1181,14:28:24,8.03,0.01,35,28075,买盘
1182,14:28:45,8.02,-0.01,1,802,卖盘
1183,14:28:57,8.03,0.01,19,15257,买盘
1184,14:29:00,8.02,-0.01,19,15238,卖盘
1185,14:29:12,8.01,-0.01,14,11214,卖盘
1186,14:29:27,8.01,0.0,10,8010,卖盘
1187,14:29:57,8.01,0.0,5,4005,买盘
1188,14:30:15,8.0,-0.01,10,8000,卖盘
1189,14:30:21,8.0,0.0,7,5600,卖盘
1190,14:30:28,8.0,0.0,20,16000,卖盘
1191,14:30:36,8.0,0.0,2,1600,卖盘
1192,14:30:51,7.99,-0.01,39,31161,卖盘
1193,14:31:27,7.98,-0.01,3,2394,卖盘
1194,14:31:42,7.98,0.0,3,2394,卖盘
1195,14:31:48,7.99,0.01,2,1598,买盘
1196,14:31:51,7.98,-0.01,20,15960,卖盘
1197,14:32:00,7.98,0.0,62,49476,卖盘
1198,14:32:09,7.97,-0.01,5,3985,卖盘
1199,14:32:18,7.97,0.0,20,15940,卖盘
1200,14:32:30,7.97,0.0,8,6376,卖盘
1201,14:32:36,7.97,0.0,2,1594,买盘
1202,14:32:51,7.96,-0.01,13,10348,卖盘
1203,14:32:57,7.96,0.0,5,3980,买盘
1204,14:33:04,7.96,0.0,1,796,买盘
1205,14:33:12,7.96,0.0,64,50944,买盘
1206,14:33:39,7.97,0.01,36,28692,买盘
1207,14:33:51,7.97,0.0,19,15143,买盘
1208,14:34:06,7.96,-0.01,48,38208,卖盘
1209,14:34:24,7.96,0.0,3,2388,买盘
1210,14:34:27,7.95,-0.01,79,62805,卖盘
1211,14:34:36,7.95,0.0,10,7950,卖盘
1212,14:34:48,7.95,0.0,11,8745,卖盘
1213,14:35:00,7.96,0.01,13,10348,买盘
1214,14:35:04,7.96,0.0,2,1592,卖盘
1215,14:35:36,7.96,0.0,5,3980,卖盘
1216,14:36:04,7.97,0.01,40,31880,买盘
1217,14:36:15,7.97,0.0,7,5579,卖盘
1218,14:36:51,7.97,0.0,6,4787,卖盘
1219,14:37:00,7.97,0.0,177,141106,卖盘
1220,14:37:04,7.97,0.0,6,4782,买盘
1221,14:37:09,7.97,0.0,22,17534,买盘
1222,14:37:15,7.97,0.0,12,9564,买盘
1223,14:37:18,7.97,0.0,18,14346,卖盘
1224,14:37:54,7.97,0.0,19,15143,买盘
1225,14:38:03,7.99,0.02,464,370487,买盘
1226,14:38:15,7.99,0.0,1,799,卖盘
1227,14:38:18,7.95,-0.04,208,165851,卖盘
1228,14:38:21,7.95,0.0,15,11925,买盘
1229,14:38:27,7.95,0.0,119,94605,买盘
1230,14:38:30,7.95,0.0,79,62805,买盘
1231,14:38:55,7.96,0.01,8,6368,卖盘
1232,14:39:04,7.99,0.03,3,2397,买盘
1233,14:39:39,8.01,0.02,438,350585,买盘
1234,14:39:45,8.01,0.0,10,8010,卖盘
1235,14:39:51,8.02,0.01,5,4010,买盘
1236,14:40:00,8.01,-0.01,10,8010,卖盘
1237,14:40:15,8.02,0.01,20,16040,买盘
1238,14:40:18,8.01,-0.01,3,2403,卖盘
1239,14:40:39,8.02,0.01,20,16040,买盘
1240,14:40:45,8.02,0.0,50,40100,买盘
1241,14:40:54,8.01,-0.01,12,9616,卖盘
1242,14:41:06,8.01,0.0,2,1602,卖盘
1243,14:41:09,8.01,0.0,83,66483,卖盘
1244,14:41:12,8.01,0.0,10,8010,买盘
1245,14:41:36,8.01,0.0,200,160160,买盘
1246,14:42:18,8.01,0.0,150,120150,买盘
1247,14:42:21,8.01,0.0,10,8010,卖盘
1248,14:42:24,8.01,0.0,89,71289,卖盘
1249,14:42:34,8.01,0.0,1,801,买盘
1250,14:42:36,8.01,0.0,1,801,卖盘
1251,14:42:39,8.01,0.0,11,8811,卖盘
1252,14:42:42,8.01,0.0,1,801,卖盘
1253,14:42:45,8.01,0.0,1,801,卖盘
1254,14:42:51,8.01,0.0,12,9612,买盘
1255,14:42:57,8.01,0.0,1,801,买盘
1256,14:43:12,8.0,-0.01,37,29600,卖盘
1257,14:43:24,8.0,0.0,12,9600,卖盘
1258,14:43:36,8.0,0.0,4,3200,买盘
1259,14:44:00,8.0,0.0,6,4800,买盘
1260,14:44:12,7.99,-0.01,20,15990,卖盘
1261,14:45:04,8.0,0.01,3,2400,买盘
1262,14:45:06,8.0,0.0,6,4800,买盘
1263,14:45:12,8.0,0.0,6,4800,买盘
1264,14:45:16,7.99,-0.01,1,799,卖盘
1265,14:45:18,7.99,0.0,1,799,卖盘
1266,14:45:27,8.0,0.01,83,66400,买盘
1267,14:45:33,8.0,0.0,50,40000,卖盘
1268,14:45:51,8.0,0.0,5,4000,卖盘
1269,14:46:12,8.0,0.0,46,36806,卖盘
1270,14:46:15,8.0,0.0,16,12800,卖盘
1271,14:46:18,8.01,0.01,12,9612,买盘
1272,14:46:33,8.0,-0.01,2,1600,卖盘
1273,14:46:54,8.0,0.0,66,52800,卖盘
1274,14:46:57,8.0,0.0,10,8000,卖盘
1275,14:47:04,8.0,0.0,47,37600,卖盘
1276,14:47:15,8.0,0.0,10,8000,买盘
1277,14:47:18,8.0,0.0,43,34400,买盘
1278,14:47:27,7.99,-0.01,5,3995,卖盘
1279,14:47:33,7.99,0.0,3,2397,卖盘
1280,14:47:49,8.0,0.01,11,8800,买盘
1281,14:47:57,8.0,0.0,5,4000,买盘
1282,14:48:00,8.0,0.0,50,40000,买盘
1283,14:48:03,8.0,0.0,14,11200,买盘
1284,14:48:07,8.0,0.0,46,36800,买盘
1285,14:48:24,7.99,-0.01,313,250216,卖盘
1286,14:48:48,8.0,0.01,40,31974,买盘
1287,14:49:03,8.0,0.0,30,24000,卖盘
1288,14:49:09,8.01,0.01,150,120150,买盘
1289,14:49:12,8.01,0.0,127,101727,买盘
1290,14:49:15,8.01,0.0,115,92115,卖盘
1291,14:49:18,8.01,0.0,5,4005,卖盘
1292,14:49:24,8.02,0.01,9,7218,买盘
1293,14:49:27,8.02,0.0,4,3208,买盘
1294,14:49:31,8.02,0.0,30,24060,买盘
1295,14:49:48,8.01,-0.01,46,36846,卖盘
1296,14:49:51,8.02,0.01,35,28070,买盘
1297,14:50:06,8.02,0.0,20,16040,买盘
1298,14:50:09,8.02,0.0,30,24060,买盘
1299,14:50:12,8.02,0.0,20,16030,买盘
1300,14:50:18,8.02,0.0,213,170826,买盘
1301,14:50:22,8.02,0.0,10,8020,卖盘
1302,14:50:27,8.03,0.01,63,50589,买盘
1303,14:50:30,8.02,-0.01,4,3208,卖盘
1304,14:50:33,8.03,0.01,22,17663,买盘
1305,14:50:39,8.02,-0.01,20,16040,卖盘
1306,14:50:42,8.02,0.0,50,40100,卖盘
1307,14:50:45,8.02,0.0,70,56140,卖盘
1308,14:51:06,8.02,0.0,54,43308,买盘
1309,14:51:09,8.02,0.0,10,8020,卖盘
1310,14:51:12,8.02,0.0,35,28054,卖盘
1311,14:51:18,8.02,0.0,155,124316,卖盘
1312,14:51:24,8.02,0.0,27,21654,买盘
1313,14:51:28,8.02,0.0,5,4010,买盘
1314,14:51:45,8.01,-0.01,64,51264,卖盘
1315,14:51:57,8.01,0.0,20,16020,卖盘
1316,14:52:00,8.01,0.0,10,8010,卖盘
1317,14:52:06,8.01,0.0,2,1602,卖盘
1318,14:52:09,8.02,0.01,9,7218,买盘
1319,14:52:30,8.01,-0.01,40,32040,卖盘
1320,14:52:42,8.01,0.0,40,32040,卖盘
1321,14:52:48,8.01,0.0,5,4005,卖盘
1322,14:52:51,8.01,0.0,10,8010,买盘
1323,14:52:54,8.01,0.0,9,7209,买盘
1324,14:52:57,8.01,0.0,17,13617,买盘
1325,14:53:09,8.01,0.0,55,44055,买盘
1326,14:53:25,8.01,0.0,11,8805,买盘
1327,14:53:28,8.0,-0.01,120,96000,卖盘
1328,14:53:31,8.01,0.01,117,93617,买盘
1329,14:53:36,8.0,-0.01,151,120800,卖盘
1330,14:53:39,8.01,0.01,15,12015,买盘
1331,14:53:42,8.01,0.0,28,22428,买盘
1332,14:53:45,8.01,0.0,125,100125,买盘
1333,14:53:48,8.01,0.0,20,16020,买盘
1334,14:54:06,8.01,0.0,35,28035,买盘
1335,14:54:12,8.0,-0.01,20,16000,卖盘
1336,14:54:15,8.01,0.01,9,7209,买盘
1337,14:54:18,8.01,0.0,12,9612,卖盘
1338,14:54:22,8.0,-0.01,192,153619,卖盘
1339,14:54:24,8.01,0.01,42,33642,买盘
1340,14:54:27,8.01,0.0,23,18423,买盘
1341,14:54:30,8.01,0.0,13,10413,卖盘
1342,14:54:45,8.01,0.0,10,8010,卖盘
1343,14:54:54,8.02,0.01,89,71370,买盘
1344,14:55:06,8.01,-0.01,5,4005,卖盘
1345,14:55:09,8.02,0.01,30,24060,买盘
1346,14:55:12,8.01,-0.01,17,13617,卖盘
1347,14:55:15,8.01,0.0,19,15219,买盘
1348,14:55:18,8.01,0.0,6,4806,买盘
1349,14:55:30,8.01,0.0,62,49662,买盘
1350,14:55:33,8.01,0.0,55,44055,买盘
1351,14:55:39,8.01,0.0,28,22428,卖盘
1352,14:55:42,8.01,0.0,39,31239,卖盘
1353,14:55:45,8.01,0.0,18,14418,卖盘
1354,14:56:00,8.0,-0.01,14,11200,卖盘
1355,14:56:06,8.01,0.01,50,40050,买盘
1356,14:56:12,8.01,0.0,641,513423,买盘
1357,14:56:18,8.0,-0.01,204,163384,卖盘
1358,14:56:21,8.0,0.0,43,34400,卖盘
1359,14:56:24,8.0,0.0,1,800,卖盘
1360,14:56:27,8.0,0.0,15,12000,卖盘
1361,14:56:30,8.0,0.0,36,28801,卖盘
1362,14:56:33,8.0,0.0,34,27204,卖盘
1363,14:56:36,8.01,0.01,1,801,买盘
1364,14:56:42,8.0,-0.01,8,6400,卖盘
1365,14:56:46,8.01,0.01,33,26433,买盘
1366,14:56:49,8.01,0.0,9,7209,买盘
1367,14:56:51,8.01,0.0,14,11214,买盘
1368,14:56:54,8.01,0.0,79,63279,买盘
1369,15:00:04,8.03,0.02,1439,1155517,卖盘
