,time,price,change,volume,amount,type
0,09:25:04,8.0,0.01,82,65600,卖盘
1,09:30:25,8.02,0.02,25,20050,买盘
2,09:30:34,8.02,0.0,50,40100,卖盘
3,09:30:37,8.02,0.0,2,1604,卖盘
4,09:30:40,8.02,0.0,4,3208,卖盘
5,09:30:43,8.02,0.0,8,6416,卖盘
6,09:30:45,8.02,0.0,3,2406,卖盘
7,09:30:58,8.02,0.0,13,10426,买盘
8,09:31:00,8.02,0.0,1,802,卖盘
9,09:31:04,8.01,-0.01,37,29637,卖盘
10,09:31:25,8.0,-0.01,33,26400,卖盘
11,09:31:34,8.0,0.0,13,10400,卖盘
12,09:32:07,8.0,0.0,32,25600,卖盘
13,09:33:07,7.99,-0.01,23,18377,卖盘
14,09:33:22,7.99,0.0,12,9588,卖盘
15,09:33:46,7.98,-0.01,1,798,卖盘
16,09:34:01,7.98,0.0,9,7182,卖盘
17,09:34:04,7.99,0.01,15,11985,买盘
18,09:34:36,7.97,-0.02,24,19128,卖盘
19,09:35:07,7.97,0.0,11,8767,卖盘
20,09:35:10,7.97,0.0,4,3188,买盘
21,09:35:28,7.96,-0.01,3,2388,卖盘
22,09:35:37,7.97,0.01,1,797,买盘
23,09:35:43,7.96,-0.01,9,7164,卖盘
24,09:36:06,7.97,0.01,23,18331,卖盘
25,09:36:09,7.97,0.0,12,9564,卖盘
26,09:36:22,7.96,-0.01,6,4776,卖盘
27,09:36:25,7.97,0.01,9,7166,买盘
28,09:36:28,7.96,-0.01,2,1592,卖盘
29,09:36:30,7.96,0.0,25,19900,卖盘
30,09:36:34,7.97,0.01,30,23910,买盘
31,09:36:43,7.97,0.0,2,1594,买盘
32,09:36:52,7.96,-0.01,26,20696,卖盘
33,09:37:01,7.97,0.01,41,32677,买盘
34,09:37:04,7.96,-0.01,6,4781,卖盘
35,09:37:10,7.96,0.0,59,46964,卖盘
36,09:37:16,7.96,0.0,214,170344,卖盘
37,09:37:19,7.95,-0.01,52,41355,卖盘
38,09:37:22,7.95,0.0,11,8745,卖盘
39,09:37:25,7.95,0.0,42,33390,卖盘
40,09:37:28,7.95,0.0,19,15105,卖盘
41,09:37:31,7.95,0.0,18,14310,卖盘
42,09:37:34,7.95,0.0,19,15105,卖盘
43,09:37:37,7.95,0.0,11,8745,卖盘
44,09:37:40,7.95,0.0,85,67575,卖盘
45,09:37:46,7.94,-0.01,2,1588,卖盘
46,09:37:49,7.94,0.0,2,1588,卖盘
47,09:37:51,7.94,0.0,10,7940,卖盘
48,09:37:55,7.94,0.0,1,794,卖盘
49,09:38:04,7.95,0.01,4,3180,买盘
50,09:38:13,7.95,0.0,23,18285,卖盘
51,09:38:19,7.95,0.0,8,6360,买盘
52,09:38:25,7.94,-0.01,16,12714,卖盘
53,09:38:43,7.94,0.0,55,43670,卖盘
54,09:38:46,7.94,0.0,3,2382,买盘
55,09:38:49,7.94,0.0,3,2382,卖盘
56,09:38:58,7.94,0.0,25,19850,卖盘
57,09:39:04,7.94,0.0,10,7940,买盘
58,09:39:06,7.93,-0.01,23,18244,卖盘
59,09:39:10,7.94,0.01,1,794,卖盘
60,09:39:12,7.94,0.0,36,28584,卖盘
61,09:39:16,7.94,0.0,9,7146,买盘
62,09:39:19,7.93,-0.01,51,40443,卖盘
63,09:39:22,7.94,0.01,31,24592,买盘
64,09:39:24,7.93,-0.01,51,40443,卖盘
65,09:39:28,7.93,0.0,15,11895,买盘
66,09:39:31,7.93,0.0,2,1586,买盘
67,09:39:34,7.92,-0.01,27,21384,卖盘
68,09:39:43,7.92,0.0,73,57816,卖盘
69,09:39:46,7.91,-0.01,9,7119,卖盘
70,09:39:54,7.92,0.01,6,4752,买盘
71,09:40:00,7.92,0.0,4,3168,买盘
72,09:40:09,7.93,0.01,3,2379,买盘
73,09:40:19,7.93,0.0,6,4758,买盘
74,09:40:25,7.93,0.0,4,3172,卖盘
75,09:40:28,7.93,0.0,6,4758,买盘
76,09:40:31,7.93,0.0,7,5551,买盘
77,09:40:33,7.94,0.01,14,11109,买盘
78,09:40:36,7.94,0.0,24,19056,卖盘
79,09:40:40,7.94,0.0,8,6352,卖盘
80,09:40:43,7.94,0.0,58,46052,卖盘
81,09:40:46,7.94,0.0,4,3176,卖盘
82,09:40:49,7.95,0.01,19,15101,买盘
83,09:40:52,7.94,-0.01,4,3176,卖盘
84,09:40:55,7.94,0.0,2,1588,卖盘
85,09:40:57,7.94,0.0,6,4764,卖盘
86,09:41:00,7.95,0.01,17,13513,买盘
87,09:41:04,7.94,-0.01,18,14292,卖盘
88,09:41:07,7.93,-0.01,1,793,卖盘
89,09:41:10,7.93,0.0,2,1586,卖盘
90,09:41:13,7.93,0.0,1,793,卖盘
91,09:41:16,7.93,0.0,1,793,卖盘
92,09:41:31,7.93,0.0,5,3965,卖盘
93,09:41:46,7.93,0.0,24,19032,买盘
94,09:41:48,7.93,0.0,1,793,卖盘
95,09:41:52,7.95,0.02,34,26997,买盘
96,09:42:01,7.95,0.0,16,12719,买盘
97,09:42:10,7.93,-0.02,7,5557,卖盘
98,09:42:13,7.93,0.0,25,19825,卖盘
99,09:42:16,7.93,0.0,47,37271,卖盘
100,09:42:19,7.92,-0.01,1,792,卖盘
101,09:42:22,7.93,0.01,7,5551,买盘
102,09:42:25,7.93,0.0,2,1586,买盘
103,09:42:46,7.93,0.0,3,2379,买盘
104,09:42:55,7.94,0.01,17,13498,买盘
105,09:43:01,7.96,0.02,15,11940,买盘
106,09:43:16,7.95,-0.01,2,1590,卖盘
107,09:43:37,7.95,0.0,38,30187,买盘
108,09:44:01,7.95,0.0,53,42095,买盘
109,09:44:19,7.95,0.0,3,2385,卖盘
110,09:44:37,7.94,-0.01,3,2382,卖盘
111,09:45:01,7.95,0.01,10,7950,买盘
112,09:45:04,7.95,0.0,4,3180,卖盘
113,09:45:09,7.95,0.0,1,795,卖盘
114,09:45:19,7.94,-0.01,24,19056,卖盘
115,09:45:54,7.93,-0.01,28,22204,卖盘
116,09:46:04,7.95,0.02,15,11925,买盘
117,09:46:13,7.94,-0.01,4,3176,卖盘
118,09:46:18,7.94,0.0,49,38906,卖盘
119,09:46:34,7.94,0.0,10,7940,买盘
120,09:46:37,7.94,0.0,24,19056,卖盘
121,09:46:43,7.94,0.0,10,7940,卖盘
122,09:47:00,7.94,0.0,1,794,卖盘
123,09:47:04,7.95,0.01,15,11925,买盘
124,09:47:09,7.95,0.0,165,131174,买盘
125,09:47:22,7.94,-0.01,58,46052,卖盘
126,09:47:25,7.95,0.01,22,17490,买盘
127,09:47:52,7.94,-0.01,58,46052,卖盘
128,09:48:01,7.95,0.01,57,45315,买盘
129,09:48:10,7.95,0.0,23,18285,卖盘
130,09:48:16,7.95,0.0,1,795,卖盘
131,09:48:52,7.96,0.01,10,7960,买盘
132,09:49:25,7.96,0.0,5,3980,卖盘
133,09:49:28,7.97,0.01,3,2391,买盘
134,09:49:39,7.96,-0.01,21,16716,卖盘
135,09:49:43,7.96,0.0,3,2388,买盘
136,09:49:52,7.96,0.0,12,9552,卖盘
137,09:49:57,7.96,0.0,2,1592,买盘
138,09:50:01,7.96,0.0,15,11940,买盘
139,09:50:10,7.96,0.0,7,5572,买盘
140,09:51:06,7.96,0.0,23,18308,卖盘
141,09:52:37,7.96,0.0,16,12736,卖盘
142,09:52:40,7.96,0.0,9,7164,买盘
143,09:53:16,7.96,0.0,6,4776,卖盘
144,09:53:19,7.96,0.0,4,3184,买盘
145,09:54:06,7.96,0.0,14,11144,卖盘
146,09:54:10,7.96,0.0,10,7960,买盘
147,09:54:15,7.96,0.0,5,3980,卖盘
148,09:54:28,7.95,-0.01,58,46110,卖盘
149,09:55:04,7.96,0.01,16,12736,买盘
150,09:55:07,7.94,-0.02,691,549271,卖盘
151,09:55:13,7.94,0.0,27,21438,卖盘
152,09:55:15,7.94,0.0,46,36524,卖盘
153,09:55:19,7.94,0.0,1,794,卖盘
154,09:55:25,7.94,0.0,30,23820,卖盘
155,09:55:27,7.94,0.0,2,1588,卖盘
156,09:55:31,7.94,0.0,62,49228,卖盘
157,09:55:37,7.93,-0.01,23,18239,卖盘
158,09:55:42,7.93,0.0,4,3172,卖盘
159,09:56:01,7.93,0.0,58,45994,卖盘
160,09:56:04,7.94,0.01,15,11910,买盘
161,09:56:10,7.93,-0.01,2,1586,卖盘
162,09:56:31,7.93,0.0,58,45994,卖盘
163,09:56:34,7.93,0.0,2,1586,卖盘
164,09:56:52,7.93,0.0,5,3965,卖盘
165,09:57:01,7.94,0.01,93,73764,买盘
166,09:57:04,7.93,-0.01,42,33306,卖盘
167,09:57:07,7.93,0.0,23,18239,卖盘
168,09:57:22,7.93,0.0,37,29341,卖盘
169,09:57:31,7.93,0.0,58,45994,卖盘
170,09:57:36,7.93,0.0,1,793,卖盘
171,09:58:01,7.94,0.01,68,53934,买盘
172,09:58:13,7.95,0.01,10,7950,买盘
173,09:58:25,7.94,-0.01,12,9528,卖盘
174,09:58:28,7.94,0.0,3,2382,买盘
175,09:58:31,7.93,-0.01,58,45994,卖盘
176,09:58:37,7.93,0.0,24,19032,卖盘
177,09:58:46,7.94,0.01,13,10322,买盘
178,09:59:00,7.94,0.0,32,25424,卖盘
179,09:59:03,7.94,0.0,7,5558,买盘
180,09:59:10,7.94,0.0,12,9528,买盘
181,09:59:55,7.97,0.03,30,23910,买盘
182,10:00:04,7.97,0.0,2,1594,买盘
183,10:01:31,7.97,0.0,1,797,买盘
184,10:01:40,7.96,-0.01,23,18308,卖盘
185,10:02:01,7.96,0.0,17,13532,卖盘
186,10:02:43,7.96,0.0,17,13532,卖盘
187,10:02:46,7.96,0.0,7,5572,卖盘
188,10:02:49,7.96,0.0,15,11940,卖盘
189,10:02:52,7.94,-0.02,16,12734,卖盘
190,10:02:58,7.94,0.0,6,4764,卖盘
191,10:03:03,7.96,0.02,15,11940,买盘
192,10:03:07,7.94,-0.02,61,48434,卖盘
193,10:03:24,7.94,0.0,20,15880,买盘
194,10:03:28,7.94,0.0,2,1588,卖盘
195,10:04:04,7.96,0.02,16,12736,买盘
196,10:04:52,7.95,-0.01,1,795,卖盘
197,10:05:01,7.96,0.01,15,11940,买盘
198,10:05:07,7.96,0.0,2,1592,买盘
199,10:05:48,7.95,-0.01,6,4770,卖盘
200,10:06:01,7.95,0.0,16,12720,买盘
201,10:07:01,7.95,0.0,15,11925,买盘
202,10:07:04,7.94,-0.01,27,21438,卖盘
203,10:07:10,7.93,-0.01,58,45994,卖盘
204,10:07:13,7.95,0.02,31,24629,买盘
205,10:07:21,7.95,0.0,3,2385,买盘
206,10:07:37,7.95,0.0,13,10329,买盘
207,10:08:01,7.95,0.0,1,795,买盘
208,10:08:25,7.96,0.01,8,6368,买盘
209,10:08:43,7.96,0.0,37,29452,买盘
210,10:08:58,7.97,0.01,13,10361,买盘
211,10:09:13,7.96,-0.01,84,66864,卖盘
212,10:09:16,7.97,0.01,31,24707,买盘
213,10:09:24,7.97,0.0,4,3188,买盘
214,10:09:28,7.97,0.0,12,9564,卖盘
215,10:09:43,7.98,0.01,10,7980,买盘
216,10:09:52,7.98,0.0,10,7980,买盘
217,10:10:22,7.98,0.0,30,23940,买盘
218,10:10:25,7.98,0.0,12,9576,买盘
219,10:10:43,7.97,-0.01,38,30286,卖盘
220,10:11:01,7.97,0.0,15,11955,买盘
221,10:11:34,7.97,0.0,2,1594,买盘
222,10:12:19,7.97,0.0,24,19128,卖盘
223,10:12:22,7.97,0.0,7,5579,卖盘
224,10:12:33,7.97,0.0,11,8767,买盘
225,10:12:40,7.97,0.0,9,7173,卖盘
226,10:13:12,7.98,0.01,1,798,买盘
227,10:13:28,7.98,0.0,2,1596,买盘
228,10:14:25,7.97,-0.01,12,9564,卖盘
229,10:14:28,7.98,0.01,29,23139,买盘
230,10:14:37,7.97,-0.01,1,797,买盘
231,10:15:16,7.98,0.01,20,15960,买盘
232,10:15:19,7.97,-0.01,28,22316,卖盘
233,10:15:31,7.96,-0.01,5,3980,卖盘
234,10:15:34,7.96,0.0,29,23084,卖盘
235,10:15:43,7.97,0.01,30,23910,买盘
236,10:17:25,7.97,0.0,3,2391,卖盘
237,10:18:13,7.98,0.01,1,798,买盘
238,10:18:16,7.98,0.0,3,2394,买盘
239,10:18:28,7.98,0.0,1,798,买盘
240,10:18:43,7.98,0.0,10,7980,买盘
241,10:18:51,7.98,0.0,56,44688,买盘
242,10:19:10,7.98,0.0,10,7980,卖盘
243,10:19:28,7.99,0.01,1,799,买盘
244,10:19:42,7.98,-0.01,1,798,卖盘
245,10:21:46,7.98,0.0,72,57456,买盘
246,10:21:51,7.99,0.01,1,799,买盘
247,10:21:54,7.98,-0.01,28,22344,卖盘
248,10:22:24,7.97,-0.01,4,3188,卖盘
249,10:22:40,7.97,0.0,14,11158,卖盘
250,10:22:57,7.97,0.0,47,37459,卖盘
251,10:23:16,7.97,0.0,1,797,买盘
252,10:24:13,7.97,0.0,21,16737,买盘
253,10:24:16,7.97,0.0,1,797,卖盘
254,10:25:10,7.98,0.01,2,1596,买盘
255,10:25:22,7.98,0.0,93,74214,买盘
256,10:25:28,7.98,0.0,15,11970,卖盘
257,10:27:13,7.98,0.0,1,798,买盘
258,10:27:24,7.99,0.01,34,27166,买盘
259,10:27:27,7.98,-0.01,4,3192,卖盘
260,10:27:30,7.98,0.0,30,23940,卖盘
261,10:27:33,7.98,0.0,10,7980,买盘
262,10:27:37,7.98,0.0,2,1596,买盘
263,10:27:40,7.99,0.01,20,15963,买盘
264,10:27:43,7.99,0.0,2,1598,买盘
265,10:27:46,7.99,0.0,5,3995,买盘
266,10:27:49,7.99,0.0,100,79900,买盘
267,10:27:54,7.99,0.0,51,40705,买盘
268,10:28:01,7.98,-0.01,58,46284,卖盘
269,10:28:04,7.99,0.01,18,14382,买盘
270,10:28:31,7.99,0.0,59,47141,卖盘
271,10:28:49,8.0,0.01,20,16000,买盘
272,10:28:55,8.0,0.0,10,8000,买盘
273,10:29:04,7.99,-0.01,58,46342,卖盘
274,10:29:13,8.0,0.01,62,49600,买盘
275,10:29:19,8.0,0.0,10,8000,买盘
276,10:29:25,8.0,0.0,101,80800,买盘
277,10:29:33,8.0,0.0,58,46400,卖盘
278,10:29:48,8.01,0.01,3,2403,买盘
279,10:29:52,8.01,0.0,8,6408,买盘
280,10:30:01,8.01,0.0,89,71289,买盘
281,10:30:21,8.02,0.01,25,20050,买盘
282,10:30:33,8.01,-0.01,58,46458,卖盘
283,10:30:37,8.01,0.0,7,5607,卖盘
284,10:31:04,8.01,0.0,8,6408,卖盘
285,10:31:07,8.02,0.01,10,8020,买盘
286,10:31:16,8.02,0.0,60,48120,买盘
287,10:31:18,8.02,0.0,19,15238,买盘
288,10:31:31,8.02,0.0,20,16040,买盘
289,10:31:34,8.01,-0.01,58,46458,卖盘
290,10:31:37,8.02,0.01,9,7218,买盘
291,10:31:52,8.02,0.0,15,12030,买盘
292,10:32:13,8.01,-0.01,120,96120,卖盘
293,10:32:33,8.01,0.0,58,46458,卖盘
294,10:32:58,8.02,0.01,124,99448,买盘
295,10:33:07,8.01,-0.01,58,46458,卖盘
296,10:33:10,8.01,0.0,14,11214,卖盘
297,10:33:43,8.01,0.0,16,12819,卖盘
298,10:33:54,8.02,0.01,1,802,买盘
299,10:34:30,8.02,0.0,184,147568,买盘
300,10:34:33,8.01,-0.01,20,16036,卖盘
301,10:34:37,8.01,0.0,58,46472,卖盘
302,10:34:43,8.03,0.02,77,61831,买盘
303,10:34:46,8.04,0.01,28,22510,买盘
304,10:34:49,8.03,-0.01,12,9636,卖盘
305,10:35:01,8.04,0.01,67,53868,买盘
306,10:35:04,8.04,0.0,33,26532,卖盘
307,10:35:10,8.04,0.0,60,48182,买盘
308,10:35:13,8.05,0.01,28,22516,买盘
309,10:35:25,8.03,-0.02,16,12848,卖盘
310,10:35:40,8.03,0.0,73,58503,买盘
311,10:36:07,8.04,0.01,12,9648,买盘
312,10:36:10,8.03,-0.01,58,46574,卖盘
313,10:36:52,8.03,0.0,5,4015,卖盘
314,10:37:01,8.03,0.0,2,1606,卖盘
315,10:37:19,8.03,0.0,19,15257,卖盘
316,10:37:25,8.03,0.0,50,40150,卖盘
317,10:37:37,8.03,0.0,200,160600,卖盘
318,10:37:43,8.03,0.0,63,50589,买盘
319,10:37:46,8.03,0.0,10,8030,卖盘
320,10:37:54,8.0,-0.03,500,400745,卖盘
321,10:38:10,8.01,0.01,27,21627,卖盘
322,10:38:13,8.01,0.0,1,801,买盘
323,10:38:16,8.01,0.0,1,801,买盘
324,10:38:19,8.01,0.0,1,801,买盘
325,10:38:22,8.01,0.0,1,801,买盘
326,10:38:25,8.01,0.0,27,21627,买盘
327,10:38:40,8.01,0.0,58,46458,卖盘
328,10:39:13,8.01,0.0,58,46458,卖盘
329,10:39:33,8.01,0.0,1,801,卖盘
330,10:39:43,8.01,0.0,28,22428,卖盘
331,10:39:49,8.01,0.0,2,1602,买盘
332,10:39:55,8.01,0.0,1,801,买盘
333,10:39:58,8.01,0.0,16,12816,买盘
334,10:40:01,8.01,0.0,1,801,买盘
335,10:40:04,8.01,0.0,11,8811,买盘
336,10:40:07,8.02,0.01,1,802,买盘
337,10:40:10,8.02,0.0,1,802,买盘
338,10:40:13,8.01,-0.01,59,47260,卖盘
339,10:40:16,8.02,0.01,1,802,买盘
340,10:40:21,8.02,0.0,1,802,买盘
341,10:40:25,8.02,0.0,5,4010,买盘
342,10:40:40,8.02,0.0,23,18446,卖盘
343,10:41:27,8.03,0.01,12,9636,买盘
344,10:41:39,8.02,-0.01,3,2406,卖盘
345,10:42:19,8.03,0.01,82,65846,买盘
346,10:43:04,8.03,0.0,10,8030,卖盘
347,10:43:10,8.03,0.0,2,1606,卖盘
348,10:43:16,8.03,0.0,39,31317,卖盘
349,10:43:22,8.03,0.0,16,12848,买盘
350,10:43:49,8.03,0.0,20,16060,买盘
351,10:43:55,8.03,0.0,11,8833,买盘
352,10:44:13,8.04,0.01,16,12859,买盘
353,10:44:19,8.03,-0.01,1,803,卖盘
354,10:44:55,8.04,0.01,248,199392,买盘
355,10:45:01,8.04,0.0,69,56175,买盘
356,10:45:19,8.04,0.0,14,10557,卖盘
357,10:45:28,8.04,0.0,45,36879,买盘
358,10:45:49,8.04,0.0,58,46632,卖盘
359,10:46:22,8.04,0.0,80,64320,卖盘
360,10:46:45,8.04,0.0,162,130248,卖盘
361,10:46:49,8.04,0.0,82,65928,卖盘
362,10:46:52,8.04,0.0,27,21708,卖盘
363,10:46:55,8.04,0.0,29,23316,卖盘
364,10:46:58,8.04,0.0,2,1608,卖盘
365,10:47:01,8.04,0.0,4,3216,卖盘
366,10:47:07,8.04,0.0,2,1608,卖盘
367,10:47:10,8.04,0.0,5,4020,卖盘
368,10:47:21,8.04,0.0,58,46632,卖盘
369,10:47:25,8.04,0.0,22,17688,卖盘
370,10:47:39,8.05,0.01,1,805,买盘
371,10:47:46,8.05,0.0,26,20930,买盘
372,10:47:52,8.05,0.0,40,31480,买盘
373,10:48:33,8.04,-0.01,87,69948,卖盘
374,10:48:49,8.04,0.0,5,4020,买盘
375,10:49:04,8.03,-0.01,30,24090,卖盘
376,10:49:10,8.03,0.0,12,9636,卖盘
377,10:49:25,8.03,0.0,50,40150,卖盘
378,10:49:34,8.03,0.0,17,13651,卖盘
379,10:49:40,8.03,0.0,20,16060,卖盘
380,10:50:09,8.03,0.0,10,8030,卖盘
381,10:50:22,8.03,0.0,1,803,卖盘
382,10:50:34,8.03,0.0,1,803,卖盘
383,10:50:46,8.03,0.0,6,4818,卖盘
384,10:51:07,8.03,0.0,5,4015,卖盘
385,10:51:13,8.03,0.0,50,40150,卖盘
386,10:51:15,8.03,0.0,1,803,卖盘
387,10:51:36,8.04,0.01,6,4824,买盘
388,10:51:54,8.04,0.0,8,6432,买盘
389,10:52:04,8.04,0.0,11,8844,买盘
390,10:52:28,8.04,0.0,9,7236,买盘
391,10:52:43,8.04,0.0,4,3216,买盘
392,10:53:04,8.04,0.0,6,4824,买盘
393,10:53:25,8.03,-0.01,100,80300,卖盘
394,10:53:37,8.03,0.0,10,8030,卖盘
395,10:53:46,8.03,0.0,7,5621,卖盘
396,10:53:55,8.03,0.0,2,1606,卖盘
397,10:54:04,8.03,0.0,22,17666,卖盘
398,10:54:07,8.03,0.0,8,6424,卖盘
399,10:54:46,8.02,-0.01,28,22456,卖盘
400,10:55:01,8.02,0.0,15,12030,卖盘
401,10:55:22,8.03,0.01,25,20075,买盘
402,10:55:24,8.03,0.0,20,16060,买盘
403,10:55:37,8.03,0.0,11,8833,卖盘
404,10:55:40,8.03,0.0,1,803,买盘
405,10:55:43,8.03,0.0,1,803,买盘
406,10:55:46,8.03,0.0,1,803,买盘
407,10:55:49,8.03,0.0,1,803,买盘
408,10:55:52,8.03,0.0,1,803,买盘
409,10:55:54,8.04,0.01,5,4016,买盘
410,10:56:12,8.04,0.0,10,8040,买盘
411,10:56:22,8.04,0.0,12,9648,买盘
412,10:56:54,8.03,-0.01,50,40150,卖盘
413,10:57:24,8.03,0.0,3,2409,卖盘
414,10:58:10,8.03,0.0,6,4818,卖盘
415,10:58:22,8.03,0.0,50,40150,卖盘
416,10:58:40,8.03,0.0,2,1606,卖盘
417,10:58:49,8.04,0.01,1,804,买盘
418,10:58:52,8.04,0.0,18,14472,买盘
419,10:58:58,8.04,0.0,7,5628,买盘
420,10:59:01,8.04,0.0,6,4824,买盘
421,10:59:04,8.04,0.0,34,27336,买盘
422,10:59:07,8.04,0.0,121,97284,买盘
423,10:59:10,8.04,0.0,8,6432,买盘
424,10:59:13,8.04,0.0,3,2412,买盘
425,10:59:19,8.04,0.0,48,38592,买盘
426,10:59:22,8.04,0.0,5,4020,买盘
427,10:59:25,8.04,0.0,10,8040,买盘
428,10:59:34,8.04,0.0,22,17688,买盘
429,10:59:37,8.04,0.0,24,19296,买盘
430,11:00:31,8.04,0.0,30,24120,卖盘
431,11:00:55,8.04,0.0,77,61908,卖盘
432,11:00:58,8.04,0.0,25,20100,买盘
433,11:01:21,8.05,0.01,3,2415,买盘
434,11:01:24,8.05,0.0,20,16100,买盘
435,11:01:34,8.05,0.0,18,14490,买盘
436,11:01:46,8.05,0.0,12,9660,买盘
437,11:02:01,8.05,0.0,5,4025,买盘
438,11:03:46,8.05,0.0,3,2415,买盘
439,11:03:58,8.04,-0.01,9,7236,卖盘
440,11:04:19,8.04,0.0,10,8040,卖盘
441,11:04:24,8.04,0.0,44,35376,卖盘
442,11:04:28,8.04,0.0,1,804,卖盘
443,11:04:30,8.04,0.0,1,804,卖盘
444,11:04:34,8.04,0.0,25,20100,卖盘
445,11:04:37,8.04,0.0,52,41808,卖盘
446,11:05:01,8.04,0.0,1,804,买盘
447,11:05:22,8.04,0.0,6,4824,买盘
448,11:05:25,8.04,0.0,17,13668,买盘
449,11:05:27,8.04,0.0,11,8844,买盘
450,11:05:30,8.04,0.0,16,12864,买盘
451,11:05:34,8.04,0.0,2,1608,买盘
452,11:05:40,8.04,0.0,50,40200,买盘
453,11:05:43,8.04,0.0,49,39396,买盘
454,11:05:45,8.04,0.0,2,1608,买盘
455,11:06:07,8.05,0.01,1,805,买盘
456,11:06:15,8.05,0.0,166,133630,买盘
457,11:06:19,8.05,0.0,400,322000,买盘
458,11:06:25,8.05,0.0,5,4025,买盘
459,11:06:52,8.05,0.0,1,805,买盘
460,11:07:03,8.05,0.0,5,4025,买盘
461,11:07:28,8.05,0.0,4,3220,买盘
462,11:07:30,8.04,-0.01,12,9648,卖盘
463,11:08:57,8.04,0.0,5,4020,卖盘
464,11:09:07,8.04,0.0,44,35376,卖盘
465,11:09:10,8.04,0.0,50,40200,卖盘
466,11:09:58,8.04,0.0,13,10452,卖盘
467,11:10:33,8.05,0.01,13,10465,买盘
468,11:11:10,8.05,0.0,100,80500,买盘
469,11:11:37,8.05,0.0,15,12075,买盘
470,11:12:07,8.04,-0.01,1,804,卖盘
471,11:12:13,8.04,0.0,12,9777,卖盘
472,11:12:37,8.05,0.01,20,16100,买盘
473,11:12:40,8.04,-0.01,10,8040,卖盘
474,11:12:42,8.04,0.0,1,804,卖盘
475,11:12:58,8.05,0.01,4,3220,买盘
476,11:13:04,8.04,-0.01,4,3087,卖盘
477,11:13:09,8.04,0.0,4,3216,买盘
478,11:14:01,8.04,0.0,30,24120,买盘
479,11:14:46,8.03,-0.01,5,4015,卖盘
480,11:15:04,8.03,0.0,100,80300,卖盘
481,11:15:28,8.03,0.0,3,2409,卖盘
482,11:16:18,8.04,0.01,2,1608,买盘
483,11:16:58,8.03,-0.01,60,48180,卖盘
484,11:17:21,8.04,0.01,20,16080,买盘
485,11:18:52,8.04,0.0,146,117384,买盘
486,11:18:55,8.04,0.0,24,19296,买盘
487,11:19:04,8.04,0.0,130,104520,买盘
488,11:19:31,8.03,-0.01,30,24090,卖盘
489,11:20:43,8.03,0.0,15,12045,卖盘
490,11:20:54,8.04,0.01,1,804,买盘
491,11:21:07,8.04,0.0,11,8844,买盘
492,11:21:13,8.03,-0.01,18,14454,卖盘
493,11:21:37,8.04,0.01,1,804,买盘
494,11:21:48,8.03,-0.01,10,8030,卖盘
495,11:22:34,8.04,0.01,90,72360,买盘
496,11:22:42,8.04,0.0,15,12060,买盘
497,11:22:49,8.04,0.0,10,8040,买盘
498,11:23:01,8.04,0.0,30,24120,买盘
499,11:23:10,8.04,0.0,177,142437,买盘
500,11:23:27,8.05,0.01,10,8050,买盘
501,11:23:31,8.05,0.0,37,29785,买盘
502,11:23:57,8.05,0.0,20,16100,买盘
503,11:24:21,8.05,0.0,19,15295,买盘
504,11:24:49,8.05,0.0,10,8050,买盘
505,11:25:10,8.05,0.0,5,4025,买盘
506,11:25:39,8.05,0.0,13,10465,买盘
507,11:26:22,8.05,0.0,5,4025,买盘
508,11:26:48,8.05,0.0,2,1610,买盘
509,11:27:28,8.05,0.0,10,8050,买盘
510,11:27:57,8.05,0.0,6,4830,买盘
511,11:28:10,8.05,0.0,20,16100,买盘
512,11:28:13,8.05,0.0,13,10453,买盘
513,11:28:30,8.05,0.0,50,40250,买盘
514,11:28:43,8.05,0.0,100,80500,买盘
515,11:28:46,8.04,-0.01,50,40200,卖盘
516,11:28:52,8.04,0.0,160,128640,卖盘
517,11:29:09,8.04,0.0,50,40200,卖盘
518,11:29:28,8.04,0.0,77,61779,卖盘
519,11:29:31,8.04,0.0,82,66057,买盘
520,11:29:36,8.05,0.01,1,805,买盘
521,11:29:54,8.04,-0.01,47,37659,卖盘
522,13:00:04,8.04,0.0,50,40370,买盘
523,13:00:07,8.04,0.0,70,56317,卖盘
524,13:00:10,8.04,0.0,7,5628,卖盘
525,13:00:13,8.05,0.01,50,40250,买盘
526,13:00:21,8.05,0.0,111,89355,买盘
527,13:00:25,8.05,0.0,142,114205,买盘
528,13:00:27,8.06,0.01,37,29822,买盘
529,13:01:09,8.05,-0.01,5,4025,卖盘
530,13:01:12,8.06,0.01,3,2418,买盘
531,13:01:15,8.06,0.0,200,161200,买盘
532,13:01:21,8.06,0.0,206,166036,买盘
533,13:01:33,8.07,0.01,110,88770,买盘
534,13:01:45,8.08,0.01,20,16160,买盘
535,13:01:48,8.07,-0.01,20,16140,卖盘
536,13:01:58,8.08,0.01,58,46864,买盘
537,13:02:06,8.08,0.0,442,357136,买盘
538,13:02:13,8.09,0.01,60,48540,买盘
539,13:02:16,8.08,-0.01,25,20200,卖盘
540,13:02:19,8.08,0.0,10,8080,买盘
541,13:02:22,8.08,0.0,10,8080,买盘
542,13:02:39,8.08,0.0,20,16160,买盘
543,13:03:12,8.08,0.0,72,58176,买盘
544,13:03:18,8.09,0.01,167,135103,买盘
545,13:03:24,8.1,0.01,250,202500,买盘
546,13:03:43,8.09,-0.01,2,1618,卖盘
547,13:03:46,8.09,0.0,38,30750,卖盘
548,13:03:48,8.1,0.01,4,3239,买盘
549,13:03:55,8.09,-0.01,5,4045,卖盘
550,13:03:57,8.09,0.0,2,1618,卖盘
551,13:04:04,8.09,0.0,93,75237,卖盘
552,13:04:18,8.09,0.0,40,32360,买盘
553,13:04:54,8.07,-0.02,1,807,卖盘
554,13:05:15,8.07,0.0,10,8070,卖盘
555,13:05:19,8.08,0.01,52,42014,买盘
556,13:05:22,8.08,0.0,2,1616,买盘
557,13:05:31,8.08,0.0,10,8080,卖盘
558,13:05:55,8.08,0.0,24,19412,卖盘
559,13:06:04,8.08,0.0,3,2424,卖盘
560,13:06:06,8.08,0.0,10,8080,卖盘
561,13:06:19,8.08,0.0,30,24240,卖盘
562,13:06:21,8.08,0.0,20,16160,卖盘
563,13:06:43,8.09,0.01,9,7281,买盘
564,13:06:46,8.09,0.0,144,116496,买盘
565,13:07:04,8.09,0.0,5,4045,买盘
566,13:07:06,8.08,-0.01,21,16968,卖盘
567,13:07:22,8.08,0.0,10,8080,卖盘
568,13:07:43,8.08,0.0,1,808,卖盘
569,13:07:57,8.08,0.0,32,25856,卖盘
570,13:08:10,8.08,0.0,37,29896,卖盘
571,13:08:13,8.08,0.0,6,4848,卖盘
572,13:08:16,8.08,0.0,28,22624,卖盘
573,13:08:19,8.08,0.0,1,808,卖盘
574,13:08:40,8.08,0.0,30,24240,买盘
575,13:08:46,8.08,0.0,45,36360,买盘
576,13:09:07,8.09,0.01,1,809,买盘
577,13:09:13,8.08,-0.01,28,22624,卖盘
578,13:09:16,8.08,0.0,22,17776,卖盘
579,13:09:30,8.09,0.01,5,4045,买盘
580,13:09:40,8.08,-0.01,20,16160,卖盘
581,13:09:51,8.08,0.0,5,4040,卖盘
582,13:10:13,8.08,0.0,25,20200,卖盘
583,13:10:15,8.08,0.0,1,808,卖盘
584,13:10:31,8.08,0.0,3,2424,卖盘
585,13:10:42,8.08,0.0,2,1616,卖盘
586,13:11:01,8.08,0.0,28,22624,买盘
587,13:11:06,8.09,0.01,5,4045,买盘
588,13:12:00,8.09,0.0,30,24270,买盘
589,13:12:21,8.08,-0.01,5,4040,卖盘
590,13:12:24,8.09,0.01,10,8090,买盘
591,13:12:34,8.09,0.0,35,28315,买盘
592,13:12:40,8.08,-0.01,10,8080,卖盘
593,13:13:04,8.08,0.0,5,4040,卖盘
594,13:13:22,8.08,0.0,10,8080,卖盘
595,13:13:43,8.09,0.01,4,3236,买盘
596,13:13:51,8.09,0.0,8,6472,买盘
597,13:14:00,8.08,-0.01,5,4040,卖盘
598,13:14:10,8.08,0.0,27,21816,卖盘
599,13:14:13,8.08,0.0,35,28280,卖盘
600,13:14:16,8.08,0.0,16,12928,卖盘
601,13:14:31,8.08,0.0,10,8080,卖盘
602,13:14:34,8.08,0.0,12,9696,卖盘
603,13:14:40,8.08,0.0,30,24240,卖盘
604,13:14:58,8.08,0.0,10,8080,卖盘
605,13:15:22,8.08,0.0,20,16160,卖盘
606,13:15:24,8.08,0.0,5,4040,卖盘
607,13:15:33,8.08,0.0,9,7272,卖盘
608,13:15:37,8.08,0.0,10,8080,卖盘
609,13:15:45,8.08,0.0,51,41208,卖盘
610,13:15:51,8.08,0.0,5,4040,买盘
611,13:16:39,8.08,0.0,2,1616,买盘
612,13:16:42,8.07,-0.01,3,2421,卖盘
613,13:16:45,8.07,0.0,10,8070,卖盘
614,13:17:22,8.07,0.0,20,16140,卖盘
615,13:17:37,8.08,0.01,3,2424,买盘
616,13:17:40,8.07,-0.01,20,16140,卖盘
617,13:18:10,8.07,0.0,5,4035,卖盘
618,13:18:34,8.08,0.01,5,4040,买盘
619,13:19:19,8.07,-0.01,100,80700,卖盘
620,13:19:46,8.08,0.01,6,4848,买盘
621,13:21:19,8.08,0.0,5,4040,买盘
622,13:21:43,8.08,0.0,31,25048,买盘
623,13:22:04,8.07,-0.01,22,17754,卖盘
624,13:22:12,8.07,0.0,7,5649,卖盘
625,13:23:01,8.07,0.0,29,23403,卖盘
626,13:23:42,8.07,0.0,4,3228,卖盘
627,13:23:58,8.08,0.01,5,4040,买盘
628,13:24:01,8.07,-0.01,8,6456,卖盘
629,13:24:04,8.07,0.0,99,79893,卖盘
630,13:24:06,8.07,0.0,30,24210,卖盘
631,13:24:42,8.07,0.0,8,6456,卖盘
632,13:24:46,8.08,0.01,1,808,买盘
633,13:24:48,8.07,-0.01,44,35508,卖盘
634,13:25:10,8.07,0.0,10,8070,卖盘
635,13:26:24,8.07,0.0,10,8070,卖盘
636,13:26:28,8.07,0.0,15,12105,卖盘
637,13:26:46,8.07,0.0,3,2421,卖盘
638,13:26:55,8.07,0.0,3,2421,卖盘
639,13:27:27,8.07,0.0,5,4035,卖盘
640,13:27:36,8.08,0.01,13,10496,买盘
641,13:27:51,8.08,0.0,2,1616,买盘
642,13:27:55,8.08,0.0,7,5656,买盘
643,13:28:21,8.07,-0.01,15,12105,卖盘
644,13:28:28,8.08,0.01,10,8080,买盘
645,13:28:37,8.08,0.0,5,4040,买盘
646,13:28:46,8.07,-0.01,2,1614,卖盘
647,13:28:54,8.08,0.01,14,11312,买盘
648,13:28:58,8.07,-0.01,100,80700,卖盘
649,13:29:00,8.08,0.01,3,2424,买盘
650,13:29:18,8.08,0.0,5,4040,买盘
651,13:29:24,8.07,-0.01,18,14526,卖盘
652,13:29:33,8.07,0.0,100,80700,卖盘
653,13:30:04,8.07,0.0,53,42771,卖盘
654,13:30:19,8.06,-0.01,3,2418,卖盘
655,13:30:22,8.06,0.0,2,1612,卖盘
656,13:30:46,8.06,0.0,31,24986,卖盘
657,13:30:51,8.07,0.01,5,4035,买盘
658,13:30:58,8.07,0.0,13,10491,卖盘
659,13:32:01,8.07,0.0,10,8070,卖盘
660,13:32:18,8.07,0.0,30,24210,卖盘
661,13:32:39,8.07,0.0,13,10491,卖盘
662,13:32:42,8.06,-0.01,300,241800,卖盘
663,13:32:48,8.07,0.01,5,4035,买盘
664,13:32:58,8.06,-0.01,1,806,卖盘
665,13:33:18,8.06,0.0,6,4836,卖盘
666,13:33:54,8.06,0.0,1,806,卖盘
667,13:34:58,8.06,0.0,130,104780,卖盘
668,13:35:40,8.06,0.0,1,806,买盘
669,13:35:54,8.06,0.0,9,7254,买盘
670,13:35:57,8.06,0.0,11,8866,买盘
671,13:36:34,8.06,0.0,110,88560,买盘
672,13:36:58,8.06,0.0,12,9672,买盘
673,13:37:19,8.05,-0.01,30,24150,卖盘
674,13:37:40,8.05,0.0,8,6440,卖盘
675,13:37:46,8.05,0.0,20,16100,卖盘
676,13:38:01,8.05,0.0,3,2415,卖盘
677,13:38:15,8.05,0.0,50,40250,卖盘
678,13:39:04,8.05,0.0,49,39445,卖盘
679,13:39:12,8.05,0.0,50,40250,卖盘
680,13:40:04,8.06,0.01,5,4030,买盘
681,13:40:19,8.05,-0.01,1,805,卖盘
682,13:41:00,8.05,0.0,110,88550,卖盘
683,13:41:07,8.05,0.0,1,805,卖盘
684,13:41:10,8.05,0.0,1,805,卖盘
685,13:41:16,8.05,0.0,154,123974,卖盘
686,13:41:34,8.05,0.0,2,1610,卖盘
687,13:41:37,8.06,0.01,20,16120,买盘
688,13:41:45,8.06,0.0,19,15314,买盘
689,13:42:07,8.06,0.0,119,95914,买盘
690,13:42:10,8.05,-0.01,50,40250,卖盘
691,13:42:24,8.06,0.01,8,6448,买盘
692,13:42:27,8.06,0.0,20,16120,买盘
693,13:42:52,8.05,-0.01,28,22558,卖盘
694,13:42:55,8.05,0.0,8,6440,卖盘
695,13:42:57,8.05,0.0,13,10465,买盘
696,13:43:15,8.05,0.0,8,6440,卖盘
697,13:43:34,8.05,0.0,74,59570,卖盘
698,13:43:52,8.05,0.0,19,15295,卖盘
699,13:44:06,8.05,0.0,13,10465,卖盘
700,13:44:45,8.04,-0.01,640,514560,卖盘
701,13:45:06,8.04,0.0,8,6432,卖盘
702,13:45:12,8.04,0.0,4,3216,买盘
703,13:45:28,8.04,0.0,3,1737,买盘
704,13:45:30,8.03,-0.01,670,538685,买盘
705,13:45:33,8.03,0.0,4,3212,卖盘
706,13:45:49,8.04,0.01,5,4020,买盘
707,13:46:15,8.03,-0.01,30,24090,卖盘
708,13:46:25,8.03,0.0,4,3212,卖盘
709,13:46:28,8.03,0.0,1,803,买盘
710,13:46:31,8.03,0.0,1,803,买盘
711,13:46:37,8.03,0.0,14,11242,买盘
712,13:46:39,8.03,0.0,4,3212,买盘
713,13:46:42,8.03,0.0,8,6422,买盘
714,13:47:00,8.03,0.0,200,160600,卖盘
715,13:47:21,8.03,0.0,111,89133,卖盘
716,13:47:28,8.03,0.0,89,71494,卖盘
717,13:47:31,8.03,0.0,2,1606,买盘
718,13:47:39,8.03,0.0,35,28105,买盘
719,13:48:01,8.03,0.0,30,24090,卖盘
720,13:48:33,8.03,0.0,40,32120,卖盘
721,13:48:39,8.03,0.0,2,1606,卖盘
722,13:48:46,8.03,0.0,24,19272,卖盘
723,13:48:58,8.04,0.01,82,65848,买盘
724,13:49:09,8.04,0.0,87,69948,买盘
725,13:49:12,8.03,-0.01,38,30514,卖盘
726,13:49:30,8.03,0.0,6,4818,卖盘
727,13:50:01,8.03,0.0,2,1606,卖盘
728,13:50:13,8.03,0.0,105,84315,卖盘
729,13:50:30,8.04,0.01,5,4020,买盘
730,13:51:21,8.02,-0.02,98,78596,卖盘
731,13:51:31,8.02,0.0,100,80200,卖盘
732,13:51:39,8.02,0.0,10,8020,卖盘
733,13:51:43,8.03,0.01,13,10439,买盘
734,13:51:48,8.02,-0.01,102,81804,卖盘
735,13:52:07,8.02,0.0,1400,1122800,卖盘
736,13:52:10,8.02,0.0,4,3208,卖盘
737,13:52:13,8.02,0.0,98,78596,卖盘
738,13:52:25,8.01,-0.01,2,1602,卖盘
739,13:52:30,8.01,0.0,30,24030,卖盘
740,13:52:40,8.02,0.01,1,802,买盘
741,13:52:49,8.02,0.0,252,201854,买盘
742,13:53:01,8.02,0.0,2,1604,买盘
743,13:53:21,8.03,0.01,5,4015,买盘
744,13:53:34,8.03,0.0,5,4015,卖盘
745,13:53:49,8.03,0.0,16,12848,卖盘
746,13:54:12,8.03,0.0,5,4015,卖盘
747,13:54:18,8.05,0.02,13,10460,买盘
748,13:54:22,8.03,-0.02,10,8030,卖盘
749,13:54:43,8.03,0.0,57,45771,卖盘
750,13:54:48,8.03,0.0,11,8833,买盘
751,13:55:13,8.03,0.0,5,4015,买盘
752,13:55:45,8.03,0.0,20,16060,买盘
753,13:56:06,8.02,-0.01,300,240600,卖盘
754,13:56:22,8.02,0.0,23,18447,卖盘
755,13:56:51,8.02,0.0,40,32080,卖盘
756,13:56:57,8.02,0.0,14,11228,卖盘
757,13:57:12,8.02,0.0,1,802,买盘
758,13:57:36,8.02,0.0,10,8020,买盘
759,13:57:58,8.02,0.0,4,3208,买盘
760,13:58:00,8.02,0.0,12,9624,买盘
761,13:58:06,8.01,-0.01,10,8010,卖盘
762,13:58:30,8.02,0.01,80,64160,买盘
763,13:58:36,8.02,0.0,2,1604,买盘
764,13:58:39,8.02,0.0,35,28070,买盘
765,13:58:48,8.02,0.0,8,6416,买盘
766,13:59:00,8.02,0.0,2,1604,买盘
767,13:59:04,8.02,0.0,3,2406,买盘
768,13:59:21,8.02,0.0,43,34486,买盘
769,13:59:25,8.02,0.0,10,8020,卖盘
770,13:59:36,8.01,-0.01,290,232537,卖盘
771,13:59:49,8.03,0.02,4,3212,买盘
772,14:00:13,8.02,-0.01,30,24060,卖盘
773,14:00:24,8.02,0.0,4,3208,卖盘
774,14:00:37,8.02,0.0,30,24060,卖盘
775,14:01:00,8.03,0.01,80,64210,买盘
776,14:01:04,8.02,-0.01,10,8020,卖盘
777,14:01:10,8.02,0.0,10,8020,买盘
778,14:01:13,8.02,0.0,3,2406,买盘
779,14:01:19,8.03,0.01,12,9629,买盘
780,14:01:30,8.03,0.0,53,42556,买盘
781,14:01:43,8.02,-0.01,26,20852,卖盘
782,14:01:54,8.03,0.01,1,803,买盘
783,14:02:04,8.03,0.0,42,33726,买盘
784,14:02:18,8.02,-0.01,68,54536,卖盘
785,14:02:48,8.01,-0.01,2,1602,卖盘
786,14:02:54,8.03,0.02,14,11242,买盘
787,14:03:19,8.03,0.0,160,128350,买盘
788,14:03:30,8.02,-0.01,1,802,卖盘
789,14:03:42,8.02,0.0,20,16040,卖盘
790,14:03:58,8.02,0.0,20,16040,卖盘
791,14:04:07,8.02,0.0,20,16040,卖盘
792,14:04:10,8.02,0.0,7,5614,卖盘
793,14:04:15,8.02,0.0,19,15238,买盘
794,14:04:24,8.02,0.0,30,24060,卖盘
795,14:04:58,8.02,0.0,1,802,卖盘
796,14:05:27,8.02,0.0,21,16842,买盘
797,14:05:33,8.02,0.0,3,2406,买盘
798,14:05:43,8.02,0.0,1,802,买盘
799,14:05:46,8.02,0.0,1,802,买盘
800,14:05:49,8.02,0.0,5,4010,买盘
801,14:05:58,8.02,0.0,6,4812,卖盘
802,14:06:04,8.02,0.0,3,2406,买盘
803,14:06:10,8.02,0.0,2,1604,买盘
804,14:06:19,8.02,0.0,40,32080,卖盘
805,14:06:31,8.02,0.0,51,40902,卖盘
806,14:06:37,8.02,0.0,33,26466,卖盘
807,14:06:40,8.02,0.0,4,3208,卖盘
808,14:07:06,8.02,0.0,67,53734,卖盘
809,14:07:34,8.03,0.01,105,84315,买盘
810,14:07:37,8.03,0.0,12,9636,卖盘
811,14:07:46,8.04,0.01,103,82812,买盘
812,14:07:49,8.04,0.0,7,5628,卖盘
813,14:08:09,8.04,0.0,56,45024,卖盘
814,14:08:15,8.04,0.0,3,2412,买盘
815,14:08:39,8.03,-0.01,20,16060,卖盘
816,14:09:04,8.03,0.0,50,40150,卖盘
817,14:09:06,8.03,0.0,4,3212,卖盘
818,14:09:46,8.03,0.0,3,2409,卖盘
819,14:09:58,8.03,0.0,30,24090,买盘
820,14:10:01,8.03,0.0,3,2409,买盘
821,14:10:36,8.03,0.0,50,40150,买盘
822,14:10:58,8.03,0.0,3,2409,买盘
823,14:11:00,8.03,0.0,3,2409,买盘
824,14:11:04,8.03,0.0,13,10439,买盘
825,14:11:25,8.03,0.0,60,48180,买盘
826,14:11:31,8.03,0.0,44,35332,买盘
827,14:11:34,8.04,0.01,7,5626,买盘
828,14:13:21,8.03,-0.01,20,16060,卖盘
829,14:14:16,8.04,0.01,50,40200,买盘
830,14:14:51,8.04,0.0,3,2412,买盘
831,14:15:13,8.04,0.0,13,10452,买盘
832,14:15:18,8.04,0.0,5,4020,买盘
833,14:15:24,8.04,0.0,1,804,买盘
834,14:15:46,8.03,-0.01,70,56210,卖盘
835,14:15:48,8.04,0.01,7,5628,买盘
836,14:15:55,8.03,-0.01,62,49786,卖盘
837,14:16:04,8.03,0.0,68,54604,卖盘
838,14:16:07,8.03,0.0,9,7227,卖盘
839,14:16:13,8.03,0.0,50,40150,卖盘
840,14:16:16,8.03,0.0,1,803,卖盘
841,14:16:22,8.03,0.0,35,28105,卖盘
842,14:16:25,8.04,0.01,2,1607,买盘
843,14:16:37,8.03,-0.01,15,12045,卖盘
844,14:16:48,8.02,-0.01,22,17661,卖盘
845,14:17:45,8.02,0.0,2,1604,卖盘
846,14:20:06,8.03,0.01,5,4015,买盘
847,14:20:31,8.03,0.0,43,34529,买盘
848,14:21:28,8.02,-0.01,1,802,卖盘
849,14:21:40,8.03,0.01,5,4015,买盘
850,14:21:51,8.03,0.0,10,8030,买盘
851,14:22:04,8.03,0.0,8,6424,买盘
852,14:22:33,8.02,-0.01,4,3208,卖盘
853,14:22:48,8.03,0.01,5,4015,买盘
854,14:23:07,8.03,0.0,60,48180,买盘
855,14:23:12,8.03,0.0,1,803,买盘
856,14:23:37,8.02,-0.01,300,240600,卖盘
857,14:23:46,8.02,0.0,40,32080,卖盘
858,14:24:25,8.02,0.0,111,89022,卖盘
859,14:25:07,8.01,-0.01,708,567108,卖盘
860,14:26:37,8.01,0.0,369,295569,卖盘
861,14:26:58,8.01,0.0,124,99324,买盘
862,14:27:28,8.01,0.0,381,305181,卖盘
863,14:28:15,8.01,0.0,19,15219,买盘
864,14:28:42,8.02,0.01,2,1604,买盘
865,14:28:49,8.02,0.0,20,16040,买盘
866,14:29:00,8.01,-0.01,20,16020,卖盘
867,14:29:22,8.02,0.01,2,1604,买盘
868,14:31:40,8.01,-0.01,1,801,卖盘
869,14:32:39,8.01,0.0,475,380605,卖盘
870,14:32:52,8.0,-0.01,26,20800,卖盘
871,14:32:58,8.01,0.01,5,4005,买盘
872,14:33:21,8.01,0.0,20,16010,买盘
873,14:33:27,8.01,0.0,15,12015,买盘
874,14:33:33,8.01,0.0,40,32040,买盘
875,14:34:13,8.01,0.0,137,109737,买盘
876,14:34:22,8.01,0.0,95,76095,买盘
877,14:34:34,8.01,0.0,13,10413,卖盘
878,14:34:37,8.01,0.0,20,16020,卖盘
879,14:34:45,8.01,0.0,10,8010,卖盘
880,14:35:13,8.02,0.01,11,8822,买盘
881,14:35:16,8.01,-0.01,15,12015,卖盘
882,14:35:31,8.01,0.0,68,54468,卖盘
883,14:35:46,8.01,0.0,50,40050,卖盘
884,14:35:58,8.01,0.0,5,4005,卖盘
885,14:36:10,8.01,0.0,4,3204,买盘
886,14:36:22,8.01,0.0,52,41652,买盘
887,14:36:28,8.01,0.0,10,8010,卖盘
888,14:37:01,8.01,0.0,19,15219,买盘
889,14:37:34,8.01,0.0,1,801,买盘
890,14:37:37,8.0,-0.01,1,800,卖盘
891,14:38:16,8.01,0.01,2,1602,买盘
892,14:38:43,8.01,0.0,20,16020,买盘
893,14:39:04,8.01,0.0,5,4005,买盘
894,14:39:18,8.01,0.0,25,20025,买盘
895,14:39:33,8.01,0.0,29,23229,买盘
896,14:40:01,8.0,-0.01,1833,1466400,卖盘
897,14:40:04,7.99,-0.01,54,43146,卖盘
898,14:40:13,8.0,0.01,91,72800,买盘
899,14:40:19,7.99,-0.01,102,81498,卖盘
900,14:40:55,7.99,0.0,5,3995,卖盘
901,14:40:58,7.99,0.0,2,1598,卖盘
902,14:41:45,7.99,0.0,233,186362,卖盘
903,14:41:48,7.99,0.0,27,21573,卖盘
904,14:41:55,7.99,0.0,5,3995,卖盘
905,14:41:58,7.99,0.0,3,2397,卖盘
906,14:42:04,7.99,0.0,15,11985,卖盘
907,14:42:13,7.99,0.0,10,7990,卖盘
908,14:42:16,8.0,0.01,23,18400,买盘
909,14:42:28,8.0,0.0,27,21600,买盘
910,14:42:43,8.0,0.0,20,16000,买盘
911,14:42:57,8.0,0.0,25,20000,买盘
912,14:43:10,8.0,0.0,19,15200,买盘
913,14:43:24,8.0,0.0,55,44000,买盘
914,14:43:37,8.0,0.0,20,16000,买盘
915,14:43:51,8.0,0.0,23,18400,买盘
916,14:43:54,7.99,-0.01,20,15980,卖盘
917,14:44:07,8.0,0.01,26,20800,买盘
918,14:44:10,7.99,-0.01,130,103870,卖盘
919,14:44:19,7.99,0.0,150,119850,卖盘
920,14:44:22,7.99,0.0,26,20774,卖盘
921,14:44:30,7.99,0.0,150,119850,卖盘
922,14:44:37,7.99,0.0,70,55930,卖盘
923,14:44:40,7.99,0.0,15,11985,卖盘
924,14:44:43,7.99,0.0,20,15980,买盘
925,14:44:49,7.99,0.0,10,7990,买盘
926,14:44:58,7.99,0.0,23,18377,买盘
927,14:45:12,7.99,0.0,26,20774,买盘
928,14:45:22,7.98,-0.01,3,2394,卖盘
929,14:45:34,7.98,0.0,20,15960,卖盘
930,14:45:36,7.99,0.01,114,91086,买盘
931,14:45:42,7.98,-0.01,131,104538,卖盘
932,14:45:49,7.99,0.01,4,3196,买盘
933,14:46:01,7.98,-0.01,1,798,卖盘
934,14:46:16,7.98,0.0,37,29526,卖盘
935,14:46:21,7.98,0.0,35,27930,卖盘
936,14:46:24,7.98,0.0,35,27930,卖盘
937,14:46:28,7.99,0.01,34,27148,买盘
938,14:46:34,7.98,-0.01,31,24738,卖盘
939,14:46:37,7.98,0.0,25,19950,卖盘
940,14:46:58,7.98,0.0,50,39900,卖盘
941,14:47:01,7.97,-0.01,155,123560,卖盘
942,14:47:21,7.98,0.01,3,2394,卖盘
943,14:47:28,7.98,0.0,13,10374,买盘
944,14:47:31,7.97,-0.01,1,797,卖盘
945,14:47:40,7.98,0.01,11,8778,买盘
946,14:47:45,7.98,0.0,12,9576,卖盘
947,14:48:39,7.97,-0.01,491,391574,卖盘
948,14:48:43,7.97,0.0,9,7173,买盘
949,14:49:04,7.98,0.01,18,14364,卖盘
950,14:49:07,7.97,-0.01,10,7970,卖盘
951,14:49:10,7.97,0.0,5,3985,卖盘
952,14:49:30,7.97,0.0,119,94843,卖盘
953,14:49:52,7.97,0.0,2,1594,买盘
954,14:49:55,7.97,0.0,44,35068,买盘
955,14:50:01,7.97,0.0,1,797,卖盘
956,14:50:07,7.97,0.0,60,47820,卖盘
957,14:50:25,7.98,0.01,8,6384,买盘
958,14:50:46,7.98,0.0,25,19950,买盘
959,14:50:52,7.98,0.0,86,68628,买盘
960,14:50:58,7.98,0.0,9,7182,买盘
961,14:51:07,7.98,0.0,25,19950,买盘
962,14:51:10,7.98,0.0,5,3990,买盘
963,14:51:16,7.98,0.0,11,8778,买盘
964,14:51:34,7.98,0.0,26,20748,买盘
965,14:51:55,7.98,0.0,23,18354,买盘
966,14:51:57,7.97,-0.01,12,9564,卖盘
967,14:52:04,7.97,0.0,2,1594,卖盘
968,14:52:07,7.98,0.01,25,19950,买盘
969,14:52:12,7.98,0.0,37,29526,买盘
970,14:52:16,7.98,0.0,25,19950,买盘
971,14:52:22,7.98,0.0,15,11970,买盘
972,14:52:25,7.98,0.0,61,48671,买盘
973,14:52:37,7.98,0.0,4,3192,买盘
974,14:52:39,7.98,0.0,24,19152,买盘
975,14:52:58,7.98,0.0,5,3990,买盘
976,14:53:01,7.98,0.0,24,19152,买盘
977,14:53:10,7.98,0.0,1,798,买盘
978,14:53:13,7.97,-0.01,1,797,卖盘
979,14:53:16,7.98,0.01,10,7980,买盘
980,14:53:22,7.98,0.0,24,19152,买盘
981,14:53:25,7.98,0.0,20,15960,买盘
982,14:53:34,7.98,0.0,7,5581,买盘
983,14:53:46,7.98,0.0,24,19152,买盘
984,14:53:49,7.98,0.0,3,2394,买盘
985,14:53:55,7.98,0.0,13,10374,买盘
986,14:54:04,7.97,-0.01,38,30294,卖盘
987,14:54:13,7.98,0.01,1,798,买盘
988,14:54:21,7.96,-0.02,966,769568,卖盘
989,14:54:31,7.96,0.0,98,78008,卖盘
990,14:54:37,7.96,0.0,3,2388,卖盘
991,14:54:43,7.97,0.01,1,797,买盘
992,14:54:58,7.97,0.0,8,6376,卖盘
993,14:55:04,7.97,0.0,26,20722,卖盘
994,14:55:13,7.97,0.0,39,31083,买盘
995,14:55:18,7.97,0.0,6,4782,卖盘
996,14:55:22,7.97,0.0,10,7970,卖盘
997,14:55:31,7.97,0.0,20,15940,卖盘
998,14:55:46,7.97,0.0,4,3188,卖盘
999,14:56:13,7.98,0.01,32,25536,买盘
1000,14:56:25,7.97,-0.01,50,39850,卖盘
1001,14:56:55,7.97,0.0,21,16737,卖盘
1002,15:00:04,7.98,0.01,658,525084,卖盘
