,time,price,change,volume,amount,type
0,09:30:04,95.51,0.79,1,9551,买盘
1,09:30:07,94.75,-0.76,9,85373,卖盘
2,09:30:10,94.75,0.0,1,9475,买盘
3,09:30:13,94.75,0.0,2,18950,买盘
4,09:30:19,94.75,0.0,1,9475,买盘
5,09:30:31,95.49,0.74,3,28646,买盘
6,09:30:55,94.74,-0.75,1,9474,买盘
7,09:31:07,95.0,0.26,1,9500,买盘
8,09:31:28,95.0,0.0,4,38000,买盘
9,09:31:31,95.0,0.0,1,9500,卖盘
10,09:31:37,95.0,0.0,8,76004,卖盘
11,09:31:52,95.0,0.0,1,9500,卖盘
12,09:31:55,95.0,0.0,31,294500,卖盘
13,09:32:16,95.01,0.01,1,9501,卖盘
14,09:32:22,95.0,-0.01,6,57000,卖盘
15,09:32:28,95.01,0.01,1,9501,买盘
16,09:32:31,95.0,-0.01,1,9500,卖盘
17,09:32:34,95.0,0.0,5,47500,卖盘
18,09:33:19,95.02,0.02,1,9502,卖盘
19,09:33:22,95.02,0.0,2,19004,卖盘
20,09:33:37,95.01,-0.01,1,9501,买盘
21,09:33:40,95.01,0.0,5,47505,买盘
22,09:33:43,95.01,0.0,1,9501,买盘
23,09:33:46,95.01,0.0,2,19002,买盘
24,09:33:55,95.01,0.0,3,28505,卖盘
25,09:34:01,94.72,-0.29,6,56838,卖盘
26,09:34:16,95.0,0.28,1,9500,买盘
27,09:34:37,94.72,-0.28,4,37889,卖盘
28,09:34:52,94.72,0.0,1,9472,卖盘
29,09:35:07,94.74,0.02,2,18950,卖盘
30,09:35:22,94.73,-0.01,2,18946,卖盘
31,09:35:40,94.73,0.0,2,18946,卖盘
32,09:35:43,94.76,0.03,1,9476,买盘
33,09:35:52,94.73,-0.03,2,18946,买盘
34,09:36:07,94.61,-0.12,11,104182,卖盘
35,09:36:13,94.75,0.14,1,9475,卖盘
36,09:36:22,94.7,-0.05,9,85268,卖盘
37,09:36:25,94.7,0.0,4,37880,卖盘
38,09:36:31,94.53,-0.17,5,47285,卖盘
39,09:36:34,94.52,-0.01,2,18904,卖盘
40,09:36:37,94.69,0.17,2,18930,买盘
41,09:36:40,94.4,-0.29,2,18891,卖盘
42,09:36:43,94.53,0.13,1,9453,卖盘
43,09:36:46,94.6,0.07,1,9460,买盘
44,09:36:49,94.53,-0.07,2,18906,卖盘
45,09:36:52,94.53,0.0,1,9453,卖盘
46,09:36:55,94.53,0.0,2,18906,卖盘
47,09:37:04,94.35,-0.18,1,9435,卖盘
48,09:37:10,94.33,-0.02,1,9433,卖盘
49,09:37:16,94.33,0.0,1,9433,卖盘
50,09:37:37,94.32,-0.01,1,9432,中性盘
51,09:37:46,94.19,-0.13,5,47110,卖盘
52,09:37:58,94.19,0.0,4,37676,买盘
53,09:38:01,94.19,0.0,1,9419,卖盘
54,09:38:07,94.19,0.0,1,9419,卖盘
55,09:38:16,94.28,0.09,1,9428,买盘
56,09:38:40,94.32,0.04,1,9432,买盘
57,09:38:55,94.33,0.01,2,18866,买盘
58,09:38:58,94.32,-0.01,2,18864,中性盘
59,09:39:01,94.33,0.01,1,9433,买盘
60,09:39:04,94.21,-0.12,7,65966,卖盘
61,09:39:13,94.21,0.0,2,18842,买盘
62,09:39:16,94.2,-0.01,17,160155,卖盘
63,09:39:19,94.2,0.0,3,28259,买盘
64,09:40:04,94.25,0.05,2,18850,卖盘
65,09:40:07,94.25,0.0,1,9425,买盘
66,09:40:10,94.25,0.0,2,18850,买盘
67,09:40:13,94.25,0.0,1,9425,买盘
68,09:40:16,94.35,0.1,3,28303,买盘
69,09:40:55,94.51,0.16,1,9451,买盘
70,09:41:04,94.5,-0.01,2,18900,买盘
71,09:41:10,94.35,-0.15,1,9435,买盘
72,09:41:25,94.35,0.0,9,84908,买盘
73,09:41:49,94.3,-0.05,16,150952,卖盘
74,09:41:52,94.3,0.0,2,18860,买盘
75,09:41:55,94.3,0.0,1,9430,买盘
76,09:41:58,94.3,0.0,1,9430,买盘
77,09:42:19,94.34,0.04,3,28304,卖盘
78,09:42:49,94.3,-0.04,10,94300,卖盘
79,09:43:16,94.31,0.01,1,9431,卖盘
80,09:43:43,94.52,0.21,3,28356,买盘
81,09:43:46,94.3,-0.22,11,103866,卖盘
82,09:44:01,94.52,0.22,1,9452,卖盘
83,09:44:58,94.65,0.13,3,28395,买盘
84,09:45:04,94.65,0.0,2,18930,卖盘
85,09:45:10,94.65,0.0,6,56790,卖盘
86,09:45:22,94.66,0.01,1,9466,卖盘
87,09:45:25,94.66,0.0,3,28398,卖盘
88,09:45:28,94.66,0.0,1,9466,卖盘
89,09:45:34,94.66,0.0,5,47330,买盘
90,09:45:40,94.66,0.0,5,47330,买盘
91,09:45:43,94.65,-0.01,1,9465,买盘
92,09:45:49,94.66,0.01,7,66262,买盘
93,09:46:01,94.66,0.0,1,9466,卖盘
94,09:46:13,94.66,0.0,4,37864,卖盘
95,09:46:16,94.66,0.0,2,18932,卖盘
96,09:46:34,94.46,-0.2,1,9446,卖盘
97,09:47:01,94.34,-0.12,13,122703,卖盘
98,09:47:04,94.34,0.0,6,56604,买盘
99,09:47:07,94.34,0.0,2,18868,买盘
100,09:47:10,94.33,-0.01,9,84897,卖盘
101,09:47:13,94.33,0.0,1,9433,买盘
102,09:47:16,94.33,0.0,2,18866,买盘
103,09:47:22,94.4,0.07,1,9440,卖盘
104,09:47:40,94.4,0.0,1,9440,买盘
105,09:47:49,94.4,0.0,3,28320,买盘
106,09:47:52,94.4,0.0,1,9440,卖盘
107,09:48:10,94.44,0.04,1,9444,中性盘
108,09:48:13,94.67,0.23,1,9467,买盘
109,09:48:16,94.4,-0.27,3,28320,卖盘
110,09:48:34,94.35,-0.05,2,18875,卖盘
111,09:49:22,94.4,0.05,2,18880,卖盘
112,09:49:31,94.66,0.26,1,9466,买盘
113,09:49:48,94.66,0.0,1,9466,买盘
114,09:49:55,94.66,0.0,1,9466,买盘
115,09:50:22,94.7,0.04,11,104164,买盘
116,09:50:28,94.84,0.14,1,9484,买盘
117,09:51:01,94.7,-0.14,4,37923,卖盘
118,09:51:13,94.7,0.0,6,56820,卖盘
119,09:51:27,94.44,-0.26,3,28334,卖盘
120,09:51:37,94.45,0.01,1,9445,卖盘
121,09:51:46,94.43,-0.02,9,84998,卖盘
122,09:51:52,94.43,0.0,1,9443,买盘
123,09:51:58,94.42,-0.01,1,9442,买盘
124,09:52:01,94.35,-0.07,5,47206,卖盘
125,09:52:34,94.55,0.2,1,9455,卖盘
126,09:54:16,94.55,0.0,3,28365,买盘
127,09:55:22,94.38,-0.17,1,9438,卖盘
128,09:55:31,94.36,-0.02,1,9436,卖盘
129,09:55:52,94.37,0.01,5,47185,中性盘
130,09:56:01,94.38,0.01,10,94378,买盘
131,09:56:16,94.49,0.11,1,9449,买盘
132,09:56:49,94.69,0.2,2,18938,买盘
133,09:57:34,94.79,0.1,3,28437,买盘
134,09:57:58,94.38,-0.41,12,113258,卖盘
135,09:58:01,94.81,0.43,10,94460,买盘
136,09:59:07,94.8,-0.01,1,9480,买盘
137,10:00:34,94.8,0.0,2,18960,买盘
138,10:00:51,94.8,0.0,4,37920,买盘
139,10:01:30,94.51,-0.29,6,56716,卖盘
140,10:01:34,94.51,0.0,30,283530,买盘
141,10:01:52,94.52,0.01,6,56718,中性盘
142,10:03:52,94.69,0.17,1,9469,卖盘
143,10:04:10,94.59,-0.1,1,9459,卖盘
144,10:05:22,94.78,0.19,5,47390,买盘
145,10:05:28,94.78,0.0,1,9478,卖盘
146,10:05:31,94.79,0.01,3,28437,买盘
147,10:05:37,94.8,0.01,1,9480,买盘
148,10:05:46,94.83,0.03,2,18965,买盘
149,10:05:49,94.83,0.0,1,9483,买盘
150,10:05:55,94.95,0.12,1,9495,买盘
151,10:06:10,94.98,0.03,2,18996,买盘
152,10:06:16,94.99,0.01,1,9499,买盘
153,10:06:37,95.1,0.11,1,9510,买盘
154,10:06:43,95.1,0.0,3,28530,买盘
155,10:06:49,95.1,0.0,2,19020,卖盘
156,10:06:52,95.19,0.09,1,9519,中性盘
157,10:07:04,95.2,0.01,11,104717,买盘
158,10:07:07,95.2,0.0,1,9520,卖盘
159,10:07:10,95.23,0.03,2,19046,买盘
160,10:07:13,95.2,-0.03,6,57120,卖盘
161,10:07:19,95.2,0.0,2,19040,卖盘
162,10:07:22,95.2,0.0,2,19040,卖盘
163,10:07:31,95.27,0.07,8,76207,买盘
164,10:07:43,95.28,0.01,3,28584,卖盘
165,10:07:52,95.3,0.02,1,9530,买盘
166,10:07:55,95.28,-0.02,10,95282,卖盘
167,10:08:07,95.41,0.13,21,200290,买盘
168,10:08:10,95.28,-0.13,1,9528,买盘
169,10:08:13,95.2,-0.08,3,28598,卖盘
170,10:08:19,95.2,0.0,2,19040,买盘
171,10:08:28,95.39,0.19,1,9539,买盘
172,10:08:43,95.4,0.01,5,47698,买盘
173,10:08:46,95.5,0.1,7,66820,买盘
174,10:08:52,95.51,0.01,1,9551,买盘
175,10:08:55,95.51,0.0,1,9551,买盘
176,10:08:58,95.5,-0.01,11,105054,卖盘
177,10:09:01,95.5,0.0,5,47750,卖盘
178,10:09:07,95.53,0.03,1,9553,买盘
179,10:09:19,95.45,-0.08,1,9545,中性盘
180,10:09:28,95.5,0.05,2,19100,买盘
181,10:09:31,95.51,0.01,5,47755,卖盘
182,10:09:37,95.51,0.0,1,9551,卖盘
183,10:09:40,95.51,0.0,2,19102,卖盘
184,10:09:43,95.53,0.02,12,114618,买盘
185,10:09:46,95.51,-0.02,1,9551,卖盘
186,10:09:52,95.51,0.0,1,9551,卖盘
187,10:09:55,95.53,0.02,2,19106,买盘
188,10:10:01,95.51,-0.02,2,19102,卖盘
189,10:10:04,95.51,0.0,7,66857,卖盘
190,10:10:19,95.5,-0.01,1,9550,买盘
191,10:10:28,95.5,0.0,1,9550,买盘
192,10:10:37,95.44,-0.06,12,114528,卖盘
193,10:10:43,95.48,0.04,2,19093,买盘
194,10:10:46,95.44,-0.04,1,9544,卖盘
195,10:11:01,95.41,-0.03,2,19082,卖盘
196,10:11:04,95.4,-0.01,4,38160,卖盘
197,10:11:22,95.4,0.0,1,9540,买盘
198,10:11:25,95.22,-0.18,1,9522,卖盘
199,10:11:46,95.41,0.19,9,85863,买盘
200,10:12:01,95.41,0.0,2,19082,买盘
201,10:12:19,95.41,0.0,3,28623,卖盘
202,10:12:25,95.44,0.03,6,57258,买盘
203,10:12:31,95.41,-0.03,4,38164,卖盘
204,10:12:37,95.41,0.0,4,38164,卖盘
205,10:13:07,95.39,-0.02,1,9539,买盘
206,10:13:16,95.21,-0.18,1,9521,卖盘
207,10:13:37,95.4,0.19,1,9540,买盘
208,10:14:10,95.38,-0.02,3,28614,买盘
209,10:14:25,95.37,-0.01,1,9537,买盘
210,10:14:28,95.38,0.01,2,19075,买盘
211,10:14:40,95.37,-0.01,1,9537,卖盘
212,10:15:01,95.22,-0.15,3,28566,卖盘
213,10:15:22,95.23,0.01,3,28594,卖盘
214,10:15:25,95.23,0.0,3,28569,卖盘
215,10:15:46,95.23,0.0,2,19046,买盘
216,10:16:16,95.34,0.11,1,9534,买盘
217,10:16:40,95.23,-0.11,1,9523,卖盘
218,10:16:43,95.34,0.11,4,38135,买盘
219,10:16:55,95.35,0.01,2,19070,买盘
220,10:16:58,95.35,0.0,2,19070,卖盘
221,10:17:07,95.35,0.0,1,9535,卖盘
222,10:17:34,95.35,0.0,6,57214,卖盘
223,10:17:37,95.37,0.02,3,28611,买盘
224,10:17:49,95.38,0.01,1,9538,买盘
225,10:17:52,95.37,-0.01,2,19074,卖盘
226,10:17:55,95.37,0.0,2,19074,买盘
227,10:17:58,95.37,0.0,5,47685,买盘
228,10:18:07,95.37,0.0,1,9537,卖盘
229,10:18:28,95.37,0.0,2,19074,买盘
230,10:18:37,95.37,0.0,1,9537,买盘
231,10:18:58,95.37,0.0,1,9537,卖盘
232,10:19:19,95.35,-0.02,1,9535,卖盘
233,10:21:07,95.21,-0.14,12,114266,卖盘
234,10:21:40,95.14,-0.07,1,9514,卖盘
235,10:21:43,95.1,-0.04,3,28530,卖盘
236,10:21:52,95.1,0.0,17,161670,卖盘
237,10:22:01,95.12,0.02,2,19024,买盘
238,10:22:46,94.79,-0.33,5,47397,卖盘
239,10:22:49,94.79,0.0,1,9479,买盘
240,10:22:52,94.79,0.0,1,9479,买盘
241,10:22:58,94.78,-0.01,1,9478,买盘
242,10:23:19,94.79,0.01,3,28437,买盘
243,10:23:40,94.67,-0.12,2,18934,卖盘
244,10:24:34,94.78,0.11,3,28434,买盘
245,10:24:37,94.79,0.01,2,18958,买盘
246,10:24:42,94.79,0.0,3,28437,买盘
247,10:24:49,94.79,0.0,5,47395,买盘
248,10:25:04,95.09,0.3,1,9509,买盘
249,10:26:16,95.09,0.0,2,19018,买盘
250,10:26:49,95.1,0.01,2,19020,买盘
251,10:26:58,95.1,0.0,1,9510,买盘
252,10:27:01,95.1,0.0,3,28530,买盘
253,10:27:10,95.13,0.03,1,9513,买盘
254,10:27:22,95.1,-0.03,1,9510,卖盘
255,10:27:37,95.14,0.04,1,9514,买盘
256,10:27:40,95.1,-0.04,5,47562,卖盘
257,10:28:16,95.25,0.15,2,19044,买盘
258,10:28:37,95.35,0.1,3,28605,买盘
259,10:28:43,95.35,0.0,8,76280,买盘
260,10:28:52,95.35,0.0,2,19070,买盘
261,10:28:55,95.35,0.0,3,28605,买盘
262,10:29:07,95.35,0.0,1,9535,卖盘
263,10:29:25,95.5,0.15,42,400962,买盘
264,10:29:37,95.5,0.0,2,19100,卖盘
265,10:29:43,95.51,0.01,1,9551,买盘
266,10:29:52,95.51,0.0,1,9551,买盘
267,10:29:55,95.52,0.01,2,19103,买盘
268,10:30:01,95.58,0.06,1,9558,买盘
269,10:30:16,95.54,-0.04,18,172028,卖盘
270,10:30:25,95.51,-0.03,1,9551,卖盘
271,10:30:28,95.51,0.0,5,47755,卖盘
272,10:30:31,95.53,0.02,2,19104,买盘
273,10:30:40,95.52,-0.01,1,9552,卖盘
274,10:30:46,95.53,0.01,3,28659,买盘
275,10:31:04,95.53,0.0,4,38210,买盘
276,10:31:07,95.52,-0.01,1,9552,卖盘
277,10:31:16,95.52,0.0,1,9552,卖盘
278,10:31:19,95.52,0.0,1,9552,卖盘
279,10:31:25,95.52,0.0,6,57314,卖盘
280,10:31:28,95.52,0.0,2,19104,卖盘
281,10:31:31,95.52,0.0,3,28656,卖盘
282,10:31:34,95.52,0.0,2,19104,卖盘
283,10:31:37,95.5,-0.02,6,57301,卖盘
284,10:31:40,95.5,0.0,1,9550,卖盘
285,10:31:43,95.45,-0.05,3,28625,中性盘
286,10:31:49,95.49,0.04,1,9549,买盘
287,10:32:07,95.5,0.01,15,143222,买盘
288,10:32:10,95.51,0.01,11,105055,买盘
289,10:32:28,95.5,-0.01,2,19100,买盘
290,10:33:52,95.4,-0.1,2,19080,买盘
291,10:34:01,95.4,0.0,2,19080,买盘
292,10:34:28,95.47,0.07,6,57282,买盘
293,10:34:34,95.4,-0.07,2,19080,卖盘
294,10:34:37,95.48,0.08,5,47737,买盘
295,10:34:43,95.46,-0.02,1,9546,买盘
296,10:34:49,95.49,0.03,3,28647,买盘
297,10:35:01,95.49,0.0,4,38197,卖盘
298,10:35:25,95.5,0.01,2,19100,买盘
299,10:35:28,95.5,0.0,22,210080,买盘
300,10:35:49,95.53,0.03,7,66871,买盘
301,10:36:01,95.53,0.0,6,57318,卖盘
302,10:36:07,95.54,0.01,23,219737,买盘
303,10:36:10,95.53,-0.01,2,19106,买盘
304,10:36:16,95.54,0.01,2,19108,买盘
305,10:36:25,95.53,-0.01,2,19106,买盘
306,10:36:28,95.51,-0.02,2,19103,卖盘
307,10:36:31,95.54,0.03,57,544554,买盘
308,10:36:34,95.54,0.0,6,57324,卖盘
309,10:36:37,95.54,0.0,1,9554,卖盘
310,10:36:43,95.59,0.05,1,9559,买盘
311,10:36:46,95.59,0.0,4,38236,买盘
312,10:37:07,95.56,-0.03,1,9556,卖盘
313,10:37:19,95.59,0.03,5,47784,买盘
314,10:37:22,95.6,0.01,10,95592,买盘
315,10:38:10,95.54,-0.06,1,9554,卖盘
316,10:38:22,95.54,0.0,3,28661,买盘
317,10:38:25,95.54,0.0,1,9554,买盘
318,10:38:37,95.51,-0.03,2,19102,卖盘
319,10:38:40,95.51,0.0,4,38204,卖盘
320,10:39:16,95.5,-0.01,2,19100,卖盘
321,10:39:19,95.5,0.0,4,38200,卖盘
322,10:39:22,95.49,-0.01,4,38196,卖盘
323,10:39:34,95.47,-0.02,1,9547,卖盘
324,10:39:49,95.46,-0.01,1,9546,买盘
325,10:39:55,95.42,-0.04,1,9542,卖盘
326,10:40:16,95.46,0.04,2,19092,买盘
327,10:40:25,95.46,0.0,3,28638,卖盘
328,10:40:37,95.47,0.01,1,9547,买盘
329,10:40:46,95.49,0.02,12,114582,买盘
330,10:41:01,95.47,-0.02,2,19094,买盘
331,10:41:10,95.5,0.03,2,19100,买盘
332,10:41:13,95.51,0.01,1,9551,买盘
333,10:41:19,95.54,0.03,2,19105,买盘
334,10:41:31,95.49,-0.05,10,95491,卖盘
335,10:41:49,95.54,0.05,1,9554,买盘
336,10:42:25,95.5,-0.04,1,9550,卖盘
337,10:42:54,95.51,0.01,7,66853,买盘
338,10:43:16,95.49,-0.02,2,19098,卖盘
339,10:43:28,95.47,-0.02,1,9547,卖盘
340,10:43:46,95.47,0.0,3,28641,卖盘
341,10:43:49,95.47,0.0,1,9547,卖盘
342,10:44:13,95.47,0.0,3,28641,买盘
343,10:44:16,95.47,0.0,2,19094,买盘
344,10:44:22,95.5,0.03,2,19099,买盘
345,10:44:25,95.5,0.0,2,19100,买盘
346,10:44:28,95.5,0.0,1,9550,买盘
347,10:44:34,95.49,-0.01,1,9549,买盘
348,10:44:49,95.51,0.02,3,28653,买盘
349,10:44:52,95.51,0.0,2,19102,买盘
350,10:44:55,95.51,0.0,3,28653,卖盘
351,10:45:19,95.53,0.02,1,9553,买盘
352,10:45:22,95.53,0.0,1,9553,买盘
353,10:46:13,95.59,0.06,4,38227,买盘
354,10:46:25,95.51,-0.08,1,9551,卖盘
355,10:47:19,95.5,-0.01,1,9550,买盘
356,10:47:37,95.48,-0.02,1,9548,卖盘
357,10:48:22,95.6,0.12,13,124185,买盘
358,10:48:40,95.68,0.08,1,9568,买盘
359,10:48:58,95.84,0.16,8,76602,买盘
360,10:49:10,95.84,0.0,7,67088,买盘
361,10:49:25,95.83,-0.01,2,19166,买盘
362,10:49:28,95.83,0.0,6,57498,买盘
363,10:49:34,95.7,-0.13,2,19140,中性盘
364,10:50:10,95.65,-0.05,1,9565,买盘
365,10:50:21,95.6,-0.05,20,191232,卖盘
366,10:51:04,95.66,0.06,2,19132,买盘
367,10:51:18,95.79,0.13,2,19158,买盘
368,10:51:30,95.8,0.01,8,76627,买盘
369,10:51:40,95.8,0.0,13,124540,买盘
370,10:52:31,95.77,-0.03,1,9577,买盘
371,10:52:37,95.77,0.0,1,9577,买盘
372,10:52:40,95.64,-0.13,3,28695,卖盘
373,10:52:42,95.64,0.0,2,19128,买盘
374,10:52:55,95.63,-0.01,2,19126,卖盘
375,10:52:58,95.64,0.01,3,28692,买盘
376,10:53:00,95.64,0.0,1,9564,买盘
377,10:53:04,95.63,-0.01,5,47815,卖盘
378,10:53:07,95.63,0.0,11,105193,卖盘
379,10:53:16,95.64,0.01,2,19128,买盘
380,10:53:28,95.64,0.0,1,9564,卖盘
381,10:53:34,95.64,0.0,1,9564,买盘
382,10:53:58,95.64,0.0,1,9564,卖盘
383,10:54:01,95.64,0.0,1,9564,卖盘
384,10:54:25,95.64,0.0,2,19128,卖盘
385,10:54:43,95.63,-0.01,10,95630,卖盘
386,10:54:58,95.63,0.0,2,19126,卖盘
387,10:55:10,95.62,-0.01,3,28686,卖盘
388,10:55:16,95.73,0.11,12,114766,买盘
389,10:55:25,95.62,-0.11,2,19124,卖盘
390,10:55:51,95.62,0.0,14,133868,卖盘
391,10:56:04,95.6,-0.02,3,28680,卖盘
392,10:56:16,95.6,0.0,1,9560,卖盘
393,10:57:19,95.68,0.08,1,9568,买盘
394,10:57:24,95.6,-0.08,10,95600,卖盘
395,10:58:01,95.68,0.08,1,9568,买盘
396,10:58:04,95.68,0.0,1,9568,买盘
397,10:58:25,95.71,0.03,10,95697,买盘
398,10:58:31,95.73,0.02,1,9573,买盘
399,10:58:40,95.77,0.04,7,67033,买盘
400,10:58:49,95.71,-0.06,1,9571,卖盘
401,10:58:55,95.84,0.13,27,258664,买盘
402,10:59:01,95.95,0.11,3,28785,买盘
403,10:59:07,95.95,0.0,4,38380,买盘
404,10:59:25,95.96,0.01,1,9596,卖盘
405,10:59:28,95.98,0.02,1,9598,买盘
406,10:59:34,95.98,0.0,2,19196,买盘
407,10:59:37,96.0,0.02,6,57599,买盘
408,10:59:49,96.0,0.0,1,9600,买盘
409,10:59:54,96.0,0.0,1,9600,买盘
410,10:59:58,96.0,0.0,2,19200,买盘
411,11:00:16,96.1,0.1,1,9610,买盘
412,11:00:25,96.1,0.0,1,9610,买盘
413,11:00:28,96.1,0.0,1,9610,买盘
414,11:00:37,96.1,0.0,1,9610,卖盘
415,11:00:49,96.29,0.19,1,9629,买盘
416,11:01:28,96.09,-0.2,6,57714,卖盘
417,11:02:07,96.08,-0.01,1,9608,卖盘
418,11:02:13,96.07,-0.01,3,28823,卖盘
419,11:02:19,96.07,0.0,1,9607,卖盘
420,11:02:25,96.22,0.15,8,76950,买盘
421,11:02:28,96.08,-0.14,1,9608,卖盘
422,11:02:54,96.08,0.0,2,19216,卖盘
423,11:03:34,96.18,0.1,7,67323,买盘
424,11:03:37,96.18,0.0,1,9618,卖盘
425,11:03:40,96.18,0.0,1,9618,卖盘
426,11:03:43,96.12,-0.06,1,9612,卖盘
427,11:03:55,96.09,-0.03,1,9609,卖盘
428,11:03:58,96.17,0.08,5,48085,买盘
429,11:04:16,96.16,-0.01,3,28848,买盘
430,11:04:22,96.16,0.0,4,38460,买盘
431,11:04:37,96.12,-0.04,1,9612,卖盘
432,11:04:55,96.09,-0.03,2,19218,卖盘
433,11:05:01,96.09,0.0,3,28827,卖盘
434,11:05:25,96.08,-0.01,1,9608,卖盘
435,11:05:40,96.12,0.04,3,28836,买盘
436,11:05:49,96.08,-0.04,1,9608,卖盘
437,11:06:13,96.08,0.0,1,9608,卖盘
438,11:06:16,96.14,0.06,5,48064,买盘
439,11:06:31,96.15,0.01,1,9615,买盘
440,11:06:39,96.1,-0.05,1,9610,卖盘
441,11:06:58,96.15,0.05,2,19230,买盘
442,11:07:04,96.1,-0.05,10,96100,卖盘
443,11:07:07,96.15,0.05,2,19230,买盘
444,11:07:40,96.18,0.03,3,28854,买盘
445,11:07:52,96.17,-0.01,1,9617,中性盘
446,11:08:39,96.17,0.0,4,38468,卖盘
447,11:08:42,96.17,0.0,5,48085,卖盘
448,11:08:46,96.18,0.01,5,48090,买盘
449,11:08:49,96.17,-0.01,2,19234,卖盘
450,11:09:16,96.17,0.0,5,48085,卖盘
451,11:09:25,96.19,0.02,3,28857,买盘
452,11:09:31,96.2,0.01,1,9620,买盘
453,11:09:37,96.2,0.0,1,9620,买盘
454,11:09:43,96.2,0.0,1,9620,买盘
455,11:09:48,96.19,-0.01,2,19238,卖盘
456,11:09:55,96.19,0.0,1,9619,买盘
457,11:10:19,96.18,-0.01,1,9618,卖盘
458,11:10:22,96.17,-0.01,2,19234,卖盘
459,11:10:43,96.19,0.02,4,38473,买盘
460,11:10:49,96.19,0.0,1,9619,卖盘
461,11:10:52,96.19,0.0,1,9619,卖盘
462,11:11:13,96.2,0.01,5,48100,买盘
463,11:11:15,96.2,0.0,2,19240,卖盘
464,11:11:19,96.2,0.0,2,19240,卖盘
465,11:11:22,96.2,0.0,1,9620,卖盘
466,11:11:37,96.08,-0.12,1,9608,卖盘
467,11:11:49,96.07,-0.01,1,9607,卖盘
468,11:11:55,96.07,0.0,2,19214,买盘
469,11:12:34,96.1,0.03,1,9610,卖盘
470,11:12:54,96.1,0.0,2,19220,卖盘
471,11:13:01,96.17,0.07,1,9617,买盘
472,11:13:16,96.17,0.0,2,19234,买盘
473,11:13:25,96.1,-0.07,2,19220,卖盘
474,11:13:36,96.1,0.0,2,19220,卖盘
475,11:13:46,96.19,0.09,1,9619,买盘
476,11:15:12,96.1,-0.09,3,28830,卖盘
477,11:15:22,96.16,0.06,1,9616,买盘
478,11:15:34,96.1,-0.06,5,48050,卖盘
479,11:15:40,96.1,0.0,2,19220,卖盘
480,11:15:54,96.1,0.0,1,9610,卖盘
481,11:15:57,96.1,0.0,9,86490,卖盘
482,11:16:22,96.07,-0.03,2,19214,卖盘
483,11:16:27,96.07,0.0,1,9607,买盘
484,11:16:46,96.05,-0.02,2,19210,卖盘
485,11:17:25,96.05,0.0,1,9605,卖盘
486,11:17:58,96.06,0.01,1,9606,卖盘
487,11:18:22,96.06,0.0,1,9606,卖盘
488,11:18:31,96.1,0.04,7,67270,买盘
489,11:18:52,96.1,0.0,1,9610,卖盘
490,11:18:58,96.1,0.0,1,9610,卖盘
491,11:19:28,96.1,0.0,1,9610,买盘
492,11:19:58,96.12,0.02,9,86508,买盘
493,11:20:16,96.13,0.01,1,9613,买盘
494,11:20:34,96.18,0.05,17,163463,买盘
495,11:20:40,96.18,0.0,1,9618,买盘
496,11:20:55,96.19,0.01,1,9619,买盘
497,11:21:01,96.21,0.02,2,19242,卖盘
498,11:21:12,96.27,0.06,5,48135,买盘
499,11:21:16,96.27,0.0,2,19254,买盘
500,11:21:55,96.27,0.0,1,9627,买盘
501,11:22:04,96.27,0.0,1,9627,买盘
502,11:22:15,96.27,0.0,4,38511,卖盘
503,11:22:34,96.29,0.02,9,86650,买盘
504,11:22:52,96.3,0.01,3,28890,买盘
505,11:22:55,96.3,0.0,1,9630,买盘
506,11:23:01,96.3,0.0,2,19260,买盘
507,11:23:10,96.3,0.0,1,9630,卖盘
508,11:23:19,96.4,0.1,1,9640,买盘
509,11:23:40,96.4,0.0,1,9640,卖盘
510,11:23:43,96.45,0.05,2,19286,买盘
511,11:24:04,96.5,0.05,10,96496,买盘
512,11:24:22,96.49,-0.01,1,9649,买盘
513,11:24:49,96.5,0.01,19,183327,买盘
514,11:24:52,96.48,-0.02,1,9648,卖盘
515,11:24:55,96.48,0.0,1,9648,中性盘
516,11:25:06,96.49,0.01,4,38596,买盘
517,11:25:19,96.5,0.01,10,96496,买盘
518,11:25:34,96.47,-0.03,1,9647,买盘
519,11:26:13,96.4,-0.07,1,9640,卖盘
520,11:26:25,96.49,0.09,5,48245,买盘
521,11:26:40,96.49,0.0,1,9649,卖盘
522,11:27:13,96.43,-0.06,1,9643,卖盘
523,11:27:16,96.5,0.07,1,9650,买盘
524,11:27:19,96.5,0.0,9,86850,买盘
525,11:27:25,96.44,-0.06,3,28938,卖盘
526,11:27:34,96.45,0.01,1,9645,买盘
527,11:28:45,96.6,0.15,2,19319,买盘
528,11:28:52,96.6,0.0,1,9660,买盘
529,11:28:55,96.46,-0.14,2,19292,卖盘
530,11:28:58,96.46,0.0,1,9646,卖盘
531,11:29:00,96.6,0.14,1,9660,买盘
532,11:29:07,96.6,0.0,1,9660,买盘
533,11:29:13,96.6,0.0,6,57960,买盘
534,11:29:22,96.6,0.0,2,19320,卖盘
535,11:29:28,96.62,0.02,1,9662,买盘
536,11:29:34,96.62,0.0,1,9662,买盘
537,11:29:40,96.66,0.04,3,28996,买盘
538,11:29:52,96.68,0.02,3,29004,买盘
539,13:00:05,96.68,0.0,2,19337,卖盘
540,13:00:07,96.7,0.02,16,154756,买盘
541,13:00:10,96.7,0.0,3,29010,卖盘
542,13:00:13,96.8,0.1,1,9680,买盘
543,13:00:16,96.7,-0.1,2,19340,卖盘
544,13:00:24,96.79,0.09,1,9679,买盘
545,13:00:39,96.7,-0.09,1,9670,卖盘
546,13:01:01,96.7,0.0,16,154720,卖盘
547,13:01:16,96.71,0.01,1,9671,卖盘
548,13:01:34,97.0,0.29,39,377797,买盘
549,13:01:48,97.0,0.0,10,97000,卖盘
550,13:01:51,97.0,0.0,5,48500,卖盘
551,13:01:54,97.0,0.0,3,29100,卖盘
552,13:01:57,97.0,0.0,3,29112,卖盘
553,13:02:01,97.0,0.0,1,9700,卖盘
554,13:02:04,97.01,0.01,1,9701,卖盘
555,13:02:07,97.07,0.06,3,29120,买盘
556,13:02:13,97.01,-0.06,1,9701,卖盘
557,13:02:22,97.12,0.11,3,29130,买盘
558,13:02:39,97.13,0.01,3,29136,买盘
559,13:02:45,97.18,0.05,7,68024,买盘
560,13:02:49,97.18,0.0,1,9718,卖盘
561,13:02:58,97.19,0.01,2,19438,买盘
562,13:03:01,97.19,0.0,6,58317,卖盘
563,13:03:04,97.18,-0.01,1,9718,买盘
564,13:03:07,97.2,0.02,7,68034,买盘
565,13:03:10,97.17,-0.03,6,58314,卖盘
566,13:03:15,97.17,0.0,1,9717,买盘
567,13:03:22,97.15,-0.02,2,19430,买盘
568,13:03:25,97.15,0.0,2,19422,买盘
569,13:03:37,97.07,-0.08,5,48536,卖盘
570,13:03:43,97.06,-0.01,1,9706,卖盘
571,13:04:10,97.71,0.65,88,857765,买盘
572,13:04:16,97.71,0.0,3,29313,卖盘
573,13:04:28,97.7,-0.01,4,38810,买盘
574,13:04:40,97.69,-0.01,2,19537,买盘
575,13:04:54,97.6,-0.09,1,9760,中性盘
576,13:05:12,97.66,0.06,10,97592,买盘
577,13:05:19,97.18,-0.48,3,29154,卖盘
578,13:05:25,97.18,0.0,4,38992,卖盘
579,13:05:43,97.18,0.0,1,9718,买盘
580,13:05:46,97.56,0.38,3,29224,买盘
581,13:05:55,96.99,-0.57,1,9699,中性盘
582,13:06:00,97.56,0.57,1,9756,买盘
583,13:06:07,97.57,0.01,2,19513,买盘
584,13:06:10,97.52,-0.05,1,9752,中性盘
585,13:06:13,97.52,0.0,3,29252,买盘
586,13:07:07,97.4,-0.12,8,77913,买盘
587,13:07:16,97.4,0.0,1,9740,买盘
588,13:07:40,97.18,-0.22,1,9718,卖盘
589,13:07:46,97.35,0.17,4,38938,买盘
590,13:08:01,97.21,-0.14,1,9721,卖盘
591,13:08:10,97.32,0.11,2,19458,买盘
592,13:08:16,97.17,-0.15,3,29169,卖盘
593,13:08:54,97.14,-0.03,2,19428,卖盘
594,13:09:04,97.15,0.01,1,9715,卖盘
595,13:09:07,97.15,0.0,2,19430,卖盘
596,13:09:10,97.15,0.0,1,9715,卖盘
597,13:09:30,97.23,0.08,1,9723,买盘
598,13:09:37,97.24,0.01,3,29172,买盘
599,13:09:46,97.26,0.02,4,38903,买盘
600,13:10:01,97.16,-0.1,5,48590,卖盘
601,13:10:04,97.16,0.0,1,9716,买盘
602,13:10:06,97.16,0.0,6,58296,买盘
603,13:10:10,97.16,0.0,1,9716,买盘
604,13:10:16,97.16,0.0,1,9716,买盘
605,13:10:31,97.15,-0.01,1,9715,卖盘
606,13:10:43,97.15,0.0,3,29145,卖盘
607,13:10:46,97.15,0.0,2,19430,卖盘
608,13:10:52,97.15,0.0,4,38860,卖盘
609,13:10:57,97.15,0.0,1,9715,买盘
610,13:11:04,97.14,-0.01,1,9714,卖盘
611,13:11:10,97.14,0.0,1,9714,卖盘
612,13:11:13,97.14,0.0,1,9714,卖盘
613,13:11:15,97.1,-0.04,2,19420,卖盘
614,13:11:46,97.1,0.0,3,29130,卖盘
615,13:11:49,97.1,0.0,9,87390,卖盘
616,13:11:52,97.12,0.02,2,19424,买盘
617,13:12:04,97.12,0.0,1,9712,买盘
618,13:12:07,97.12,0.0,3,29136,买盘
619,13:12:13,97.1,-0.02,2,19420,卖盘
620,13:12:19,97.12,0.02,1,9712,买盘
621,13:12:25,97.12,0.0,2,19425,卖盘
622,13:12:31,97.12,0.0,2,19424,卖盘
623,13:12:34,97.1,-0.02,12,116536,卖盘
624,13:12:55,97.1,0.0,1,9710,卖盘
625,13:13:07,97.12,0.02,4,38848,买盘
626,13:13:09,97.1,-0.02,1,9710,卖盘
627,13:13:33,97.11,0.01,2,19422,卖盘
628,13:13:58,97.11,0.0,3,29133,卖盘
629,13:14:04,97.11,0.0,1,9711,卖盘
630,13:14:10,97.11,0.0,2,19422,卖盘
631,13:14:16,97.11,0.0,2,19422,卖盘
632,13:14:18,97.1,-0.01,3,29130,卖盘
633,13:14:34,97.1,0.0,1,9710,卖盘
634,13:14:40,97.1,0.0,5,48550,卖盘
635,13:15:25,97.02,-0.08,1,9702,中性盘
636,13:15:42,97.02,0.0,2,19404,卖盘
637,13:15:46,97.02,0.0,1,9702,卖盘
638,13:15:49,97.1,0.08,1,9710,买盘
639,13:16:07,97.13,0.03,7,67990,买盘
640,13:16:13,97.14,0.01,1,9714,买盘
641,13:16:19,97.15,0.01,1,9715,买盘
642,13:16:25,97.16,0.01,4,38864,买盘
643,13:16:34,97.16,0.0,1,9716,卖盘
644,13:16:37,97.26,0.1,1,9726,买盘
645,13:16:55,97.3,0.04,2,19460,买盘
646,13:17:16,97.3,0.0,5,48647,买盘
647,13:17:19,97.3,0.0,1,9730,买盘
648,13:17:25,97.36,0.06,3,29199,买盘
649,13:17:43,97.3,-0.06,2,19460,卖盘
650,13:17:46,97.33,0.03,5,48661,买盘
651,13:17:49,97.33,0.0,1,9733,买盘
652,13:17:52,97.3,-0.03,1,9730,卖盘
653,13:18:13,97.26,-0.04,2,19452,卖盘
654,13:18:22,97.26,0.0,1,9726,卖盘
655,13:18:24,97.26,0.0,5,48630,卖盘
656,13:18:37,97.26,0.0,2,19452,卖盘
657,13:20:04,97.1,-0.16,1,9710,卖盘
658,13:20:07,97.11,0.01,4,38844,中性盘
659,13:20:49,97.13,0.02,1,9713,卖盘
660,13:21:10,97.13,0.0,3,29139,买盘
661,13:21:25,97.1,-0.03,1,9710,卖盘
662,13:21:34,97.13,0.03,3,29135,买盘
663,13:21:36,97.13,0.0,1,9713,卖盘
664,13:21:40,97.13,0.0,1,9713,卖盘
665,13:21:45,97.13,0.0,1,9713,卖盘
666,13:22:10,97.13,0.0,5,48565,卖盘
667,13:22:16,97.14,0.01,1,9714,卖盘
668,13:22:25,97.14,0.0,1,9714,卖盘
669,13:22:31,97.19,0.05,1,9719,买盘
670,13:23:00,97.15,-0.04,2,19430,卖盘
671,13:23:10,97.15,0.0,3,29145,卖盘
672,13:23:13,97.15,0.0,2,19430,卖盘
673,13:23:16,97.15,0.0,5,48575,买盘
674,13:23:27,97.16,0.01,6,58296,卖盘
675,13:23:40,97.16,0.0,1,9716,卖盘
676,13:23:43,97.17,0.01,3,29151,买盘
677,13:23:49,97.17,0.0,1,9717,卖盘
678,13:23:52,97.16,-0.01,8,77733,卖盘
679,13:23:58,97.16,0.0,2,19432,买盘
680,13:24:07,97.14,-0.02,3,29143,卖盘
681,13:24:16,97.14,0.0,20,194284,卖盘
682,13:24:22,97.14,0.0,1,9714,卖盘
683,13:24:34,97.13,-0.01,1,9713,卖盘
684,13:24:58,97.12,-0.01,1,9712,卖盘
685,13:25:10,97.12,0.0,2,19424,卖盘
686,13:25:25,97.11,-0.01,1,9711,卖盘
687,13:25:30,97.11,0.0,1,9711,卖盘
688,13:25:34,97.11,0.0,1,9711,卖盘
689,13:26:10,97.05,-0.06,1,9705,卖盘
690,13:26:18,97.08,0.03,2,19416,买盘
691,13:26:24,97.02,-0.06,7,67923,卖盘
692,13:26:40,97.0,-0.02,1,9700,卖盘
693,13:26:46,97.0,0.0,1,9700,卖盘
694,13:27:04,96.95,-0.05,2,19390,卖盘
695,13:27:10,96.95,0.0,1,9695,卖盘
696,13:27:13,96.95,0.0,2,19390,卖盘
697,13:27:22,96.96,0.01,1,9696,卖盘
698,13:27:25,96.91,-0.05,2,19387,卖盘
699,13:27:27,97.0,0.09,1,9700,买盘
700,13:28:12,96.79,-0.21,1,9679,卖盘
701,13:28:46,96.82,0.03,1,9682,卖盘
702,13:28:49,96.82,0.0,1,9682,卖盘
703,13:28:55,96.82,0.0,1,9682,卖盘
704,13:28:57,96.8,-0.02,3,29044,卖盘
705,13:29:04,96.8,0.0,1,9680,买盘
706,13:29:10,96.82,0.02,1,9682,中性盘
707,13:29:18,96.81,-0.01,2,19362,买盘
708,13:29:21,96.8,-0.01,4,38724,卖盘
709,13:29:30,96.81,0.01,1,9681,买盘
710,13:29:36,96.94,0.13,9,87246,买盘
711,13:29:40,96.81,-0.13,5,48418,卖盘
712,13:29:55,96.8,-0.01,3,29042,卖盘
713,13:30:10,96.8,0.0,1,9680,卖盘
714,13:30:22,96.8,0.0,2,19360,卖盘
715,13:30:30,96.78,-0.02,1,9678,卖盘
716,13:30:46,96.8,0.02,1,9680,买盘
717,13:31:27,96.8,0.0,2,19361,卖盘
718,13:31:43,96.83,0.03,4,38723,买盘
719,13:31:55,96.8,-0.03,1,9680,卖盘
720,13:32:22,96.84,0.04,1,9684,买盘
721,13:32:25,96.8,-0.04,1,9680,卖盘
722,13:32:28,96.84,0.04,2,19368,买盘
723,13:32:33,96.85,0.01,3,29053,买盘
724,13:33:01,96.85,0.0,3,29054,买盘
725,13:33:40,96.85,0.0,1,9685,买盘
726,13:34:06,96.84,-0.01,1,9684,卖盘
727,13:34:15,96.81,-0.03,5,48417,卖盘
728,13:34:58,96.84,0.03,2,19368,买盘
729,13:35:01,96.84,0.0,3,29052,卖盘
730,13:35:07,96.85,0.01,2,19370,买盘
731,13:35:15,96.81,-0.04,5,48406,卖盘
732,13:36:13,96.82,0.01,1,9682,买盘
733,13:36:16,96.82,0.0,1,9682,卖盘
734,13:36:19,96.82,0.0,1,9682,卖盘
735,13:36:43,96.82,0.0,1,9682,卖盘
736,13:37:12,96.8,-0.02,1,9680,卖盘
737,13:37:37,96.8,0.0,3,29040,卖盘
738,13:37:43,96.81,0.01,2,19362,买盘
739,13:37:45,96.8,-0.01,2,19360,卖盘
740,13:38:07,96.8,0.0,3,29040,卖盘
741,13:38:10,96.8,0.0,8,77440,卖盘
742,13:38:19,96.8,0.0,2,19360,卖盘
743,13:38:34,96.79,-0.01,1,9679,卖盘
744,13:38:37,96.79,0.0,2,19359,卖盘
745,13:39:12,96.69,-0.1,4,38686,卖盘
746,13:39:43,96.69,0.0,1,9669,卖盘
747,13:39:46,96.68,-0.01,1,9668,卖盘
748,13:40:16,96.62,-0.06,1,9662,卖盘
749,13:40:22,96.62,0.0,1,9662,买盘
750,13:40:34,96.61,-0.01,6,57966,卖盘
751,13:40:46,96.61,0.0,4,38644,卖盘
752,13:40:52,96.62,0.01,1,9662,买盘
753,13:40:57,96.62,0.0,2,19324,卖盘
754,13:41:13,96.61,-0.01,2,19322,卖盘
755,13:42:31,96.62,0.01,1,9662,买盘
756,13:42:34,96.61,-0.01,1,9661,卖盘
757,13:42:57,96.66,0.05,3,28998,买盘
758,13:43:04,96.67,0.01,4,38668,买盘
759,13:43:16,96.78,0.11,2,19347,买盘
760,13:43:28,96.78,0.0,2,19356,买盘
761,13:44:07,96.79,0.01,1,9679,买盘
762,13:44:13,96.81,0.02,2,19362,买盘
763,13:44:19,96.81,0.0,1,9681,买盘
764,13:44:28,96.82,0.01,4,38728,买盘
765,13:45:04,96.84,0.02,1,9684,买盘
766,13:45:25,96.7,-0.14,2,19341,卖盘
767,13:46:25,96.85,0.15,6,58104,买盘
768,13:46:40,96.85,0.0,1,9685,卖盘
769,13:47:22,96.95,0.1,1,9695,买盘
770,13:48:10,96.88,-0.07,1,9688,卖盘
771,13:48:19,96.85,-0.03,3,29055,卖盘
772,13:50:18,96.71,-0.14,1,9671,卖盘
773,13:50:25,96.71,0.0,1,9671,买盘
774,13:50:31,96.71,0.0,1,9671,买盘
775,13:50:34,96.71,0.0,1,9671,中性盘
776,13:50:55,96.7,-0.01,1,9670,卖盘
777,13:51:31,96.7,0.0,1,9670,卖盘
778,13:52:04,96.69,-0.01,5,48345,卖盘
779,13:52:10,96.69,0.0,1,9669,卖盘
780,13:52:18,96.69,0.0,1,9669,买盘
781,13:52:25,96.68,-0.01,1,9668,卖盘
782,13:52:28,96.68,0.0,7,67676,卖盘
783,13:52:40,96.69,0.01,1,9669,买盘
784,13:52:52,96.69,0.0,2,19338,买盘
785,13:52:55,96.68,-0.01,4,38673,卖盘
786,13:53:07,96.71,0.03,1,9671,买盘
787,13:53:10,96.71,0.0,1,9671,买盘
788,13:53:13,96.71,0.0,1,9671,卖盘
789,13:53:16,96.68,-0.03,5,48340,卖盘
790,13:53:24,96.68,0.0,2,19336,买盘
791,13:53:28,96.68,0.0,1,9668,买盘
792,13:53:58,96.81,0.13,2,19362,买盘
793,13:54:09,96.81,0.0,1,9681,卖盘
794,13:54:13,96.82,0.01,2,19364,买盘
795,13:54:16,96.81,-0.01,1,9681,卖盘
796,13:54:40,96.83,0.02,1,9683,买盘
797,13:54:48,96.84,0.01,1,9684,买盘
798,13:55:01,96.81,-0.03,1,9681,卖盘
799,13:55:10,96.69,-0.12,1,9669,卖盘
800,13:55:37,96.69,0.0,5,48345,买盘
801,13:55:58,96.69,0.0,3,29007,卖盘
802,13:56:16,96.68,-0.01,4,38672,卖盘
803,13:56:37,96.68,0.0,3,29004,买盘
804,13:57:04,96.68,0.0,7,67674,买盘
805,13:57:27,96.68,0.0,1,9668,卖盘
806,13:57:30,96.69,0.01,5,48345,买盘
807,13:57:36,96.69,0.0,53,512457,买盘
808,13:57:40,96.85,0.16,3,29053,买盘
809,13:58:07,96.83,-0.02,1,9683,买盘
810,13:58:09,96.82,-0.01,3,29046,中性盘
811,13:58:19,96.82,0.0,1,9682,买盘
812,13:58:31,96.82,0.0,1,9682,买盘
813,13:58:52,96.82,0.0,1,9682,卖盘
814,13:58:58,96.83,0.01,3,29047,买盘
815,13:59:43,96.87,0.04,14,135603,买盘
816,14:00:19,96.96,0.09,8,77565,买盘
817,14:00:25,96.71,-0.25,2,19367,卖盘
818,14:01:46,96.84,0.13,3,29053,卖盘
819,14:01:52,96.83,-0.01,1,9683,卖盘
820,14:01:58,96.83,0.0,1,9683,买盘
821,14:02:34,96.8,-0.03,2,19360,卖盘
822,14:03:16,96.81,0.01,4,38724,买盘
823,14:04:09,96.82,0.01,1,9682,买盘
824,14:05:01,96.82,0.0,1,9682,卖盘
825,14:05:19,96.82,0.0,1,9682,卖盘
826,14:05:49,96.83,0.01,1,9683,买盘
827,14:05:52,96.82,-0.01,6,58092,卖盘
828,14:05:55,96.82,0.0,1,9682,买盘
829,14:06:16,96.81,-0.01,3,29043,卖盘
830,14:06:22,96.82,0.01,1,9682,买盘
831,14:06:24,96.82,0.0,1,9682,买盘
832,14:06:34,96.83,0.01,14,135552,买盘
833,14:07:10,97.0,0.17,1,9700,买盘
834,14:07:37,97.03,0.03,1,9703,买盘
835,14:08:25,97.03,0.0,3,29109,买盘
836,14:08:34,97.02,-0.01,1,9702,买盘
837,14:10:12,96.99,-0.03,2,19398,买盘
838,14:11:22,96.84,-0.15,8,77474,卖盘
839,14:11:31,96.83,-0.01,2,19366,卖盘
840,14:11:34,96.84,0.01,4,38735,买盘
841,14:11:37,96.99,0.15,3,29067,买盘
842,14:12:25,96.81,-0.18,1,9681,卖盘
843,14:12:45,96.77,-0.04,1,9677,卖盘
844,14:13:01,96.81,0.04,3,29043,买盘
845,14:13:34,96.95,0.14,2,19390,买盘
846,14:14:13,96.98,0.03,5,48489,买盘
847,14:14:24,96.97,-0.01,5,48481,买盘
848,14:14:37,97.02,0.05,20,194016,买盘
849,14:16:16,96.97,-0.05,4,38788,买盘
850,14:16:43,96.97,0.0,2,19394,卖盘
851,14:18:19,96.97,0.0,6,58182,卖盘
852,14:18:24,96.97,0.0,1,9697,卖盘
853,14:18:28,96.97,0.0,2,19394,卖盘
854,14:18:33,96.97,0.0,1,9697,卖盘
855,14:19:13,96.97,0.0,2,19394,卖盘
856,14:19:25,96.97,0.0,1,9697,卖盘
857,14:20:37,96.82,-0.15,3,29046,卖盘
858,14:22:04,96.75,-0.07,1,9675,卖盘
859,14:22:33,96.76,0.01,2,19352,卖盘
860,14:22:40,96.75,-0.01,3,29027,卖盘
861,14:22:46,96.75,0.0,1,9675,卖盘
862,14:23:22,96.73,-0.02,1,9673,卖盘
863,14:23:25,96.73,0.0,3,29019,卖盘
864,14:23:27,96.73,0.0,1,9673,卖盘
865,14:23:37,96.71,-0.02,1,9671,卖盘
866,14:23:54,96.7,-0.01,1,9670,卖盘
867,14:24:22,96.71,0.01,4,38684,买盘
868,14:24:25,96.71,0.0,1,9671,卖盘
869,14:24:31,96.72,0.01,1,9672,买盘
870,14:25:04,96.76,0.04,3,29020,买盘
871,14:25:16,96.76,0.0,3,29028,买盘
872,14:27:01,96.75,-0.01,4,38697,买盘
873,14:27:28,96.72,-0.03,8,77376,卖盘
874,14:27:52,96.72,0.0,2,19344,卖盘
875,14:27:55,96.72,0.0,1,9672,卖盘
876,14:28:10,96.71,-0.01,1,9671,卖盘
877,14:28:22,96.71,0.0,1,9671,卖盘
878,14:28:34,96.71,0.0,3,29013,卖盘
879,14:29:04,96.71,0.0,7,67697,卖盘
880,14:29:34,96.71,0.0,2,19342,买盘
881,14:29:36,96.7,-0.01,3,29010,卖盘
882,14:29:48,96.69,-0.01,5,48345,卖盘
883,14:31:19,96.7,0.01,1,9670,买盘
884,14:31:25,96.7,0.0,1,9670,卖盘
885,14:31:58,96.7,0.0,1,9670,买盘
886,14:32:55,96.6,-0.1,5,48317,卖盘
887,14:33:01,96.69,0.09,1,9669,买盘
888,14:33:07,96.6,-0.09,1,9660,卖盘
889,14:33:54,96.61,0.01,1,9661,卖盘
890,14:34:10,96.61,0.0,1,9661,卖盘
891,14:34:16,96.61,0.0,3,28984,卖盘
892,14:34:49,96.67,0.06,1,9667,买盘
893,14:35:13,96.67,0.0,1,9667,卖盘
894,14:35:43,96.46,-0.21,12,115889,卖盘
895,14:36:25,96.46,0.0,1,9646,卖盘
896,14:36:33,96.46,0.0,1,9646,卖盘
897,14:36:37,96.46,0.0,2,19292,买盘
898,14:36:46,96.38,-0.08,2,19276,卖盘
899,14:37:01,96.46,0.08,1,9646,买盘
900,14:37:16,96.37,-0.09,2,19275,卖盘
901,14:37:25,96.38,0.01,1,9638,卖盘
902,14:37:31,96.38,0.0,15,144572,卖盘
903,14:38:01,96.46,0.08,2,19292,买盘
904,14:38:04,96.4,-0.06,4,38560,卖盘
905,14:40:31,96.44,0.04,1,9644,卖盘
906,14:41:01,96.41,-0.03,1,9641,卖盘
907,14:42:19,96.41,0.0,1,9641,卖盘
908,14:42:25,96.4,-0.01,2,19280,卖盘
909,14:42:31,96.4,0.0,1,9640,卖盘
910,14:42:34,96.4,0.0,1,9640,卖盘
911,14:42:46,96.39,-0.01,1,9639,卖盘
912,14:42:58,96.39,0.0,4,38556,卖盘
913,14:43:04,96.41,0.02,3,28921,买盘
914,14:43:07,96.4,-0.01,2,19280,卖盘
915,14:43:13,96.4,0.0,2,19280,卖盘
916,14:43:16,96.4,0.0,3,28920,买盘
917,14:43:19,96.41,0.01,4,38562,买盘
918,14:43:31,96.41,0.0,1,9641,卖盘
919,14:43:46,96.41,0.0,1,9641,卖盘
920,14:43:52,96.5,0.09,1,9650,买盘
921,14:44:01,96.41,-0.09,1,9641,卖盘
922,14:44:10,96.41,0.0,3,28923,卖盘
923,14:44:19,96.4,-0.01,1,9640,买盘
924,14:44:22,96.39,-0.01,1,9639,卖盘
925,14:44:25,96.41,0.02,3,28923,买盘
926,14:44:40,96.4,-0.01,2,19280,卖盘
927,14:44:46,96.41,0.01,2,19282,买盘
928,14:44:52,96.41,0.0,5,48205,卖盘
929,14:45:01,96.4,-0.01,1,9640,卖盘
930,14:45:04,96.37,-0.03,12,115662,卖盘
931,14:45:16,96.35,-0.02,1,9635,卖盘
932,14:45:25,96.35,0.0,1,9635,卖盘
933,14:45:28,96.35,0.0,2,19270,卖盘
934,14:45:34,96.31,-0.04,1,9631,卖盘
935,14:45:46,96.31,0.0,1,9631,卖盘
936,14:46:04,96.35,0.04,1,9635,卖盘
937,14:46:10,96.35,0.0,4,38540,卖盘
938,14:46:16,96.35,0.0,1,9635,买盘
939,14:46:25,96.32,-0.03,1,9632,卖盘
940,14:46:34,96.31,-0.01,2,19263,卖盘
941,14:46:40,96.3,-0.01,1,9630,卖盘
942,14:46:46,96.3,0.0,1,9630,卖盘
943,14:46:52,96.3,0.0,1,9630,卖盘
944,14:46:58,96.3,0.0,1,9630,卖盘
945,14:47:04,96.3,0.0,3,28890,买盘
946,14:47:22,96.22,-0.08,1,9622,卖盘
947,14:47:25,96.21,-0.01,2,19243,卖盘
948,14:47:31,96.21,0.0,3,28883,卖盘
949,14:47:52,96.22,0.01,2,19244,卖盘
950,14:48:31,96.3,0.08,3,28889,买盘
951,14:48:49,96.22,-0.08,4,38490,卖盘
952,14:48:55,96.31,0.09,11,105933,买盘
953,14:49:28,96.31,0.0,1,9631,卖盘
954,14:49:31,96.31,0.0,1,9631,卖盘
955,14:49:40,96.31,0.0,7,67417,卖盘
956,14:49:46,96.31,0.0,1,9631,买盘
957,14:49:52,96.3,-0.01,1,9630,买盘
958,14:49:58,96.25,-0.05,1,9625,卖盘
959,14:50:10,96.3,0.05,2,19260,买盘
960,14:50:25,96.26,-0.04,1,9626,卖盘
961,14:50:31,96.3,0.04,1,9630,买盘
962,14:50:43,96.25,-0.05,2,19250,卖盘
963,14:50:52,96.21,-0.04,6,57738,卖盘
964,14:51:01,96.21,0.0,4,38484,卖盘
965,14:51:07,96.25,0.04,8,77000,买盘
966,14:51:46,96.25,0.0,1,9625,卖盘
967,14:52:10,96.25,0.0,1,9625,卖盘
968,14:52:13,96.21,-0.04,1,9621,卖盘
969,14:52:28,96.26,0.05,5,48127,买盘
970,14:52:31,96.21,-0.05,1,9621,卖盘
971,14:52:46,96.21,0.0,1,9621,卖盘
972,14:52:55,96.21,0.0,1,9621,卖盘
973,14:53:10,96.23,0.02,2,19246,买盘
974,14:53:13,96.21,-0.02,2,19242,卖盘
975,14:53:19,96.23,0.02,1,9623,买盘
976,14:53:31,96.22,-0.01,1,9622,卖盘
977,14:53:34,96.22,0.0,2,19244,卖盘
978,14:53:37,96.22,0.0,1,9622,中性盘
979,14:53:46,96.21,-0.01,1,9621,卖盘
980,14:54:01,96.22,0.01,4,38485,买盘
981,14:54:04,96.21,-0.01,10,96210,买盘
982,14:54:19,96.22,0.01,2,19244,卖盘
983,14:54:31,96.2,-0.02,6,57720,卖盘
984,14:54:34,96.22,0.02,1,9622,买盘
985,14:54:37,96.3,0.08,20,192516,买盘
986,14:54:40,96.21,-0.09,1,9621,卖盘
987,14:54:43,96.2,-0.01,27,259740,卖盘
988,14:54:46,96.17,-0.03,1,9617,卖盘
989,14:55:04,96.2,0.03,10,96200,买盘
990,14:55:10,96.17,-0.03,10,96173,卖盘
991,14:55:16,96.17,0.0,1,9617,卖盘
992,14:55:22,96.22,0.05,11,105821,买盘
993,14:55:25,96.16,-0.06,1,9616,卖盘
994,14:55:31,96.15,-0.01,8,76920,卖盘
995,14:55:49,96.17,0.02,2,19234,卖盘
996,14:56:13,96.17,0.0,2,19234,卖盘
997,14:56:31,96.18,0.01,1,9618,卖盘
998,14:56:34,96.18,0.0,3,28861,卖盘
999,14:56:46,96.18,0.0,2,19236,买盘
1000,14:56:49,96.17,-0.01,3,28852,卖盘
1001,14:56:55,96.17,0.0,2,19234,卖盘
1002,15:00:05,96.2,0.03,25,240500,卖盘
