,time,price,change,volume,amount,type
0,09:30:07,93.0,-0.01,7,65066,买盘
1,09:30:10,92.82,-0.18,1,9282,买盘
2,09:30:31,92.5,-0.32,1,9250,卖盘
3,09:30:37,92.5,0.0,1,9250,买盘
4,09:30:52,92.63,0.13,1,9263,卖盘
5,09:30:55,92.83,0.2,6,55674,买盘
6,09:31:10,93.0,0.17,2,18600,买盘
7,09:31:16,93.01,0.01,9,83709,买盘
8,09:31:19,93.04,0.03,1,9304,卖盘
9,09:31:22,93.0,-0.04,8,74408,卖盘
10,09:31:28,93.49,0.49,2,18698,买盘
11,09:31:31,93.0,-0.49,2,18600,卖盘
12,09:31:43,93.04,0.04,1,9304,卖盘
13,09:32:10,93.47,0.43,5,46731,买盘
14,09:32:25,93.47,0.0,1,9347,卖盘
15,09:32:28,93.48,0.01,2,18687,买盘
16,09:32:31,93.45,-0.03,1,9345,中性盘
17,09:32:37,93.45,0.0,2,18690,买盘
18,09:32:43,93.1,-0.35,10,93106,卖盘
19,09:32:46,93.43,0.33,3,28021,买盘
20,09:33:01,93.42,-0.01,2,18680,买盘
21,09:33:07,93.12,-0.3,1,9312,卖盘
22,09:33:13,93.38,0.26,1,9338,卖盘
23,09:33:16,93.12,-0.26,1,9312,买盘
24,09:33:25,93.39,0.27,12,112007,买盘
25,09:33:28,93.39,0.0,2,18678,卖盘
26,09:33:31,93.39,0.0,5,46695,卖盘
27,09:33:34,93.38,-0.01,2,18672,中性盘
28,09:33:40,93.39,0.01,1,9339,买盘
29,09:33:43,93.13,-0.26,2,18626,卖盘
30,09:33:46,93.39,0.26,3,28008,买盘
31,09:34:13,93.14,-0.25,2,18628,卖盘
32,09:34:25,93.13,-0.01,1,9313,卖盘
33,09:34:34,93.11,-0.02,1,9311,卖盘
34,09:34:46,93.12,0.01,2,23466,买盘
35,09:34:49,93.12,0.0,1,9312,卖盘
36,09:34:52,93.1,-0.02,1,9311,买盘
37,09:35:01,93.13,0.03,2,18625,买盘
38,09:35:07,93.1,-0.03,1,9310,买盘
39,09:35:10,93.1,0.0,2,18622,卖盘
40,09:35:16,93.29,0.19,5,46642,买盘
41,09:35:22,93.12,-0.17,4,37282,卖盘
42,09:35:40,93.13,0.01,2,18626,卖盘
43,09:35:52,93.12,-0.01,1,9312,卖盘
44,09:35:55,93.13,0.01,1,9313,买盘
45,09:36:25,93.13,0.0,4,37254,卖盘
46,09:36:31,93.2,0.07,6,55880,买盘
47,09:36:58,93.12,-0.08,1,9312,买盘
48,09:37:13,93.22,0.1,1,9322,买盘
49,09:37:25,93.25,0.03,5,46623,买盘
50,09:37:28,93.12,-0.13,13,121056,卖盘
51,09:37:34,93.1,-0.02,4,32399,卖盘
52,09:37:40,93.07,-0.03,3,27921,买盘
53,09:37:43,93.06,-0.01,3,27918,卖盘
54,09:37:52,93.12,0.06,43,400394,买盘
55,09:37:55,93.05,-0.07,1,9305,卖盘
56,09:37:58,93.05,0.0,2,18617,卖盘
57,09:38:01,93.09,0.04,1,9309,卖盘
58,09:38:04,93.12,0.03,1,9312,买盘
59,09:38:16,93.11,-0.01,3,27932,买盘
60,09:38:19,93.09,-0.02,3,27927,卖盘
61,09:38:25,93.0,-0.09,2,18600,卖盘
62,09:38:28,93.0,0.0,7,65100,买盘
63,09:38:31,93.09,0.09,6,55845,买盘
64,09:38:34,93.09,0.0,2,18618,买盘
65,09:38:37,93.09,0.0,1,9309,买盘
66,09:38:46,93.09,0.0,1,9309,买盘
67,09:38:49,93.09,0.0,1,9309,买盘
68,09:39:07,93.0,-0.09,1,9300,买盘
69,09:39:13,93.09,0.09,1,9309,买盘
70,09:39:16,93.12,0.03,8,74481,买盘
71,09:39:19,93.09,-0.03,3,27933,卖盘
72,09:39:22,93.12,0.03,3,27936,买盘
73,09:39:25,93.12,0.0,1,9312,买盘
74,09:39:28,93.12,0.0,3,27936,买盘
75,09:39:31,93.12,0.0,2,18624,买盘
76,09:39:34,93.12,0.0,6,55872,买盘
77,09:39:55,93.2,0.08,1,9320,买盘
78,09:39:58,93.25,0.05,1,9325,买盘
79,09:40:01,93.15,-0.1,2,18644,卖盘
80,09:40:05,93.3,0.15,1,9330,买盘
81,09:40:07,93.38,0.08,1,9338,买盘
82,09:40:31,93.38,0.0,2,18676,买盘
83,09:40:37,93.39,0.01,2,18678,买盘
84,09:40:40,93.39,0.0,2,18678,买盘
85,09:40:43,93.38,-0.01,2,18676,卖盘
86,09:40:49,93.39,0.01,10,93381,买盘
87,09:40:52,93.38,-0.01,6,56028,卖盘
88,09:40:55,93.4,0.02,1,9340,买盘
89,09:41:01,93.5,0.1,19,177570,买盘
90,09:41:10,93.51,0.01,3,28053,买盘
91,09:41:13,93.5,-0.01,4,37400,卖盘
92,09:41:28,93.43,-0.07,2,18686,卖盘
93,09:41:31,93.43,0.0,1,9343,买盘
94,09:41:40,93.43,0.0,1,9343,买盘
95,09:41:46,93.41,-0.02,6,56046,卖盘
96,09:41:55,93.41,0.0,1,9341,买盘
97,09:41:58,93.39,-0.02,4,37356,卖盘
98,09:42:04,93.39,0.0,1,9339,卖盘
99,09:42:07,93.38,-0.01,1,9338,卖盘
100,09:42:13,93.4,0.02,1,9340,中性盘
101,09:42:16,93.38,-0.02,3,28014,卖盘
102,09:42:19,93.38,0.0,14,130732,卖盘
103,09:42:22,93.38,0.0,4,37352,卖盘
104,09:42:28,93.38,0.0,2,18676,卖盘
105,09:42:31,93.38,0.0,2,18676,卖盘
106,09:42:37,93.38,0.0,1,9338,卖盘
107,09:42:43,93.38,0.0,13,121397,卖盘
108,09:43:16,93.37,-0.01,1,9337,买盘
109,09:43:40,93.37,0.0,2,18672,买盘
110,09:44:04,93.35,-0.02,1,9335,买盘
111,09:44:31,93.17,-0.18,5,46588,卖盘
112,09:44:52,93.2,0.03,2,18640,卖盘
113,09:44:55,93.2,0.0,4,37280,卖盘
114,09:45:04,93.2,0.0,4,37280,卖盘
115,09:45:19,93.19,-0.01,1,9319,买盘
116,09:45:25,93.19,0.0,2,18639,中性盘
117,09:45:28,93.19,0.0,3,27957,买盘
118,09:45:55,93.18,-0.01,1,9318,卖盘
119,09:46:04,93.29,0.11,1,9329,买盘
120,09:46:31,93.29,0.0,3,27987,买盘
121,09:46:52,93.29,0.0,5,46644,买盘
122,09:47:10,93.3,0.01,1,9330,买盘
123,09:47:34,93.3,0.0,1,9330,买盘
124,09:47:40,93.2,-0.1,4,37290,卖盘
125,09:47:58,93.2,0.0,11,102520,买盘
126,09:48:28,93.2,0.0,3,27960,卖盘
127,09:48:40,93.3,0.1,1,9330,买盘
128,09:48:46,93.21,-0.09,1,9321,卖盘
129,09:48:52,93.18,-0.03,10,93197,卖盘
130,09:49:13,93.18,0.0,1,9318,卖盘
131,09:49:34,93.21,0.03,1,9321,买盘
132,09:49:55,93.18,-0.03,2,18637,卖盘
133,09:50:01,93.18,0.0,1,9318,买盘
134,09:50:04,93.21,0.03,8,74546,买盘
135,09:50:10,93.15,-0.06,5,46578,卖盘
136,09:50:22,93.21,0.06,1,9321,买盘
137,09:50:37,93.21,0.0,1,9321,卖盘
138,09:50:40,93.21,0.0,5,46605,卖盘
139,09:51:04,93.27,0.06,1,9327,买盘
140,09:51:10,93.12,-0.15,12,111790,卖盘
141,09:51:22,93.1,-0.02,1,9310,卖盘
142,09:51:31,93.1,0.0,3,27930,卖盘
143,09:51:37,93.1,0.0,2,18620,卖盘
144,09:51:40,93.1,0.0,3,27930,卖盘
145,09:51:46,93.09,-0.01,2,18618,卖盘
146,09:51:58,93.09,0.0,1,9309,卖盘
147,09:52:01,93.09,0.0,2,18618,卖盘
148,09:52:10,93.09,0.0,12,111708,卖盘
149,09:52:25,93.08,-0.01,1,9308,买盘
150,09:52:34,93.08,0.0,2,18599,买盘
151,09:53:19,93.08,0.0,1,9308,买盘
152,09:54:31,93.0,-0.08,1,9300,卖盘
153,09:54:40,93.0,0.0,2,18600,卖盘
154,09:54:58,93.0,0.0,1,9300,卖盘
155,09:55:01,93.0,0.0,7,65100,卖盘
156,09:55:10,93.0,0.0,1,9300,买盘
157,09:55:13,93.0,0.0,2,18600,买盘
158,09:55:22,93.0,0.0,6,55800,卖盘
159,09:55:34,93.0,0.0,4,37200,买盘
160,09:55:43,92.89,-0.11,1,9289,卖盘
161,09:55:46,93.0,0.11,20,186000,买盘
162,09:56:55,92.89,-0.11,2,18578,卖盘
163,09:57:13,92.89,0.0,2,18577,买盘
164,09:57:22,92.88,-0.01,1,9288,卖盘
165,09:57:25,92.86,-0.02,1,9286,买盘
166,09:57:28,92.86,0.0,3,27858,买盘
167,09:57:34,92.86,0.0,1,9286,买盘
168,09:57:43,92.8,-0.06,5,46400,卖盘
169,09:58:04,92.57,-0.23,1,9257,卖盘
170,09:58:13,92.85,0.28,1,9285,买盘
171,09:58:25,92.89,0.04,3,27867,买盘
172,09:58:49,92.69,-0.2,1,9269,卖盘
173,09:59:10,92.86,0.17,1,9286,买盘
174,10:00:13,92.9,0.04,1,9290,卖盘
175,10:01:22,92.71,-0.19,5,46364,卖盘
176,10:01:43,92.68,-0.03,1,9268,卖盘
177,10:01:45,92.71,0.03,4,37084,买盘
178,10:01:52,92.71,0.0,1,9271,买盘
179,10:02:01,92.71,0.0,1,9271,卖盘
180,10:02:04,92.71,0.0,1,9271,卖盘
181,10:02:07,92.71,0.0,1,9271,卖盘
182,10:02:13,92.71,0.0,2,18542,卖盘
183,10:02:43,92.71,0.0,2,18542,卖盘
184,10:02:55,92.71,0.0,1,9271,卖盘
185,10:03:16,92.68,-0.03,3,27810,卖盘
186,10:03:40,92.68,0.0,1,9268,卖盘
187,10:04:22,92.68,0.0,3,27804,买盘
188,10:04:34,92.68,0.0,1,9268,卖盘
189,10:04:49,92.68,0.0,2,18536,卖盘
190,10:04:55,92.7,0.02,1,9270,买盘
191,10:05:10,92.71,0.01,1,9271,买盘
192,10:05:13,92.71,0.0,2,18541,买盘
193,10:05:25,92.71,0.0,2,18542,买盘
194,10:05:40,92.72,0.01,1,9272,卖盘
195,10:06:25,92.85,0.13,2,18570,买盘
196,10:06:43,92.88,0.03,2,18576,买盘
197,10:07:46,92.8,-0.08,4,37120,买盘
198,10:07:52,92.87,0.07,6,55711,买盘
199,10:07:58,92.8,-0.07,1,9280,卖盘
200,10:08:43,92.73,-0.07,1,9273,卖盘
201,10:08:46,92.73,0.0,1,9273,卖盘
202,10:08:58,92.81,0.08,1,9281,买盘
203,10:09:01,92.73,-0.08,3,27819,卖盘
204,10:09:25,92.72,-0.01,2,18545,卖盘
205,10:09:43,92.68,-0.04,1,9268,卖盘
206,10:10:10,92.68,0.0,1,9268,卖盘
207,10:10:13,92.52,-0.16,32,296157,卖盘
208,10:10:37,92.5,-0.02,28,259013,卖盘
209,10:11:25,92.54,0.04,10,92545,卖盘
210,10:11:34,92.8,0.26,2,18560,买盘
211,10:11:49,92.56,-0.24,2,18513,卖盘
212,10:11:52,92.54,-0.02,1,9254,卖盘
213,10:11:58,92.57,0.03,1,9257,卖盘
214,10:12:31,92.6,0.03,1,9260,卖盘
215,10:12:49,92.55,-0.05,7,64797,卖盘
216,10:12:58,92.54,-0.01,1,9254,卖盘
217,10:13:31,92.53,-0.01,3,27760,卖盘
218,10:13:55,92.6,0.07,2,18520,买盘
219,10:14:07,92.77,0.17,2,18554,买盘
220,10:14:10,92.6,-0.17,10,92600,卖盘
221,10:14:31,92.76,0.16,2,18552,买盘
222,10:15:00,92.09,-0.67,9,83228,卖盘
223,10:16:19,92.2,0.11,1,9220,卖盘
224,10:16:27,92.21,0.01,1,9221,卖盘
225,10:16:43,92.69,0.48,5,46345,买盘
226,10:17:16,92.68,-0.01,3,27804,买盘
227,10:17:39,92.75,0.07,5,46358,买盘
228,10:18:16,92.75,0.0,4,37091,买盘
229,10:18:40,92.81,0.06,6,55661,买盘
230,10:19:04,93.09,0.28,7,65093,买盘
231,10:19:46,93.09,0.0,10,93024,买盘
232,10:19:52,93.01,-0.08,1,9301,卖盘
233,10:20:07,93.18,0.17,5,46527,买盘
234,10:20:34,93.17,-0.01,8,74534,买盘
235,10:20:39,93.16,-0.01,5,46578,买盘
236,10:20:43,93.17,0.01,2,18633,买盘
237,10:22:13,93.0,-0.17,1,9300,买盘
238,10:22:19,93.06,0.06,6,55830,买盘
239,10:22:21,92.78,-0.28,1,9278,卖盘
240,10:22:51,93.17,0.39,10,93145,买盘
241,10:23:31,93.17,0.0,1,9317,买盘
242,10:23:37,93.2,0.03,14,130475,买盘
243,10:23:42,93.2,0.0,3,27960,卖盘
244,10:23:55,93.2,0.0,9,83880,卖盘
245,10:23:58,93.2,0.0,3,27960,买盘
246,10:25:28,93.17,-0.03,1,9317,买盘
247,10:26:55,93.14,-0.03,1,9314,买盘
248,10:27:09,93.11,-0.03,2,18622,卖盘
249,10:27:31,93.11,0.0,2,18622,卖盘
250,10:27:34,93.04,-0.07,2,18608,卖盘
251,10:27:46,93.0,-0.04,2,18600,卖盘
252,10:28:01,92.88,-0.12,2,18576,卖盘
253,10:28:13,92.88,0.0,5,46440,买盘
254,10:28:24,92.82,-0.06,1,9282,卖盘
255,10:29:10,92.68,-0.14,3,27806,卖盘
256,10:29:16,93.01,0.33,4,37204,买盘
257,10:30:24,93.01,0.0,1,9301,买盘
258,10:31:13,92.72,-0.29,1,9272,卖盘
259,10:32:09,92.74,0.02,3,27822,卖盘
260,10:32:13,92.74,0.0,1,9274,买盘
261,10:32:25,92.74,0.0,1,9274,买盘
262,10:32:46,92.72,-0.02,6,55632,卖盘
263,10:32:55,92.74,0.02,2,18548,买盘
264,10:34:06,92.71,-0.03,1,9271,卖盘
265,10:34:16,92.7,-0.01,1,9270,卖盘
266,10:34:22,92.74,0.04,4,37096,中性盘
267,10:34:27,92.73,-0.01,1,9273,卖盘
268,10:34:31,92.68,-0.05,3,27809,卖盘
269,10:34:49,92.68,0.0,1,9268,买盘
270,10:35:25,92.68,0.0,1,9268,卖盘
271,10:35:33,92.68,0.0,1,9268,卖盘
272,10:35:45,92.66,-0.02,1,9266,卖盘
273,10:35:52,92.65,-0.01,1,9265,卖盘
274,10:37:16,92.6,-0.05,5,46303,卖盘
275,10:37:42,92.53,-0.07,1,9253,卖盘
276,10:37:52,92.5,-0.03,3,27756,卖盘
277,10:38:10,92.5,0.0,1,9250,卖盘
278,10:38:42,92.51,0.01,1,9251,卖盘
279,10:38:58,92.5,-0.01,1,9250,卖盘
280,10:39:07,92.92,0.42,1,9292,买盘
281,10:39:19,92.5,-0.42,1,9250,卖盘
282,10:39:30,92.5,0.0,2,18500,卖盘
283,10:39:58,92.51,0.01,1,9251,卖盘
284,10:40:10,92.5,-0.01,5,46250,卖盘
285,10:40:19,92.9,0.4,1,9290,买盘
286,10:41:34,92.51,-0.39,1,9251,卖盘
287,10:42:49,92.51,0.0,1,9251,卖盘
288,10:43:43,92.51,0.0,1,9251,卖盘
289,10:43:57,92.51,0.0,1,9251,卖盘
290,10:44:28,92.46,-0.05,5,46248,卖盘
291,10:44:46,92.46,0.0,1,9246,卖盘
292,10:44:57,92.46,0.0,5,46230,卖盘
293,10:45:13,92.46,0.0,1,9246,卖盘
294,10:49:13,92.47,0.01,1,9247,卖盘
295,10:49:34,92.79,0.32,2,18558,买盘
296,10:50:16,92.79,0.0,1,9279,卖盘
297,10:50:43,92.79,0.0,1,9279,卖盘
298,10:50:55,92.79,0.0,1,9279,卖盘
299,10:51:15,92.79,0.0,2,18558,卖盘
300,10:52:19,92.77,-0.02,1,9277,买盘
301,10:52:43,92.77,0.0,5,46385,买盘
302,10:52:46,92.77,0.0,1,9277,买盘
303,10:52:52,92.79,0.02,1,9279,买盘
304,10:52:55,92.75,-0.04,5,46379,卖盘
305,10:53:25,92.78,0.03,5,46390,买盘
306,10:54:04,92.8,0.02,9,83514,买盘
307,10:54:25,92.89,0.09,1,9289,买盘
308,10:54:28,92.89,0.0,2,18578,买盘
309,10:54:57,92.8,-0.09,10,92800,卖盘
310,10:56:19,92.85,0.05,8,74280,买盘
311,10:56:28,92.87,0.02,11,102157,买盘
312,10:56:43,92.9,0.03,5,46450,买盘
313,10:57:31,92.9,0.0,5,46450,买盘
314,10:57:49,92.91,0.01,1,9291,买盘
315,10:57:54,92.9,-0.01,8,74320,卖盘
316,10:58:10,92.9,0.0,6,55740,买盘
317,11:00:24,92.81,-0.09,1,9281,卖盘
318,11:01:52,92.89,0.08,1,9289,买盘
319,11:02:37,92.89,0.0,2,18570,买盘
320,11:06:21,92.8,-0.09,2,18561,卖盘
321,11:07:21,92.5,-0.3,30,277810,卖盘
322,11:07:49,92.51,0.01,1,9251,卖盘
323,11:08:13,92.51,0.0,1,9251,中性盘
324,11:09:12,92.51,0.0,1,9251,卖盘
325,11:09:15,92.51,0.0,1,9251,卖盘
326,11:09:37,92.79,0.28,2,18558,买盘
327,11:09:58,92.8,0.01,1,9280,买盘
328,11:12:43,92.53,-0.27,1,9253,卖盘
329,11:15:43,92.54,0.01,1,9254,卖盘
330,11:16:42,92.53,-0.01,1,9253,卖盘
331,11:17:15,92.54,0.01,1,9254,卖盘
332,11:17:43,92.53,-0.01,1,9253,卖盘
333,11:17:49,92.54,0.01,2,18508,买盘
334,11:18:27,92.54,0.0,1,9254,卖盘
335,11:18:46,92.54,0.0,2,18508,买盘
336,11:18:52,92.54,0.0,2,18508,买盘
337,11:20:01,92.74,0.2,1,9274,买盘
338,11:20:42,92.55,-0.19,1,9255,卖盘
339,11:21:13,92.74,0.19,2,18548,买盘
340,11:21:31,92.74,0.0,1,9274,卖盘
341,11:21:43,92.54,-0.2,1,9254,卖盘
342,11:21:55,92.79,0.25,13,120622,买盘
343,11:24:10,92.78,-0.01,1,9278,买盘
344,11:24:27,92.78,0.0,3,27834,卖盘
345,11:25:04,92.78,0.0,1,9278,买盘
346,11:27:10,92.58,-0.2,2,18516,卖盘
347,11:27:21,92.58,0.0,1,9258,买盘
348,11:29:16,92.56,-0.02,2,18512,卖盘
349,11:29:28,92.53,-0.03,1,9253,卖盘
350,11:30:01,92.77,0.24,1,9277,买盘
351,13:00:10,92.9,0.13,8,74320,买盘
352,13:00:33,92.97,0.07,1,9297,买盘
353,13:02:42,92.9,-0.07,2,18580,卖盘
354,13:02:55,92.9,0.0,1,9290,卖盘
355,13:03:52,92.9,0.0,1,9290,卖盘
356,13:06:51,92.9,0.0,1,9290,卖盘
357,13:07:16,92.97,0.07,1,9297,买盘
358,13:07:22,92.9,-0.07,1,9290,卖盘
359,13:07:25,92.9,0.0,11,102190,卖盘
360,13:07:31,92.9,0.0,5,46450,卖盘
361,13:07:37,92.9,0.0,3,27870,卖盘
362,13:07:43,92.9,0.0,13,120770,卖盘
363,13:07:46,92.9,0.0,2,18580,卖盘
364,13:07:49,92.9,0.0,2,18580,卖盘
365,13:09:01,92.58,-0.32,5,46290,卖盘
366,13:10:52,92.59,0.01,1,9259,卖盘
367,13:15:49,92.6,0.01,2,18520,卖盘
368,13:16:45,92.6,0.0,3,27779,买盘
369,13:16:55,92.6,0.0,2,18520,买盘
370,13:18:31,92.6,0.0,1,9260,卖盘
371,13:19:21,92.59,-0.01,1,9259,卖盘
372,13:20:12,92.85,0.26,1,9285,买盘
373,13:20:31,92.86,0.01,1,9286,卖盘
374,13:21:01,92.87,0.01,1,9287,买盘
375,13:21:10,92.87,0.0,1,9287,卖盘
376,13:21:43,92.89,0.02,4,37156,买盘
377,13:21:49,92.89,0.0,1,9289,卖盘
378,13:22:28,92.87,-0.02,1,9287,卖盘
379,13:22:46,92.88,0.01,1,9288,卖盘
380,13:23:00,92.88,0.0,1,9288,卖盘
381,13:23:46,92.88,0.0,1,9288,卖盘
382,13:23:48,92.88,0.0,1,9288,卖盘
383,13:24:10,92.87,-0.01,1,9287,卖盘
384,13:24:46,92.59,-0.28,7,64815,卖盘
385,13:25:30,92.58,-0.01,4,37032,卖盘
386,13:26:51,92.58,0.0,1,9258,卖盘
387,13:27:49,92.58,0.0,6,62954,卖盘
388,13:30:04,92.81,0.23,1,9281,买盘
389,13:30:16,92.81,0.0,2,18562,卖盘
390,13:31:51,92.59,-0.22,1,9259,卖盘
391,13:34:22,92.6,0.01,1,9260,卖盘
392,13:34:25,92.6,0.0,1,5926,卖盘
393,13:34:39,92.61,0.01,2,18522,卖盘
394,13:35:51,92.78,0.17,1,9278,买盘
395,13:36:52,92.79,0.01,4,37116,买盘
396,13:37:37,92.81,0.02,1,9281,买盘
397,13:39:01,92.8,-0.01,1,9280,买盘
398,13:39:45,92.63,-0.17,1,9263,卖盘
399,13:41:22,92.79,0.16,1,9279,买盘
400,13:41:33,92.63,-0.16,2,18526,卖盘
401,13:42:31,92.64,0.01,1,9264,卖盘
402,13:43:09,92.62,-0.02,2,18524,卖盘
403,13:43:31,92.62,0.0,2,18524,卖盘
404,13:44:10,92.6,-0.02,1,9260,卖盘
405,13:44:15,92.59,-0.01,1,9259,卖盘
406,13:44:22,92.59,0.0,1,9259,卖盘
407,13:44:25,92.58,-0.01,4,37032,卖盘
408,13:44:28,92.57,-0.01,1,9257,卖盘
409,13:44:31,92.57,0.0,1,9257,卖盘
410,13:44:34,92.56,-0.01,1,9256,卖盘
411,13:44:36,92.56,0.0,1,9256,卖盘
412,13:44:40,92.55,-0.01,5,46275,卖盘
413,13:44:45,92.51,-0.04,1,9251,卖盘
414,13:44:48,92.51,0.0,1,9251,卖盘
415,13:44:55,92.51,0.0,1,9251,卖盘
416,13:45:13,92.5,-0.01,7,64742,买盘
417,13:45:18,92.46,-0.04,1,9246,卖盘
418,13:45:22,92.46,0.0,1,9246,卖盘
419,13:45:40,92.55,0.09,3,27765,买盘
420,13:45:55,92.46,-0.09,9,83277,卖盘
421,13:46:07,92.46,0.0,1,9246,买盘
422,13:46:12,92.28,-0.18,2,18458,卖盘
423,13:46:40,92.27,-0.01,1,9227,卖盘
424,13:47:04,92.25,-0.02,1,9225,卖盘
425,13:47:16,92.23,-0.02,2,18447,卖盘
426,13:48:37,92.26,0.03,1,9226,卖盘
427,13:48:52,92.28,0.02,1,9228,卖盘
428,13:49:37,92.29,0.01,1,9229,卖盘
429,13:49:52,92.28,-0.01,2,18457,卖盘
430,13:50:25,92.52,0.24,7,64679,买盘
431,13:52:12,92.53,0.01,14,129542,买盘
432,13:52:46,92.52,-0.01,1,9252,买盘
433,13:53:22,92.34,-0.18,1,9234,卖盘
434,13:54:07,92.34,0.0,1,9234,卖盘
435,13:54:46,92.52,0.18,1,9252,买盘
436,13:54:52,92.35,-0.17,1,9235,卖盘
437,13:54:55,92.35,0.0,4,36940,卖盘
438,13:55:00,92.35,0.0,1,9235,买盘
439,13:55:06,92.35,0.0,1,9235,中性盘
440,13:55:16,92.52,0.17,2,18504,买盘
441,13:55:34,92.35,-0.17,1,9235,卖盘
442,13:56:16,92.51,0.16,1,9251,买盘
443,13:56:58,92.53,0.02,12,111032,买盘
444,13:57:28,92.38,-0.15,1,9238,卖盘
445,13:57:37,92.53,0.15,1,9253,买盘
446,13:57:55,92.53,0.0,4,37012,买盘
447,13:58:22,92.53,0.0,1,9253,买盘
448,13:59:04,92.53,0.0,1,9253,卖盘
449,13:59:10,92.55,0.02,1,9255,买盘
450,13:59:13,92.55,0.0,3,27765,买盘
451,13:59:37,92.56,0.01,2,18512,买盘
452,14:00:21,92.55,-0.01,9,83295,卖盘
453,14:00:31,92.53,-0.02,1,9253,卖盘
454,14:01:10,92.54,0.01,1,9254,卖盘
455,14:01:37,92.54,0.0,1,9254,买盘
456,14:01:40,92.54,0.0,3,27762,买盘
457,14:01:58,92.53,-0.01,8,74027,卖盘
458,14:04:22,92.56,0.03,2,18512,买盘
459,14:04:43,92.56,0.0,1,9256,买盘
460,14:05:04,92.56,0.0,1,9256,买盘
461,14:05:34,92.63,0.07,1,9263,买盘
462,14:06:01,92.78,0.15,1,9278,买盘
463,14:06:19,92.79,0.01,1,9279,买盘
464,14:06:40,92.79,0.0,1,9279,买盘
465,14:07:13,92.79,0.0,2,18558,买盘
466,14:07:55,92.8,0.01,1,9280,卖盘
467,14:08:01,92.86,0.06,2,18572,买盘
468,14:08:22,92.86,0.0,2,18572,买盘
469,14:08:28,92.86,0.0,1,9286,卖盘
470,14:08:37,92.88,0.02,1,9288,买盘
471,14:08:49,92.88,0.0,4,37152,买盘
472,14:08:52,92.9,0.02,3,27868,买盘
473,14:08:58,92.94,0.04,1,9294,买盘
474,14:10:06,92.93,-0.01,1,9293,买盘
475,14:10:49,92.9,-0.03,10,92900,卖盘
476,14:11:13,92.9,0.0,6,55740,卖盘
477,14:11:16,93.08,0.18,8,74406,买盘
478,14:11:19,93.08,0.0,2,18616,卖盘
479,14:11:21,93.08,0.0,7,65156,卖盘
480,14:11:28,93.08,0.0,3,27924,卖盘
481,14:12:09,92.91,-0.17,1,9291,卖盘
482,14:12:19,93.06,0.15,1,9306,中性盘
483,14:12:55,92.91,-0.15,2,18582,卖盘
484,14:13:13,92.9,-0.01,2,18580,卖盘
485,14:13:16,92.9,0.0,2,18580,卖盘
486,14:13:40,92.9,0.0,1,9290,买盘
487,14:16:40,92.82,-0.08,2,18564,卖盘
488,14:16:52,92.81,-0.01,1,9281,卖盘
489,14:17:16,92.82,0.01,3,27846,买盘
490,14:17:19,92.81,-0.01,1,9281,卖盘
491,14:18:04,92.81,0.0,5,46405,卖盘
492,14:19:10,92.79,-0.02,1,9279,卖盘
493,14:19:52,92.6,-0.19,1,9260,卖盘
494,14:21:10,92.6,0.0,10,92600,卖盘
495,14:22:06,92.68,0.08,3,27804,买盘
496,14:22:19,92.68,0.0,1,9268,买盘
497,14:22:46,92.68,0.0,1,9268,买盘
498,14:25:00,92.6,-0.08,6,55570,卖盘
499,14:25:12,92.6,0.0,3,27780,买盘
500,14:25:24,92.5,-0.1,8,74018,卖盘
501,14:25:31,92.5,0.0,4,36997,买盘
502,14:26:01,92.49,-0.01,6,55494,买盘
503,14:26:16,92.5,0.01,3,27750,买盘
504,14:26:34,92.5,0.0,2,18500,买盘
505,14:26:37,92.5,0.0,2,18500,买盘
506,14:26:52,92.48,-0.02,1,9248,卖盘
507,14:26:54,92.48,0.0,1,9248,买盘
508,14:27:13,92.47,-0.01,2,18494,买盘
509,14:27:22,92.48,0.01,12,110969,买盘
510,14:27:55,92.48,0.0,5,46240,买盘
511,14:27:58,92.48,0.0,2,18496,买盘
512,14:28:10,92.48,0.0,11,101728,买盘
513,14:28:19,92.55,0.07,1,9255,买盘
514,14:30:31,92.77,0.22,1,9277,买盘
515,14:30:52,92.55,-0.22,1,9255,卖盘
516,14:31:37,92.48,-0.07,1,9248,卖盘
517,14:32:01,92.48,0.0,1,9248,卖盘
518,14:32:52,92.5,0.02,1,9250,卖盘
519,14:33:19,92.5,0.0,10,92500,卖盘
520,14:33:43,92.42,-0.08,1,9242,买盘
521,14:34:19,92.41,-0.01,2,18482,卖盘
522,14:34:27,92.41,0.0,1,9241,卖盘
523,14:34:39,92.55,0.14,17,157317,买盘
524,14:35:22,92.55,0.0,1,9255,卖盘
525,14:35:49,92.55,0.0,1,9255,卖盘
526,14:35:51,92.55,0.0,11,101805,卖盘
527,14:37:31,92.39,-0.16,1,9239,卖盘
528,14:38:52,92.43,0.04,1,9243,中性盘
529,14:38:58,92.54,0.11,2,18508,买盘
530,14:39:13,92.54,0.0,1,9254,买盘
531,14:39:24,92.43,-0.11,1,9243,卖盘
532,14:39:55,92.45,0.02,1,9245,卖盘
533,14:40:49,92.54,0.09,2,18508,买盘
534,14:41:16,92.54,0.0,2,18508,买盘
535,14:41:58,92.55,0.01,1,9255,买盘
536,14:42:10,92.55,0.0,1,9255,买盘
537,14:42:13,92.55,0.0,1,9255,买盘
538,14:42:31,92.55,0.0,1,9255,买盘
539,14:43:34,92.5,-0.05,4,37000,卖盘
540,14:43:52,92.5,0.0,1,9250,卖盘
541,14:45:37,92.51,0.01,1,9251,卖盘
542,14:46:10,92.75,0.24,4,37100,买盘
543,14:46:13,92.75,0.0,1,9275,卖盘
544,14:46:16,92.75,0.0,2,18550,卖盘
545,14:46:55,92.8,0.05,12,111352,买盘
546,14:47:07,92.75,-0.05,30,278305,卖盘
547,14:47:58,92.51,-0.24,6,55512,卖盘
548,14:48:05,92.51,0.0,1,9251,买盘
549,14:48:10,92.75,0.24,1,9275,卖盘
550,14:48:13,92.51,-0.24,2,18503,卖盘
551,14:50:05,92.31,-0.2,45,416163,卖盘
552,14:50:10,92.31,0.0,1,9231,卖盘
553,14:50:22,92.3,-0.01,2,18460,卖盘
554,14:50:28,92.27,-0.03,1,9227,卖盘
555,14:50:34,92.74,0.47,3,27778,买盘
556,14:50:37,92.3,-0.44,1,9230,卖盘
557,14:50:52,92.3,0.0,1,9230,卖盘
558,14:51:25,92.3,0.0,2,18461,卖盘
559,14:51:34,92.3,0.0,2,18460,卖盘
560,14:52:01,92.35,0.05,1,9235,卖盘
561,14:54:01,92.38,0.03,4,36952,卖盘
562,14:54:25,92.38,0.0,1,9238,卖盘
563,14:54:43,92.38,0.0,7,64665,买盘
564,14:55:07,92.38,0.0,5,46190,卖盘
565,14:55:13,92.39,0.01,8,73906,中性盘
566,14:55:19,92.38,-0.01,2,18476,中性盘
567,14:55:40,92.38,0.0,5,46190,卖盘
568,14:55:46,92.38,0.0,1,9238,卖盘
569,14:55:58,92.35,-0.03,3,27705,卖盘
570,14:56:16,92.35,0.0,1,9235,卖盘
571,14:56:19,92.35,0.0,1,9235,卖盘
572,14:56:25,92.38,0.03,1,9238,买盘
573,14:56:34,92.38,0.0,1,9238,买盘
574,14:56:37,92.38,0.0,1,9238,买盘
575,14:56:40,92.38,0.0,2,18476,买盘
576,14:56:49,92.38,0.0,2,18476,买盘
577,14:56:55,92.36,-0.02,3,27708,卖盘
578,14:57:01,92.38,0.02,1,9238,买盘
579,14:57:05,92.38,0.0,1,9238,中性盘
580,15:00:06,92.36,-0.02,20,184720,卖盘
