,time,price,change,volume,amount,type
0,09:25:04,14.98,-0.04,121,181632,卖盘
1,09:30:00,14.99,0.01,3,4497,买盘
2,09:30:04,15.0,0.01,74,110968,买盘
3,09:30:07,15.01,0.01,27,40522,买盘
4,09:30:09,15.01,0.0,9,13515,卖盘
5,09:30:12,15.02,0.01,1,1502,中性盘
6,09:30:15,15.05,0.03,21,31530,买盘
7,09:30:34,15.05,0.0,21,32703,买盘
8,09:30:37,15.05,0.0,1,1505,卖盘
9,09:30:46,15.05,0.0,6,9032,卖盘
10,09:30:49,15.09,0.04,5,7541,买盘
11,09:30:51,15.11,0.02,13,19636,买盘
12,09:30:55,15.1,-0.01,12,18120,卖盘
13,09:30:58,15.1,0.0,35,52850,卖盘
14,09:31:01,15.1,0.0,6,9060,卖盘
15,09:31:04,15.11,0.01,20,30195,买盘
16,09:31:06,15.08,-0.03,1,1508,卖盘
17,09:31:13,15.07,-0.01,1,1507,卖盘
18,09:31:19,15.07,0.0,1,1507,卖盘
19,09:31:33,15.07,0.0,5,7539,卖盘
20,09:31:37,15.07,0.0,24,36168,卖盘
21,09:31:40,15.07,0.0,5,7535,卖盘
22,09:31:42,15.08,0.01,11,16584,买盘
23,09:31:45,15.07,-0.01,18,27143,卖盘
24,09:31:48,15.08,0.01,4,6032,卖盘
25,09:31:51,15.08,0.0,4,6032,卖盘
26,09:31:54,15.08,0.0,4,6032,卖盘
27,09:31:58,15.07,-0.01,12,18095,卖盘
28,09:32:01,15.06,-0.01,3,4520,卖盘
29,09:32:04,15.07,0.01,3,4521,买盘
30,09:32:06,15.06,-0.01,2,3012,卖盘
31,09:32:13,15.06,0.0,1,1506,卖盘
32,09:32:19,15.06,0.0,1,1506,卖盘
33,09:32:21,15.06,0.0,14,21084,卖盘
34,09:32:24,15.05,-0.01,3,4515,卖盘
35,09:32:27,15.06,0.01,94,141562,买盘
36,09:32:31,15.08,0.02,18,27144,买盘
37,09:32:34,15.07,-0.01,37,55774,卖盘
38,09:32:37,15.07,0.0,4,6028,卖盘
39,09:32:40,15.08,0.01,2,3016,买盘
40,09:32:46,15.08,0.0,2,3016,卖盘
41,09:32:51,15.08,0.0,6,9052,卖盘
42,09:32:58,15.09,0.01,6,9058,卖盘
43,09:33:00,15.09,0.0,4,6036,买盘
44,09:33:04,15.1,0.01,7,10570,买盘
45,09:33:06,15.1,0.0,6,9060,买盘
46,09:33:10,15.08,-0.02,19,28674,卖盘
47,09:33:13,15.08,0.0,18,27142,买盘
48,09:33:16,15.08,0.0,2,3015,买盘
49,09:33:18,15.11,0.03,3,4533,买盘
50,09:33:24,15.07,-0.04,12,18092,卖盘
51,09:33:28,15.11,0.04,1,1511,买盘
52,09:33:31,15.11,0.0,30,45330,买盘
53,09:33:37,15.09,-0.02,2,3018,买盘
54,09:33:39,15.08,-0.01,3,4526,卖盘
55,09:33:42,15.09,0.01,21,31689,买盘
56,09:33:49,15.09,0.0,4,6036,买盘
57,09:33:52,15.09,0.0,3,4527,卖盘
58,09:33:55,15.11,0.02,10,15103,买盘
59,09:33:58,15.09,-0.02,1,1509,卖盘
60,09:34:09,15.12,0.03,4,6048,买盘
61,09:34:13,15.1,-0.02,8,12091,卖盘
62,09:34:21,15.09,-0.01,11,16608,卖盘
63,09:34:33,15.09,0.0,2,3018,卖盘
64,09:34:37,15.09,0.0,2,3018,卖盘
65,09:34:39,15.09,0.0,20,30185,卖盘
66,09:34:42,15.09,0.0,17,25653,卖盘
67,09:34:46,15.07,-0.02,17,25634,卖盘
68,09:34:49,15.07,0.0,6,9043,卖盘
69,09:34:51,15.06,-0.01,7,10547,卖盘
70,09:34:55,15.06,0.0,7,10543,卖盘
71,09:34:58,15.08,0.02,9,13568,买盘
72,09:35:00,15.08,0.0,1,1508,卖盘
73,09:35:04,15.09,0.01,13,19607,买盘
74,09:35:07,15.08,-0.01,8,12066,卖盘
75,09:35:09,15.08,0.0,3,4524,买盘
76,09:35:13,15.05,-0.03,25,37642,卖盘
77,09:35:18,15.08,0.03,9,13559,买盘
78,09:35:22,15.05,-0.03,1,1505,卖盘
79,09:35:24,15.05,0.0,3,4516,卖盘
80,09:35:27,15.05,0.0,1,1505,卖盘
81,09:35:34,15.05,0.0,7,10535,卖盘
82,09:35:42,15.06,0.01,4,6024,卖盘
83,09:35:46,15.06,0.0,9,13554,卖盘
84,09:35:49,15.05,-0.01,9,13545,卖盘
85,09:35:51,15.05,0.0,57,85785,卖盘
86,09:35:54,15.05,0.0,4,6017,买盘
87,09:35:57,15.05,0.0,18,27077,买盘
88,09:36:01,15.05,0.0,11,16565,卖盘
89,09:36:04,15.06,0.01,19,28598,买盘
90,09:36:07,15.05,-0.01,1,1505,卖盘
91,09:36:09,15.01,-0.04,7,10529,卖盘
92,09:36:12,15.01,0.0,1,1501,卖盘
93,09:36:22,15.04,0.03,38,57152,中性盘
94,09:36:27,15.04,0.0,9,13532,买盘
95,09:36:31,15.04,0.0,5,7520,买盘
96,09:36:34,15.04,0.0,56,84224,买盘
97,09:36:37,15.04,0.0,18,27072,买盘
98,09:36:39,15.05,0.01,21,31604,买盘
99,09:36:42,15.06,0.01,19,28600,买盘
100,09:36:46,15.08,0.02,20,30160,买盘
101,09:36:49,15.08,0.0,3,4525,卖盘
102,09:36:51,15.09,0.01,1,1509,买盘
103,09:36:54,15.09,0.0,3,4527,买盘
104,09:36:58,15.1,0.01,3,4528,买盘
105,09:37:01,15.11,0.01,10,15110,买盘
106,09:37:04,15.11,0.0,14,21154,买盘
107,09:37:10,15.13,0.02,2,3025,买盘
108,09:37:16,15.12,-0.01,2,3024,卖盘
109,09:37:19,15.11,-0.01,10,15112,卖盘
110,09:37:22,15.1,-0.01,3,4530,卖盘
111,09:37:25,15.1,0.0,6,9061,卖盘
112,09:37:34,15.13,0.03,14,21180,买盘
113,09:37:37,15.11,-0.02,5,7555,卖盘
114,09:37:46,15.11,0.0,18,27198,买盘
115,09:37:49,15.11,0.0,1,1511,中性盘
116,09:37:52,15.11,0.0,17,25687,卖盘
117,09:37:55,15.11,0.0,2,3022,买盘
118,09:37:57,15.11,0.0,8,12080,买盘
119,09:38:06,15.1,-0.01,2,3021,卖盘
120,09:38:10,15.12,0.02,5,7560,中性盘
121,09:38:12,15.11,-0.01,17,25688,卖盘
122,09:38:16,15.14,0.03,18,27248,买盘
123,09:38:19,15.11,-0.03,30,45330,中性盘
124,09:38:22,15.1,-0.01,1,1510,卖盘
125,09:38:34,15.1,0.0,1,1510,卖盘
126,09:38:37,15.1,0.0,1,1510,卖盘
127,09:38:39,15.1,0.0,13,19630,卖盘
128,09:38:45,15.09,-0.01,1,1509,卖盘
129,09:38:55,15.1,0.01,3,4530,买盘
130,09:39:00,15.09,-0.01,9,13581,卖盘
131,09:39:04,15.09,0.0,2,3018,买盘
132,09:39:07,15.09,0.0,1,1509,卖盘
133,09:39:13,15.13,0.04,48,72514,买盘
134,09:39:15,15.09,-0.04,1,1509,卖盘
135,09:39:34,15.11,0.02,1,1511,卖盘
136,09:39:42,15.11,0.0,23,34754,卖盘
137,09:39:45,15.11,0.0,2,3021,买盘
138,09:39:48,15.11,0.0,6,9066,买盘
139,09:39:55,15.15,0.04,100,151418,买盘
140,09:39:57,15.12,-0.03,1,1512,卖盘
141,09:40:01,15.15,0.03,3,4545,买盘
142,09:40:09,15.12,-0.03,14,21185,卖盘
143,09:40:13,15.12,0.0,2,3024,买盘
144,09:40:16,15.15,0.03,2,3028,买盘
145,09:40:24,15.16,0.01,6,9095,买盘
146,09:40:28,15.16,0.0,2,3032,卖盘
147,09:40:31,15.17,0.01,1,1517,中性盘
148,09:40:33,15.16,-0.01,1,1516,卖盘
149,09:40:39,15.17,0.01,5,7585,买盘
150,09:40:43,15.17,0.0,2,3034,买盘
151,09:40:46,15.18,0.01,1,1518,买盘
152,09:40:49,15.18,0.0,1,1518,买盘
153,09:40:51,15.19,0.01,15,22769,买盘
154,09:41:00,15.19,0.0,20,30380,买盘
155,09:41:04,15.2,0.01,1,1520,买盘
156,09:41:06,15.2,0.0,3,4560,买盘
157,09:41:09,15.2,0.0,7,10639,买盘
158,09:41:16,15.2,0.0,1,1520,卖盘
159,09:41:18,15.2,0.0,7,10645,卖盘
160,09:41:24,15.23,0.03,41,62338,买盘
161,09:41:27,15.2,-0.03,4,6081,卖盘
162,09:41:31,15.18,-0.02,43,65248,卖盘
163,09:41:33,15.11,-0.07,1,1511,卖盘
164,09:41:36,15.2,0.09,109,165572,买盘
165,09:41:39,15.11,-0.09,12,18132,卖盘
166,09:41:49,15.16,0.05,8,12128,买盘
167,09:41:54,15.19,0.03,7,10630,买盘
168,09:41:57,15.19,0.0,14,21266,卖盘
169,09:42:01,15.16,-0.03,5,7580,卖盘
170,09:42:04,15.18,0.02,1,1518,买盘
171,09:42:06,15.18,0.0,1,1518,卖盘
172,09:42:10,15.16,-0.02,51,77325,卖盘
173,09:42:13,15.17,0.01,11,16697,中性盘
174,09:42:15,15.16,-0.01,3,4552,卖盘
175,09:42:18,15.18,0.02,205,311758,买盘
176,09:42:27,15.18,0.0,1,1518,买盘
177,09:42:36,15.18,0.0,36,54648,买盘
178,09:42:39,15.17,-0.01,100,151754,卖盘
179,09:42:42,15.18,0.01,1,1518,中性盘
180,09:42:51,15.2,0.02,3,4560,买盘
181,09:42:55,15.21,0.01,4,6081,中性盘
182,09:42:57,15.2,-0.01,2,3040,卖盘
183,09:43:00,15.2,0.0,1,1520,卖盘
184,09:43:04,15.2,0.0,8,12161,卖盘
185,09:43:07,15.21,0.01,3,4563,卖盘
186,09:43:10,15.19,-0.02,2,3038,卖盘
187,09:43:12,15.19,0.0,10,15190,买盘
188,09:43:15,15.2,0.01,11,16721,买盘
189,09:43:18,15.19,-0.01,20,30382,卖盘
190,09:43:22,15.22,0.03,6,9132,买盘
191,09:43:25,15.22,0.0,19,28918,买盘
192,09:43:31,15.21,-0.01,7,10647,买盘
193,09:43:33,15.21,0.0,8,12168,买盘
194,09:43:36,15.21,0.0,11,16731,买盘
195,09:43:39,15.21,0.0,1,1521,买盘
196,09:43:42,15.25,0.04,100,152291,买盘
197,09:43:46,15.22,-0.03,5,7610,卖盘
198,09:43:49,15.22,0.0,1,1522,买盘
199,09:43:54,15.23,0.01,2,3047,卖盘
200,09:44:06,15.25,0.02,33,50325,买盘
201,09:44:09,15.24,-0.01,1,1524,卖盘
202,09:44:16,15.24,0.0,9,13724,卖盘
203,09:44:19,15.24,0.0,10,15240,卖盘
204,09:44:22,15.24,0.0,2,3048,卖盘
205,09:44:24,15.25,0.01,1,1525,买盘
206,09:44:28,15.24,-0.01,36,54864,卖盘
207,09:44:31,15.23,-0.01,12,18279,卖盘
208,09:44:34,15.23,0.0,7,10661,卖盘
209,09:44:36,15.22,-0.01,9,13706,卖盘
210,09:44:39,15.21,-0.01,21,31962,卖盘
211,09:44:46,15.23,0.02,7,10660,买盘
212,09:44:49,15.21,-0.02,2,3043,卖盘
213,09:44:51,15.2,-0.01,253,385252,卖盘
214,09:44:54,15.23,0.03,12,18276,卖盘
215,09:44:58,15.23,0.0,8,12184,卖盘
216,09:45:04,15.23,0.0,20,30460,卖盘
217,09:45:09,15.24,0.01,17,25907,买盘
218,09:45:12,15.24,0.0,12,18287,买盘
219,09:45:16,15.23,-0.01,7,10661,卖盘
220,09:45:19,15.22,-0.01,1,1522,卖盘
221,09:45:22,15.22,0.0,6,9132,卖盘
222,09:45:25,15.22,0.0,1,1522,卖盘
223,09:45:28,15.22,0.0,55,83761,卖盘
224,09:45:31,15.22,0.0,6,9132,卖盘
225,09:45:33,15.22,0.0,44,66968,卖盘
226,09:45:37,15.22,0.0,14,21307,买盘
227,09:45:45,15.22,0.0,6,9129,买盘
228,09:45:55,15.21,-0.01,1,1521,买盘
229,09:45:58,15.22,0.01,11,16737,买盘
230,09:46:00,15.2,-0.02,1,1520,卖盘
231,09:46:04,15.21,0.01,3,4563,买盘
232,09:46:06,15.2,-0.01,8,12160,卖盘
233,09:46:10,15.2,0.0,12,18240,卖盘
234,09:46:13,15.2,0.0,3,4560,卖盘
235,09:46:16,15.21,0.01,14,21291,买盘
236,09:46:22,15.2,-0.01,18,27360,卖盘
237,09:46:24,15.22,0.02,19,28901,买盘
238,09:46:31,15.21,-0.01,3,4563,买盘
239,09:46:33,15.21,0.0,1,1521,卖盘
240,09:46:36,15.22,0.01,5,7607,买盘
241,09:46:40,15.22,0.0,10,15220,买盘
242,09:46:43,15.21,-0.01,2,3042,卖盘
243,09:46:45,15.21,0.0,39,59347,卖盘
244,09:46:48,15.21,0.0,1,1521,卖盘
245,09:46:52,15.22,0.01,4,6091,中性盘
246,09:46:58,15.23,0.01,20,30449,买盘
247,09:47:01,15.22,-0.01,2,3045,卖盘
248,09:47:04,15.23,0.01,8,12184,买盘
249,09:47:06,15.23,0.0,12,18267,买盘
250,09:47:10,15.21,-0.02,1,1521,卖盘
251,09:47:13,15.21,0.0,16,24336,卖盘
252,09:47:16,15.22,0.01,21,31950,买盘
253,09:47:19,15.22,0.0,108,164376,买盘
254,09:47:21,15.22,0.0,5,7610,卖盘
255,09:47:25,15.23,0.01,9,13700,买盘
256,09:47:28,15.23,0.0,7,10657,买盘
257,09:47:31,15.23,0.0,4,6089,买盘
258,09:47:36,15.22,-0.01,4,6089,卖盘
259,09:47:39,15.22,0.0,20,30452,卖盘
260,09:47:43,15.24,0.02,5,7614,买盘
261,09:47:46,15.22,-0.02,6,9142,卖盘
262,09:47:52,15.23,0.01,4,6090,买盘
263,09:47:54,15.22,-0.01,4,6090,卖盘
264,09:47:58,15.23,0.01,27,41167,卖盘
265,09:48:01,15.22,-0.01,15,22848,卖盘
266,09:48:04,15.25,0.03,24,36579,卖盘
267,09:48:06,15.24,-0.01,5,7619,卖盘
268,09:48:10,15.2,-0.04,27,41082,卖盘
269,09:48:13,15.2,0.0,1,1520,卖盘
270,09:48:16,15.24,0.04,12,18275,买盘
271,09:48:19,15.25,0.01,15,22865,买盘
272,09:48:22,15.24,-0.01,3,4572,中性盘
273,09:48:28,15.24,0.0,1,1524,买盘
274,09:48:31,15.24,0.0,3,4569,买盘
275,09:48:34,15.2,-0.04,10,15200,卖盘
276,09:48:36,15.24,0.04,28,42616,买盘
277,09:48:43,15.21,-0.03,1,1521,中性盘
278,09:48:45,15.23,0.02,9,13704,买盘
279,09:48:48,15.22,-0.01,16,24324,中性盘
280,09:48:55,15.21,-0.01,2,3042,买盘
281,09:48:57,15.21,0.0,20,30443,买盘
282,09:49:04,15.21,0.0,13,19773,买盘
283,09:49:06,15.21,0.0,9,13690,卖盘
284,09:49:09,15.21,0.0,20,30420,卖盘
285,09:49:13,15.22,0.01,6,9128,买盘
286,09:49:16,15.21,-0.01,22,33494,卖盘
287,09:49:18,15.2,-0.01,34,51708,卖盘
288,09:49:21,15.2,0.0,40,60806,卖盘
289,09:49:24,15.2,0.0,32,48640,买盘
290,09:49:28,15.2,0.0,9,13677,买盘
291,09:49:30,15.18,-0.02,102,154900,卖盘
292,09:49:36,15.2,0.02,63,95760,买盘
293,09:49:39,15.22,0.02,1,1522,买盘
294,09:49:45,15.21,-0.01,1,1521,卖盘
295,09:49:49,15.21,0.0,9,13697,卖盘
296,09:49:52,15.22,0.01,4,6087,买盘
297,09:49:55,15.2,-0.02,3,4562,卖盘
298,09:49:57,15.23,0.03,32,48694,买盘
299,09:50:04,15.22,-0.01,5,7610,买盘
300,09:50:06,15.2,-0.02,11,16727,卖盘
301,09:50:09,15.2,0.0,19,28884,卖盘
302,09:50:16,15.22,0.02,54,82088,买盘
303,09:50:18,15.21,-0.01,6,9126,中性盘
304,09:50:22,15.2,-0.01,71,107995,卖盘
305,09:50:25,15.22,0.02,2,3044,买盘
306,09:50:28,15.21,-0.01,5,7605,卖盘
307,09:50:30,15.2,-0.01,8,12163,卖盘
308,09:50:34,15.21,0.01,2,3042,买盘
309,09:50:37,15.2,-0.01,12,18240,卖盘
310,09:50:39,15.2,0.0,51,77582,卖盘
311,09:50:42,15.2,0.0,12,18240,卖盘
312,09:50:45,15.21,0.01,15,22803,买盘
313,09:50:49,15.21,0.0,8,12168,买盘
314,09:50:55,15.2,-0.01,25,38024,卖盘
315,09:51:04,15.2,0.0,8,12160,卖盘
316,09:51:06,15.18,-0.02,8,12144,卖盘
317,09:51:10,15.21,0.03,5,7603,买盘
318,09:51:13,15.2,-0.01,3,4560,卖盘
319,09:51:16,15.21,0.01,38,57798,买盘
320,09:51:18,15.21,0.0,2,3042,买盘
321,09:51:21,15.21,0.0,6,9126,卖盘
322,09:51:24,15.2,-0.01,7,10642,卖盘
323,09:51:31,15.21,0.01,2,3042,买盘
324,09:51:37,15.2,-0.01,45,68456,卖盘
325,09:51:39,15.2,0.0,15,22800,卖盘
326,09:51:49,15.2,0.0,6,9120,买盘
327,09:51:51,15.2,0.0,3,4560,买盘
328,09:51:54,15.21,0.01,1,1521,买盘
329,09:51:58,15.22,0.01,4,6086,买盘
330,09:52:01,15.22,0.0,2,3044,买盘
331,09:52:04,15.22,0.0,7,10653,买盘
332,09:52:06,15.2,-0.02,18,27348,卖盘
333,09:52:10,15.2,0.0,1,1520,买盘
334,09:52:13,15.22,0.02,17,25803,买盘
335,09:52:15,15.22,0.0,39,59357,买盘
336,09:52:19,15.22,0.0,6,9131,买盘
337,09:52:22,15.22,0.0,3,4564,买盘
338,09:52:25,15.22,0.0,3,4566,买盘
339,09:52:28,15.22,0.0,25,38032,买盘
340,09:52:33,15.2,-0.02,1,1520,卖盘
341,09:52:36,15.21,0.01,35,53268,买盘
342,09:52:42,15.21,0.0,2,3042,卖盘
343,09:52:45,15.21,0.0,1,1521,卖盘
344,09:52:48,15.21,0.0,14,21303,卖盘
345,09:52:54,15.21,0.0,3,4563,买盘
346,09:52:57,15.2,-0.01,34,51721,卖盘
347,09:53:00,15.2,0.0,2,3040,买盘
348,09:53:04,15.2,0.0,2,3040,买盘
349,09:53:06,15.2,0.0,8,12163,卖盘
350,09:53:13,15.2,0.0,12,18240,买盘
351,09:53:19,15.2,0.0,7,10616,买盘
352,09:53:25,15.2,0.0,6,9125,卖盘
353,09:53:27,15.22,0.02,70,106533,买盘
354,09:53:30,15.15,-0.07,8,12125,卖盘
355,09:53:49,15.2,0.05,4,6080,买盘
356,09:53:54,15.2,0.0,1,1520,卖盘
357,09:53:57,15.21,0.01,24,36498,买盘
358,09:54:00,15.21,0.0,5,7605,卖盘
359,09:54:04,15.21,0.0,5,7605,买盘
360,09:54:07,15.16,-0.05,12,18188,卖盘
361,09:54:10,15.16,0.0,3,4548,买盘
362,09:54:18,15.21,0.05,19,28887,买盘
363,09:54:21,15.2,-0.01,31,47150,卖盘
364,09:54:25,15.2,0.0,3,4560,买盘
365,09:54:27,15.16,-0.04,2,3032,卖盘
366,09:54:48,15.21,0.05,22,33457,买盘
367,09:54:51,15.16,-0.05,7,10612,卖盘
368,09:55:06,15.16,0.0,8,12128,卖盘
369,09:55:09,15.16,0.0,1,652,卖盘
370,09:55:21,15.19,0.03,2,3038,买盘
371,09:55:28,15.21,0.02,37,56243,买盘
372,09:55:31,15.21,0.0,2,3042,卖盘
373,09:55:33,15.21,0.0,10,15210,卖盘
374,09:55:36,15.21,0.0,1,1521,卖盘
375,09:55:39,15.21,0.0,18,27378,卖盘
376,09:55:49,15.16,-0.05,12,18192,卖盘
377,09:55:51,15.21,0.05,8,12168,买盘
378,09:55:54,15.16,-0.05,6,9096,买盘
379,09:56:00,15.2,0.04,1,1520,买盘
380,09:56:04,15.2,0.0,1,1520,买盘
381,09:56:06,15.2,0.0,15,22800,买盘
382,09:56:09,15.17,-0.03,8,12136,卖盘
383,09:56:19,15.17,0.0,1,1517,卖盘
384,09:56:22,15.2,0.03,14,21253,买盘
385,09:56:25,15.2,0.0,5,7601,卖盘
386,09:56:28,15.21,0.01,24,36450,买盘
387,09:56:30,15.21,0.0,1,1521,买盘
388,09:56:33,15.21,0.0,1,1521,买盘
389,09:56:51,15.18,-0.03,7,10641,中性盘
390,09:56:58,15.21,0.03,29,44109,买盘
391,09:57:00,15.21,0.0,40,60878,买盘
392,09:57:04,15.22,0.01,3,4564,买盘
393,09:57:07,15.23,0.01,1,1523,买盘
394,09:57:09,15.21,-0.02,4,6084,卖盘
395,09:57:13,15.18,-0.03,4,6080,卖盘
396,09:57:15,15.21,0.03,1,1521,买盘
397,09:57:19,15.17,-0.04,14,21259,卖盘
398,09:57:22,15.21,0.04,13,19768,买盘
399,09:57:24,15.2,-0.01,1,1520,卖盘
400,09:57:31,15.2,0.0,5,7600,买盘
401,09:57:36,15.2,0.0,6,9120,买盘
402,09:57:39,15.21,0.01,1,1521,买盘
403,09:57:45,15.21,0.0,1,1521,买盘
404,09:57:51,15.21,0.0,2,3042,买盘
405,09:57:57,15.21,0.0,1,1521,卖盘
406,09:58:00,15.21,0.0,1,1521,卖盘
407,09:58:06,15.21,0.0,1,1521,卖盘
408,09:58:09,15.21,0.0,8,12168,卖盘
409,09:58:13,15.18,-0.03,1,1518,卖盘
410,09:58:21,15.21,0.03,8,12173,买盘
411,09:58:24,15.21,0.0,5,7605,卖盘
412,09:58:27,15.23,0.02,31,47202,买盘
413,09:58:30,15.21,-0.02,2,3039,中性盘
414,09:58:48,15.18,-0.03,12,18216,卖盘
415,09:58:51,15.2,0.02,10,15194,买盘
416,09:58:55,15.18,-0.02,11,16698,买盘
417,09:58:57,15.2,0.02,2,3040,买盘
418,09:59:00,15.2,0.0,1,1520,买盘
419,09:59:04,15.2,0.0,2,3040,买盘
420,09:59:09,15.18,-0.02,8,12144,卖盘
421,09:59:21,15.2,0.02,12,18226,买盘
422,09:59:51,15.2,0.0,7,10640,买盘
423,09:59:58,15.22,0.02,21,31942,买盘
424,10:00:00,15.22,0.0,8,12176,卖盘
425,10:00:04,15.22,0.0,4,6088,买盘
426,10:00:06,15.21,-0.01,8,12168,卖盘
427,10:00:09,15.18,-0.03,2,3036,卖盘
428,10:00:16,15.18,0.0,14,21256,卖盘
429,10:00:22,15.18,0.0,18,27313,卖盘
430,10:00:25,15.21,0.03,23,34932,买盘
431,10:00:33,15.18,-0.03,4,6072,卖盘
432,10:00:39,15.18,0.0,5,7590,卖盘
433,10:00:43,15.2,0.02,1,1520,买盘
434,10:00:48,15.2,0.0,7,10640,买盘
435,10:00:51,15.2,0.0,8,12151,买盘
436,10:00:57,15.17,-0.03,3,4551,卖盘
437,10:01:01,15.17,0.0,3,4551,卖盘
438,10:01:04,15.19,0.02,1,1519,中性盘
439,10:01:09,15.17,-0.02,8,12136,卖盘
440,10:01:12,15.17,0.0,8,12136,卖盘
441,10:01:24,15.2,0.03,16,24307,买盘
442,10:01:27,15.17,-0.03,2,3034,卖盘
443,10:01:30,15.21,0.04,32,48643,买盘
444,10:01:42,15.17,-0.04,2,3034,卖盘
445,10:01:49,15.17,0.0,17,25789,卖盘
446,10:01:52,15.17,0.0,1,1517,买盘
447,10:01:54,15.17,0.0,8,12136,买盘
448,10:01:57,15.17,0.0,26,39433,买盘
449,10:02:00,15.18,0.01,1,1518,买盘
450,10:02:04,15.16,-0.02,11,16678,卖盘
451,10:02:06,15.18,0.02,2,3036,买盘
452,10:02:09,15.18,0.0,9,13646,买盘
453,10:02:24,15.18,0.0,1,1518,买盘
454,10:02:42,15.18,0.0,6,9108,卖盘
455,10:02:48,15.18,0.0,4,6072,买盘
456,10:02:54,15.18,0.0,2,3036,买盘
457,10:02:57,15.2,0.02,21,31920,买盘
458,10:03:01,15.2,0.0,9,13680,卖盘
459,10:03:04,15.2,0.0,4,6080,卖盘
460,10:03:06,15.2,0.0,3,4560,卖盘
461,10:03:09,15.2,0.0,2,3040,卖盘
462,10:03:12,15.17,-0.03,19,28866,卖盘
463,10:03:15,15.17,0.0,4,6068,买盘
464,10:03:19,15.16,-0.01,2,3033,卖盘
465,10:03:21,15.16,0.0,42,63732,卖盘
466,10:03:24,15.21,0.05,5,7603,买盘
467,10:03:27,15.22,0.01,12,18232,买盘
468,10:03:33,15.17,-0.05,1,1517,卖盘
469,10:03:45,15.17,0.0,13,19721,卖盘
470,10:03:52,15.2,0.03,8,12160,买盘
471,10:03:55,15.17,-0.03,8,12154,卖盘
472,10:04:00,15.17,0.0,8,12136,卖盘
473,10:04:04,15.21,0.04,2,3042,买盘
474,10:04:09,15.17,-0.04,10,15170,卖盘
475,10:04:12,15.21,0.04,3,4563,买盘
476,10:04:25,15.21,0.0,7,10647,买盘
477,10:04:28,15.21,0.0,1,1521,买盘
478,10:04:31,15.21,0.0,30,45620,买盘
479,10:04:52,15.16,-0.05,12,18192,卖盘
480,10:04:54,15.2,0.04,7,10640,买盘
481,10:05:00,15.16,-0.04,8,12128,卖盘
482,10:05:04,15.16,0.0,4,6068,卖盘
483,10:05:24,15.22,0.06,41,62375,买盘
484,10:05:27,15.2,-0.02,6,9120,卖盘
485,10:05:42,15.2,0.0,10,15200,卖盘
486,10:05:54,15.21,0.01,7,10647,买盘
487,10:06:00,15.2,-0.01,37,56269,卖盘
488,10:06:04,15.2,0.0,5,7602,卖盘
489,10:06:07,15.17,-0.03,3,4557,卖盘
490,10:06:12,15.2,0.03,1,1520,买盘
491,10:06:21,15.17,-0.03,12,18214,卖盘
492,10:06:24,15.19,0.02,5,7595,买盘
493,10:06:33,15.17,-0.02,9,13667,卖盘
494,10:06:36,15.19,0.02,11,16709,卖盘
495,10:06:42,15.2,0.01,5,7600,买盘
496,10:06:45,15.2,0.0,6,9120,买盘
497,10:06:48,15.2,0.0,34,51687,卖盘
498,10:06:51,15.21,0.01,7,11159,买盘
499,10:06:54,15.22,0.01,8,12176,买盘
500,10:06:57,15.22,0.0,3,4564,买盘
501,10:07:00,15.21,-0.01,11,16735,卖盘
502,10:07:04,15.21,0.0,2,3042,买盘
503,10:07:07,15.21,0.0,1,1521,卖盘
504,10:07:09,15.22,0.01,6,9132,买盘
505,10:07:13,15.21,-0.01,1,1521,卖盘
506,10:07:15,15.22,0.01,8,12175,买盘
507,10:07:22,15.21,-0.01,2,3043,卖盘
508,10:07:24,15.22,0.01,8,12176,买盘
509,10:07:27,15.21,-0.01,1,1521,卖盘
510,10:07:30,15.23,0.02,30,45680,买盘
511,10:07:36,15.23,0.0,2,3046,卖盘
512,10:07:42,15.24,0.01,23,35051,买盘
513,10:07:45,15.24,0.0,21,32004,卖盘
514,10:07:51,15.21,-0.03,6,9127,卖盘
515,10:07:54,15.21,0.0,7,10647,买盘
516,10:07:57,15.2,-0.01,1,1520,卖盘
517,10:08:00,15.21,0.01,11,16731,卖盘
518,10:08:06,15.21,0.0,1,1521,卖盘
519,10:08:10,15.22,0.01,1,1522,买盘
520,10:08:13,15.21,-0.01,1,1521,卖盘
521,10:08:15,15.21,0.0,1,1521,卖盘
522,10:08:21,15.22,0.01,13,19783,买盘
523,10:08:27,15.23,0.01,3,4567,买盘
524,10:08:30,15.23,0.0,3,4569,卖盘
525,10:08:39,15.23,0.0,2,3046,买盘
526,10:08:42,15.22,-0.01,2,3044,卖盘
527,10:08:45,15.22,0.0,1,1522,卖盘
528,10:08:48,15.22,0.0,1,1522,卖盘
529,10:08:51,15.22,0.0,1,1522,卖盘
530,10:08:54,15.22,0.0,11,16742,卖盘
531,10:08:58,15.23,0.01,7,10660,买盘
532,10:09:01,15.22,-0.01,44,67032,卖盘
533,10:09:04,15.25,0.03,27,41175,买盘
534,10:09:06,15.22,-0.03,11,16765,卖盘
535,10:09:09,15.22,0.0,1,1522,卖盘
536,10:09:22,15.22,0.0,12,18264,卖盘
537,10:09:25,15.21,-0.01,49,74568,卖盘
538,10:09:27,15.21,0.0,6,9126,买盘
539,10:09:39,15.21,0.0,14,21293,买盘
540,10:09:42,15.2,-0.01,1,1520,卖盘
541,10:09:45,15.2,0.0,1,1520,卖盘
542,10:09:51,15.2,0.0,1,1520,卖盘
543,10:09:57,15.21,0.01,8,12167,买盘
544,10:10:00,15.2,-0.01,8,12160,卖盘
545,10:10:04,15.2,0.0,1,1520,买盘
546,10:10:21,15.2,0.0,9,13677,买盘
547,10:10:27,15.2,0.0,6,9120,买盘
548,10:10:30,15.2,0.0,30,45600,买盘
549,10:10:36,15.19,-0.01,1,1519,卖盘
550,10:10:48,15.19,0.0,6,9114,卖盘
551,10:10:51,15.17,-0.02,12,18204,卖盘
552,10:10:58,15.2,0.03,7,10640,买盘
553,10:11:04,15.2,0.0,10,15184,买盘
554,10:11:09,15.2,0.0,1,1520,买盘
555,10:11:15,15.18,-0.02,10,15180,卖盘
556,10:11:27,15.19,0.01,5,7595,中性盘
557,10:11:42,15.19,0.0,4,6076,买盘
558,10:11:49,15.2,0.01,12,18240,买盘
559,10:11:51,15.2,0.0,62,94240,买盘
560,10:11:55,15.21,0.01,26,39546,买盘
561,10:11:58,15.22,0.01,31,47169,买盘
562,10:12:00,15.22,0.0,32,48703,买盘
563,10:12:04,15.24,0.02,10,15224,买盘
564,10:12:07,15.24,0.0,7,10667,买盘
565,10:12:09,15.24,0.0,4,6096,买盘
566,10:12:12,15.23,-0.01,1,1523,卖盘
567,10:12:16,15.24,0.01,4,6096,买盘
568,10:12:21,15.24,0.0,1,1524,卖盘
569,10:12:24,15.23,-0.01,12,18276,卖盘
570,10:12:28,15.24,0.01,5,7620,中性盘
571,10:12:30,15.23,-0.01,7,10666,卖盘
572,10:12:34,15.24,0.01,3,4572,买盘
573,10:12:42,15.24,0.0,2,3047,买盘
574,10:12:45,15.24,0.0,1,1524,卖盘
575,10:12:48,15.23,-0.01,8,12190,卖盘
576,10:12:58,15.24,0.01,2,3047,买盘
577,10:13:00,15.24,0.0,5,7620,卖盘
578,10:13:03,15.23,-0.01,5,7615,卖盘
579,10:13:07,15.23,0.0,2,3046,卖盘
580,10:13:12,15.22,-0.01,1,1522,卖盘
581,10:13:15,15.22,0.0,1,1522,卖盘
582,10:13:24,15.22,0.0,1,1522,买盘
583,10:13:28,15.23,0.01,2,3044,买盘
584,10:13:30,15.24,0.01,30,45717,买盘
585,10:13:45,15.21,-0.03,10,15210,卖盘
586,10:13:51,15.21,0.0,13,19773,卖盘
587,10:13:54,15.21,0.0,3,4563,卖盘
588,10:13:58,15.21,0.0,1,1521,卖盘
589,10:14:01,15.21,0.0,7,10653,卖盘
590,10:14:04,15.22,0.01,11,16734,中性盘
591,10:14:21,15.2,-0.02,4,6080,卖盘
592,10:14:25,15.2,0.0,11,16720,卖盘
593,10:14:28,15.2,0.0,4,6080,卖盘
594,10:14:30,15.2,0.0,9,13686,卖盘
595,10:14:36,15.2,0.0,3,4560,卖盘
596,10:14:42,15.2,0.0,13,19760,卖盘
597,10:14:45,15.2,0.0,2,3040,卖盘
598,10:14:51,15.22,0.02,9,13689,买盘
599,10:15:01,15.22,0.0,6,9131,买盘
600,10:15:04,15.22,0.0,14,21308,买盘
601,10:15:06,15.22,0.0,4,6088,卖盘
602,10:15:12,15.22,0.0,1,1522,卖盘
603,10:15:15,15.22,0.0,1,1522,卖盘
604,10:15:21,15.18,-0.04,27,41054,卖盘
605,10:15:30,15.2,0.02,9,13687,卖盘
606,10:15:33,15.23,0.03,26,39583,买盘
607,10:16:01,15.22,-0.01,6,9132,买盘
608,10:16:04,15.2,-0.02,6,9121,卖盘
609,10:16:07,15.2,0.0,2,3040,买盘
610,10:16:16,15.2,0.0,2,3040,买盘
611,10:16:27,15.2,0.0,6,9120,卖盘
612,10:16:30,15.2,0.0,5,7600,买盘
613,10:16:33,15.22,0.02,2,3044,买盘
614,10:16:36,15.22,0.0,4,6088,卖盘
615,10:16:39,15.22,0.0,2,3044,卖盘
616,10:16:42,15.22,0.0,3,4566,卖盘
617,10:16:45,15.22,0.0,3,4567,卖盘
618,10:16:48,15.22,0.0,3,4566,卖盘
619,10:16:52,15.22,0.0,2,3044,卖盘
620,10:16:57,15.22,0.0,2,3044,卖盘
621,10:17:00,15.22,0.0,12,18274,卖盘
622,10:17:04,15.22,0.0,2,3044,卖盘
623,10:17:06,15.23,0.01,25,38051,买盘
624,10:17:24,15.18,-0.05,3,4554,卖盘
625,10:17:30,15.22,0.04,5,7610,买盘
626,10:17:36,15.22,0.0,4,6088,卖盘
627,10:18:00,15.21,-0.01,5,7605,买盘
628,10:18:04,15.22,0.01,3,4565,买盘
629,10:18:07,15.22,0.0,3,4566,卖盘
630,10:18:12,15.22,0.0,2,3044,卖盘
631,10:18:15,15.22,0.0,9,13698,卖盘
632,10:18:21,15.22,0.0,1,1522,卖盘
633,10:18:24,15.22,0.0,12,18264,卖盘
634,10:18:27,15.21,-0.01,1,1521,卖盘
635,10:18:30,15.22,0.01,23,35006,买盘
636,10:18:33,15.22,0.0,2,3044,卖盘
637,10:18:36,15.22,0.0,10,15220,卖盘
638,10:18:42,15.22,0.0,16,24352,卖盘
639,10:18:51,15.21,-0.01,1,1521,卖盘
640,10:18:57,15.21,0.0,3,4563,卖盘
641,10:19:00,15.21,0.0,1,1521,买盘
642,10:19:03,15.21,0.0,7,10647,买盘
643,10:19:12,15.2,-0.01,8,12160,卖盘
644,10:19:19,15.2,0.0,1,1520,买盘
645,10:19:24,15.18,-0.02,4,6072,卖盘
646,10:19:27,15.18,0.0,3,4554,卖盘
647,10:19:30,15.2,0.02,2,3040,买盘
648,10:19:33,15.21,0.01,15,22815,买盘
649,10:19:36,15.21,0.0,6,9126,卖盘
650,10:19:39,15.21,0.0,1,1521,卖盘
651,10:19:42,15.21,0.0,9,13689,卖盘
652,10:19:51,15.2,-0.01,4,6080,卖盘
653,10:19:54,15.18,-0.02,12,18216,卖盘
654,10:20:00,15.2,0.02,5,7600,买盘
655,10:20:09,15.21,0.01,4,6084,买盘
656,10:20:12,15.21,0.0,2,3042,卖盘
657,10:20:33,15.21,0.0,6,9126,买盘
658,10:20:36,15.2,-0.01,7,10641,卖盘
659,10:21:00,15.2,0.0,3,4560,买盘
660,10:21:04,15.21,0.01,13,19772,买盘
661,10:21:06,15.18,-0.03,35,53206,卖盘
662,10:21:09,15.21,0.03,3,4563,卖盘
663,10:21:18,15.18,-0.03,10,15180,卖盘
664,10:21:25,15.18,0.0,12,18216,卖盘
665,10:21:36,15.2,0.02,6,9120,卖盘
666,10:21:48,15.18,-0.02,7,10626,卖盘
667,10:21:54,15.2,0.02,17,25840,买盘
668,10:22:04,15.19,-0.01,8,12158,卖盘
669,10:22:06,15.19,0.0,2,3038,卖盘
670,10:22:12,15.19,0.0,2,3038,卖盘
671,10:22:21,15.19,0.0,11,16709,中性盘
672,10:22:24,15.19,0.0,37,56263,卖盘
673,10:22:27,15.19,0.0,23,34981,卖盘
674,10:22:34,15.22,0.03,33,50223,买盘
675,10:22:36,15.21,-0.01,3,4563,卖盘
676,10:22:42,15.19,-0.02,1,1519,卖盘
677,10:22:51,15.19,0.0,4,6076,卖盘
678,10:22:54,15.18,-0.01,12,18216,卖盘
679,10:23:01,15.18,0.0,4,6074,卖盘
680,10:23:04,15.2,0.02,5,7600,买盘
681,10:23:06,15.17,-0.03,9,13660,卖盘
682,10:23:09,15.2,0.03,1,1520,买盘
683,10:23:33,15.2,0.0,7,10640,买盘
684,10:23:36,15.17,-0.03,4,6068,卖盘
685,10:23:39,15.17,0.0,17,25789,卖盘
686,10:23:42,15.21,0.04,29,44054,买盘
687,10:24:04,15.21,0.0,16,24324,买盘
688,10:24:06,15.21,0.0,48,72548,卖盘
689,10:24:10,15.21,0.0,2,3437,卖盘
690,10:24:28,15.16,-0.05,12,18192,卖盘
691,10:24:31,15.16,0.0,2,3032,卖盘
692,10:24:33,15.21,0.05,7,10647,买盘
693,10:24:36,15.17,-0.04,4,6068,卖盘
694,10:24:42,15.17,0.0,8,12136,卖盘
695,10:24:54,15.17,0.0,3,4551,卖盘
696,10:25:00,15.17,0.0,27,40959,卖盘
697,10:25:04,15.17,0.0,8,12134,买盘
698,10:25:07,15.2,0.03,31,47058,买盘
699,10:25:15,15.17,-0.03,2,3034,卖盘
700,10:25:18,15.17,0.0,5,7585,卖盘
701,10:25:21,15.21,0.04,19,28888,买盘
702,10:25:30,15.17,-0.04,3,4551,卖盘
703,10:25:33,15.17,0.0,5,7585,买盘
704,10:25:36,15.17,0.0,2,3034,卖盘
705,10:25:39,15.16,-0.01,56,85138,卖盘
706,10:25:42,15.16,0.0,1,1516,卖盘
707,10:25:48,15.15,-0.01,15,22736,卖盘
708,10:26:03,15.2,0.05,5,7600,买盘
709,10:26:15,15.16,-0.04,12,18194,卖盘
710,10:26:21,15.16,0.0,34,51544,卖盘
711,10:26:24,15.19,0.03,35,53084,买盘
712,10:26:27,15.19,0.0,22,33418,买盘
713,10:26:30,15.15,-0.04,50,75775,卖盘
714,10:26:34,15.19,0.04,6,9114,买盘
715,10:26:36,15.15,-0.04,4,6060,卖盘
716,10:26:39,15.15,0.0,1,1515,卖盘
717,10:26:46,15.15,0.0,8,12120,卖盘
718,10:27:04,15.17,0.02,8,12136,买盘
719,10:27:07,15.16,-0.01,1,1516,卖盘
720,10:27:09,15.18,0.02,54,81958,买盘
721,10:27:12,15.2,0.02,34,51643,买盘
722,10:27:15,15.2,0.0,23,34960,买盘
723,10:27:18,15.16,-0.04,14,21224,卖盘
724,10:27:36,15.16,0.0,9,13659,卖盘
725,10:27:39,15.16,0.0,3,4548,卖盘
726,10:27:42,15.16,0.0,12,18192,卖盘
727,10:27:45,15.16,0.0,1,1516,卖盘
728,10:27:48,15.15,-0.01,5,7575,卖盘
729,10:27:54,15.15,0.0,10,15150,卖盘
730,10:28:03,15.15,0.0,11,16667,卖盘
731,10:28:06,15.19,0.04,4,6076,买盘
732,10:28:09,15.19,0.0,2,3038,卖盘
733,10:28:24,15.19,0.0,8,12146,买盘
734,10:28:36,15.15,-0.04,10,15171,卖盘
735,10:28:39,15.19,0.04,24,36456,买盘
736,10:28:43,15.21,0.02,31,47132,买盘
737,10:28:46,15.21,0.0,21,31937,买盘
738,10:28:49,15.19,-0.02,1,1519,卖盘
739,10:28:54,15.19,0.0,7,10633,卖盘
740,10:29:00,15.2,0.01,1,1520,买盘
741,10:29:06,15.2,0.0,3,4560,买盘
742,10:29:13,15.2,0.0,1,1520,卖盘
743,10:29:15,15.2,0.0,1,1520,卖盘
744,10:29:21,15.2,0.0,1,1520,卖盘
745,10:29:27,15.2,0.0,1,1520,卖盘
746,10:29:30,15.2,0.0,2,3041,卖盘
747,10:29:33,15.21,0.01,4,6084,买盘
748,10:29:36,15.2,-0.01,14,21288,卖盘
749,10:29:42,15.2,0.0,8,12160,卖盘
750,10:29:45,15.2,0.0,1,1520,卖盘
751,10:29:51,15.2,0.0,7,10640,买盘
752,10:29:54,15.2,0.0,2,3040,买盘
753,10:30:07,15.19,-0.01,2,3038,买盘
754,10:30:13,15.21,0.02,47,71476,买盘
755,10:30:16,15.21,0.0,8,12168,卖盘
756,10:30:18,15.16,-0.05,43,65353,卖盘
757,10:30:21,15.2,0.04,32,48560,中性盘
758,10:30:28,15.15,-0.05,10,15150,卖盘
759,10:30:36,15.15,0.0,10,15174,卖盘
760,10:30:39,15.15,0.0,2,3030,卖盘
761,10:30:42,15.15,0.0,8,12120,卖盘
762,10:30:45,15.15,0.0,12,18180,卖盘
763,10:31:06,15.19,0.04,5,7595,买盘
764,10:31:12,15.19,0.0,1,1519,买盘
765,10:31:36,15.16,-0.03,15,22770,卖盘
766,10:31:42,15.21,0.05,54,82119,买盘
767,10:31:46,15.21,0.0,36,54756,买盘
768,10:31:49,15.16,-0.05,38,57716,卖盘
769,10:31:52,15.16,0.0,1,1516,卖盘
770,10:31:54,15.16,0.0,11,16676,卖盘
771,10:31:57,15.16,0.0,2,3032,卖盘
772,10:32:06,15.2,0.04,4,6080,买盘
773,10:32:09,15.2,0.0,1,1520,卖盘
774,10:32:12,15.2,0.0,1,1520,卖盘
775,10:32:16,15.15,-0.05,13,19701,卖盘
776,10:32:30,15.16,0.01,7,10612,卖盘
777,10:32:36,15.2,0.04,9,13664,买盘
778,10:33:06,15.2,0.0,7,10640,买盘
779,10:33:13,15.2,0.0,55,83600,买盘
780,10:33:16,15.2,0.0,33,50160,买盘
781,10:33:18,15.15,-0.05,38,57694,卖盘
782,10:33:36,15.15,0.0,4,6060,卖盘
783,10:33:40,15.15,0.0,6,9115,卖盘
784,10:33:45,15.15,0.0,12,18180,卖盘
785,10:33:54,15.2,0.05,1,1520,买盘
786,10:34:01,15.2,0.0,1,1520,买盘
787,10:34:09,15.2,0.0,7,10640,买盘
788,10:34:12,15.2,0.0,10,15165,买盘
789,10:34:24,15.2,0.0,1,1520,买盘
790,10:34:36,15.15,-0.05,4,6060,卖盘
791,10:34:39,15.2,0.05,59,89680,买盘
792,10:34:42,15.2,0.0,32,48640,买盘
793,10:34:45,15.2,0.0,20,30400,买盘
794,10:34:48,15.15,-0.05,1,1515,卖盘
795,10:34:51,15.2,0.05,16,24250,买盘
796,10:34:55,15.2,0.0,1,1520,买盘
797,10:34:57,15.15,-0.05,49,74235,卖盘
798,10:35:09,15.2,0.05,5,7600,买盘
799,10:35:15,15.15,-0.05,12,18180,卖盘
800,10:35:24,15.19,0.04,1,1519,买盘
801,10:35:27,15.19,0.0,1,1519,买盘
802,10:35:31,15.19,0.0,1,1519,买盘
803,10:35:34,15.15,-0.04,3,4549,卖盘
804,10:35:36,15.15,0.0,5,7575,卖盘
805,10:35:39,15.19,0.04,9,13671,买盘
806,10:35:54,15.15,-0.04,1,1515,卖盘
807,10:35:57,15.18,0.03,1,1518,买盘
808,10:36:00,15.15,-0.03,17,25755,卖盘
809,10:36:04,15.19,0.04,31,47061,买盘
810,10:36:06,15.2,0.01,21,31905,买盘
811,10:36:12,15.19,-0.01,60,91195,卖盘
812,10:36:22,15.14,-0.05,16,24224,卖盘
813,10:36:24,15.14,0.0,7,10598,卖盘
814,10:36:27,15.14,0.0,9,13626,买盘
815,10:36:30,15.13,-0.01,25,37825,卖盘
816,10:36:33,15.14,0.01,31,46934,买盘
817,10:36:36,15.12,-0.02,25,37842,卖盘
818,10:36:40,15.14,0.02,8,12112,买盘
819,10:36:43,15.14,0.0,2,3028,买盘
820,10:36:45,15.11,-0.03,15,22685,卖盘
821,10:37:09,15.18,0.07,6,9108,买盘
822,10:37:33,15.18,0.0,1,1518,买盘
823,10:37:37,15.12,-0.06,4,6048,卖盘
824,10:37:39,15.19,0.07,61,92617,买盘
825,10:37:45,15.13,-0.06,2,3026,卖盘
826,10:37:51,15.12,-0.01,15,22686,卖盘
827,10:37:54,15.13,0.01,14,21182,买盘
828,10:37:58,15.16,0.03,1,1516,卖盘
829,10:38:00,15.16,0.0,12,18195,卖盘
830,10:38:04,15.18,0.02,20,30360,买盘
831,10:38:06,15.18,0.0,29,44022,买盘
832,10:38:09,15.17,-0.01,9,13658,卖盘
833,10:38:12,15.17,0.0,3,4551,买盘
834,10:38:16,15.17,0.0,1,1517,卖盘
835,10:38:19,15.18,0.01,17,25781,买盘
836,10:38:21,15.18,0.0,11,16698,买盘
837,10:38:27,15.18,0.0,2,3036,买盘
838,10:38:31,15.18,0.0,1,1518,买盘
839,10:38:36,15.14,-0.04,4,6056,卖盘
840,10:38:40,15.19,0.05,9,13663,买盘
841,10:39:09,15.19,0.0,6,9114,买盘
842,10:39:13,15.19,0.0,54,82026,买盘
843,10:39:15,15.19,0.0,28,42532,买盘
844,10:39:18,15.2,0.01,32,48635,买盘
845,10:39:21,15.13,-0.07,15,22709,卖盘
846,10:39:36,15.13,0.0,11,16643,卖盘
847,10:39:39,15.2,0.07,5,7591,买盘
848,10:39:45,15.13,-0.07,11,16643,卖盘
849,10:39:49,15.12,-0.01,12,18148,卖盘
850,10:39:52,15.19,0.07,1,1519,买盘
851,10:40:09,15.18,-0.01,4,6072,买盘
852,10:40:12,15.18,0.0,2,3036,卖盘
853,10:40:21,15.19,0.01,3,4557,买盘
854,10:40:24,15.19,0.0,3,4557,卖盘
855,10:40:27,15.19,0.0,2,3038,卖盘
856,10:40:36,15.19,0.0,4,6076,卖盘
857,10:40:39,15.2,0.01,5,7600,买盘
858,10:40:42,15.2,0.0,55,83600,买盘
859,10:40:45,15.21,0.01,54,82107,买盘
860,10:40:51,15.19,-0.02,8,12153,卖盘
861,10:40:54,15.19,0.0,6,9114,买盘
862,10:41:00,15.17,-0.02,3,4553,卖盘
863,10:41:09,15.19,0.02,5,7595,买盘
864,10:41:18,15.19,0.0,14,21221,买盘
865,10:41:21,15.19,0.0,1,1519,卖盘
866,10:41:24,15.19,0.0,2,3038,卖盘
867,10:41:37,15.14,-0.05,4,6056,卖盘
868,10:41:40,15.14,0.0,2,3028,卖盘
869,10:41:42,15.14,0.0,16,24260,卖盘
870,10:42:09,15.18,0.04,11,16674,买盘
871,10:42:12,15.2,0.02,37,56203,买盘
872,10:42:15,15.19,-0.01,32,48660,卖盘
873,10:42:18,15.21,0.02,23,34983,买盘
874,10:42:21,15.19,-0.02,1,1519,卖盘
875,10:42:27,15.19,0.0,11,16709,卖盘
876,10:42:36,15.19,0.0,9,13671,卖盘
877,10:42:42,15.21,0.02,7,10647,买盘
878,10:42:49,15.14,-0.07,12,18218,卖盘
879,10:43:09,15.14,0.0,7,10598,卖盘
880,10:43:12,15.21,0.07,5,7605,买盘
881,10:43:30,15.21,0.0,1,1521,买盘
882,10:43:36,15.15,-0.06,4,6060,卖盘
883,10:43:42,15.21,0.06,66,100326,买盘
884,10:43:45,15.15,-0.06,34,51708,卖盘
885,10:43:48,15.19,0.04,12,18228,中性盘
886,10:43:51,15.15,-0.04,16,24276,卖盘
887,10:43:57,15.21,0.06,1,1521,买盘
888,10:44:00,15.21,0.0,1,1521,买盘
889,10:44:04,15.21,0.0,10,15210,买盘
890,10:44:12,15.21,0.0,6,9126,买盘
891,10:44:18,15.2,-0.01,16,24272,买盘
892,10:44:36,15.16,-0.04,4,6064,卖盘
893,10:44:42,15.19,0.03,6,9114,买盘
894,10:44:45,15.19,0.0,1,1519,卖盘
895,10:44:57,15.2,0.01,2,3040,买盘
896,10:45:00,15.2,0.0,7,10640,卖盘
897,10:45:03,15.2,0.0,2,3040,买盘
898,10:45:12,15.21,0.01,11,16576,买盘
899,10:45:15,15.21,0.0,15,22815,卖盘
900,10:45:18,15.21,0.0,14,21295,卖盘
901,10:45:21,15.21,0.0,1,1521,卖盘
902,10:45:24,15.21,0.0,9,13694,卖盘
903,10:45:27,15.22,0.01,33,50226,买盘
904,10:45:30,15.21,-0.01,21,31960,卖盘
905,10:45:33,15.21,0.0,6,9126,卖盘
906,10:45:36,15.21,0.0,4,6084,卖盘
907,10:45:42,15.22,0.01,5,7610,买盘
908,10:45:48,15.2,-0.02,12,18247,卖盘
909,10:46:15,15.21,0.01,6,9126,买盘
910,10:46:27,15.21,0.0,1,1521,买盘
911,10:46:33,15.2,-0.01,9,13680,卖盘
912,10:46:39,15.2,0.0,4,6080,卖盘
913,10:46:42,15.22,0.02,55,83707,买盘
914,10:46:45,15.2,-0.02,9,13687,卖盘
915,10:46:48,15.2,0.0,33,50160,买盘
916,10:46:51,15.16,-0.04,34,51639,卖盘
917,10:46:55,15.21,0.05,1,1521,买盘
918,10:47:15,15.21,0.0,6,9126,买盘
919,10:47:21,15.21,0.0,14,21244,买盘
920,10:47:24,15.17,-0.04,5,7589,卖盘
921,10:47:27,15.17,0.0,3,4551,买盘
922,10:47:36,15.17,0.0,3,4551,卖盘
923,10:47:42,15.17,0.0,5,7582,买盘
924,10:47:46,15.17,0.0,11,16687,买盘
925,10:47:48,15.2,0.03,2,3037,买盘
926,10:48:12,15.21,0.01,45,68436,买盘
927,10:48:15,15.21,0.0,37,56306,卖盘
928,10:48:18,15.21,0.0,21,31961,卖盘
929,10:48:24,15.2,-0.01,9,13683,卖盘
930,10:48:36,15.17,-0.03,2,3034,卖盘
931,10:48:39,15.2,0.03,5,7589,买盘
932,10:48:45,15.2,0.0,8,12160,买盘
933,10:48:51,15.16,-0.04,12,18192,卖盘
934,10:48:57,15.17,0.01,3,4551,卖盘
935,10:49:00,15.17,0.0,4,6068,买盘
936,10:49:06,15.16,-0.01,3,4549,卖盘
937,10:49:15,15.21,0.05,9,13688,买盘
938,10:49:24,15.21,0.0,1,1521,买盘
939,10:49:33,15.16,-0.05,2,3032,卖盘
940,10:49:36,15.16,0.0,4,6064,卖盘
941,10:49:42,15.22,0.06,39,59347,买盘
942,10:49:45,15.23,0.01,44,66997,买盘
943,10:49:48,15.22,-0.01,20,30459,卖盘
944,10:49:54,15.22,0.0,15,22825,卖盘
945,10:50:00,15.21,-0.01,1,1521,卖盘
946,10:50:03,15.21,0.0,2,3042,卖盘
947,10:50:06,15.21,0.0,1,1521,买盘
948,10:50:15,15.21,0.0,7,10647,买盘
949,10:50:18,15.16,-0.05,12,18192,卖盘
950,10:50:27,15.16,0.0,7,10612,卖盘
951,10:50:30,15.21,0.05,1,1521,买盘
952,10:50:36,15.17,-0.04,2,3034,卖盘
953,10:50:39,15.16,-0.01,122,184960,卖盘
954,10:50:42,15.2,0.04,1,1520,中性盘
955,10:50:45,15.21,0.01,74,112581,买盘
956,10:51:12,15.23,0.02,56,85283,买盘
957,10:51:15,15.2,-0.03,14,21298,卖盘
958,10:51:24,15.22,0.02,17,25800,买盘
959,10:51:28,15.23,0.01,20,30459,买盘
960,10:51:31,15.23,0.0,31,47213,买盘
961,10:51:33,15.2,-0.03,7,10640,卖盘
962,10:51:37,15.2,0.0,13,19760,卖盘
963,10:51:45,15.2,0.0,5,7600,买盘
964,10:51:48,15.16,-0.04,45,68406,卖盘
965,10:51:57,15.21,0.05,3,4563,买盘
966,10:52:01,15.21,0.0,1,1521,买盘
967,10:52:12,15.23,0.02,31,47195,买盘
968,10:52:15,15.2,-0.03,12,18216,买盘
969,10:52:18,15.24,0.04,21,31995,买盘
970,10:52:21,15.24,0.0,30,45719,买盘
971,10:52:30,15.24,0.0,43,65530,买盘
972,10:52:36,15.22,-0.02,2,3044,买盘
973,10:52:39,15.2,-0.02,4,6080,卖盘
974,10:52:42,15.25,0.05,54,82326,买盘
975,10:52:48,15.25,0.0,55,83864,买盘
976,10:52:51,15.25,0.0,61,93024,买盘
977,10:52:54,15.17,-0.08,15,22779,卖盘
978,10:53:12,15.25,0.08,43,65556,买盘
979,10:53:18,15.18,-0.07,18,27381,卖盘
980,10:53:24,15.18,0.0,13,19734,卖盘
981,10:53:30,15.25,0.07,35,53354,买盘
982,10:53:33,15.26,0.01,55,83907,买盘
983,10:53:39,15.18,-0.08,4,6072,卖盘
984,10:53:48,15.25,0.07,38,57950,买盘
985,10:53:54,15.2,-0.05,1,1520,卖盘
986,10:54:09,15.24,0.04,4,6096,买盘
987,10:54:12,15.26,0.02,58,88465,买盘
988,10:54:15,15.26,0.0,83,126658,买盘
989,10:54:18,15.27,0.01,53,80222,买盘
990,10:54:21,15.26,-0.01,5,7630,卖盘
991,10:54:24,15.25,-0.01,15,23591,卖盘
992,10:54:27,15.24,-0.01,2,3049,卖盘
993,10:54:30,15.25,0.01,1,1525,买盘
994,10:54:33,15.24,-0.01,1,1524,卖盘
995,10:54:36,15.27,0.03,33,50347,买盘
996,10:54:39,15.24,-0.03,11,16768,卖盘
997,10:54:45,15.27,0.03,40,60378,买盘
998,10:54:48,15.27,0.0,1,1527,卖盘
999,10:54:51,15.27,0.0,22,33594,卖盘
1000,10:54:54,15.28,0.01,30,45840,买盘
1001,10:54:57,15.27,-0.01,2,3054,卖盘
1002,10:55:09,15.28,0.01,146,223088,买盘
1003,10:55:12,15.28,0.0,12,18336,卖盘
1004,10:55:15,15.29,0.01,1,1529,买盘
1005,10:55:18,15.29,0.0,6,9174,买盘
1006,10:55:22,15.29,0.0,12,18348,买盘
1007,10:55:33,15.28,-0.01,4,6112,卖盘
1008,10:55:36,15.29,0.01,1,1529,买盘
1009,10:55:39,15.28,-0.01,4,6112,卖盘
1010,10:55:45,15.29,0.01,81,123849,买盘
1011,10:55:48,15.29,0.0,23,35174,卖盘
1012,10:55:51,15.29,0.0,10,15290,卖盘
1013,10:55:54,15.3,0.01,32,48944,买盘
1014,10:55:57,15.3,0.0,8,12240,买盘
1015,10:56:00,15.29,-0.01,1,1529,卖盘
1016,10:56:03,15.29,0.0,22,33640,卖盘
1017,10:56:06,15.3,0.01,3,4590,买盘
1018,10:56:16,15.29,-0.01,8,12232,卖盘
1019,10:56:19,15.29,0.0,25,38230,卖盘
1020,10:56:21,15.29,0.0,49,74921,卖盘
1021,10:56:24,15.3,0.01,3,4589,买盘
1022,10:56:30,15.29,-0.01,19,29064,卖盘
1023,10:56:33,15.29,0.0,1,1529,买盘
1024,10:56:39,15.28,-0.01,4,6112,卖盘
1025,10:56:42,15.29,0.01,1,1529,买盘
1026,10:56:48,15.29,0.0,9,13761,买盘
1027,10:56:51,15.29,0.0,3,4587,买盘
1028,10:57:04,15.28,-0.01,10,15280,卖盘
1029,10:57:15,15.3,0.02,56,85626,买盘
1030,10:57:18,15.28,-0.02,30,45845,卖盘
1031,10:57:21,15.28,0.0,2,3056,卖盘
1032,10:57:24,15.28,0.0,15,22920,卖盘
1033,10:57:27,15.28,0.0,16,24448,卖盘
1034,10:57:30,15.3,0.02,64,97798,买盘
1035,10:57:33,15.27,-0.03,16,24433,卖盘
1036,10:57:39,15.27,0.0,4,6108,卖盘
1037,10:57:45,15.27,0.0,19,29013,卖盘
1038,10:57:48,15.28,0.01,15,22910,买盘
1039,10:57:51,15.27,-0.01,42,64134,卖盘
1040,10:57:54,15.28,0.01,33,50412,买盘
1041,10:57:57,15.28,0.0,4,6112,卖盘
1042,10:58:01,15.28,0.0,8,12224,卖盘
1043,10:58:06,15.28,0.0,33,50424,卖盘
1044,10:58:09,15.2,-0.08,33,50284,卖盘
1045,10:58:12,15.27,0.07,3,4581,卖盘
1046,10:58:18,15.28,0.01,8,12224,买盘
1047,10:58:30,15.27,-0.01,3,4581,中性盘
1048,10:58:34,15.27,0.0,1,1527,买盘
1049,10:58:39,15.21,-0.06,4,6084,卖盘
1050,10:58:42,15.28,0.07,55,84030,买盘
1051,10:58:45,15.28,0.0,41,62648,买盘
1052,10:58:48,15.29,0.01,6,9173,买盘
1053,10:58:51,15.28,-0.01,2,3056,卖盘
1054,10:58:54,15.21,-0.07,42,64041,卖盘
1055,10:58:57,15.22,0.01,14,21308,中性盘
1056,10:59:09,15.28,0.06,1,1528,买盘
1057,10:59:18,15.28,0.0,9,13743,买盘
1058,10:59:21,15.21,-0.07,19,28899,卖盘
1059,10:59:24,15.27,0.06,4,6108,买盘
1060,10:59:39,15.22,-0.05,4,6088,卖盘
1061,10:59:51,15.22,0.0,12,18299,卖盘
1062,10:59:55,15.22,0.0,1,1522,卖盘
1063,11:00:10,15.27,0.05,54,82458,买盘
1064,11:00:13,15.28,0.01,125,190998,买盘
1065,11:00:16,15.3,0.02,71,108582,买盘
1066,11:00:19,15.29,-0.01,67,102508,卖盘
1067,11:00:22,15.29,0.0,50,76499,卖盘
1068,11:00:25,15.3,0.01,45,68842,买盘
1069,11:00:28,15.29,-0.01,86,131579,卖盘
1070,11:00:31,15.3,0.01,17,26009,买盘
1071,11:00:33,15.3,0.0,13,19890,买盘
1072,11:00:40,15.32,0.02,19,29091,买盘
1073,11:00:43,15.32,0.0,6,9192,买盘
1074,11:00:46,15.32,0.0,51,78132,买盘
1075,11:00:49,15.32,0.0,1,1532,卖盘
1076,11:00:52,15.33,0.01,5,7665,买盘
1077,11:00:54,15.33,0.0,20,30648,买盘
1078,11:01:04,15.33,0.0,9,13797,买盘
1079,11:01:06,15.34,0.01,101,154911,买盘
1080,11:01:18,15.32,-0.02,7,10724,卖盘
1081,11:01:21,15.34,0.02,29,44459,买盘
1082,11:01:39,15.33,-0.01,8,12260,买盘
1083,11:01:51,15.33,0.0,9,13794,买盘
1084,11:01:54,15.32,-0.01,1,1532,卖盘
1085,11:01:57,15.33,0.01,11,16859,买盘
1086,11:02:01,15.31,-0.02,2,3062,卖盘
1087,11:02:12,15.34,0.03,100,153369,买盘
1088,11:02:15,15.31,-0.03,20,30674,卖盘
1089,11:02:18,15.31,0.0,1,1531,买盘
1090,11:02:21,15.31,0.0,6,9186,买盘
1091,11:02:24,15.31,0.0,1,1531,买盘
1092,11:02:27,15.31,0.0,8,12248,买盘
1093,11:02:30,15.3,-0.01,6,9184,卖盘
1094,11:02:33,15.31,0.01,4,6121,买盘
1095,11:02:36,15.31,0.0,4,6124,买盘
1096,11:02:39,15.31,0.0,5,7651,买盘
1097,11:02:42,15.31,0.0,1,1531,买盘
1098,11:02:45,15.31,0.0,1,1531,买盘
1099,11:02:48,15.31,0.0,1,1531,买盘
1100,11:02:51,15.31,0.0,10,15310,买盘
1101,11:02:54,15.31,0.0,1,1531,买盘
1102,11:02:57,15.31,0.0,1,1531,买盘
1103,11:03:00,15.31,0.0,1,1531,买盘
1104,11:03:03,15.31,0.0,1,1531,买盘
1105,11:03:06,15.31,0.0,1,1531,买盘
1106,11:03:09,15.31,0.0,1,1531,买盘
1107,11:03:12,15.3,-0.01,9,13772,卖盘
1108,11:03:15,15.32,0.02,1,1532,买盘
1109,11:03:18,15.31,-0.01,12,18365,卖盘
1110,11:03:21,15.32,0.01,5,7660,买盘
1111,11:03:36,15.32,0.0,1,1532,卖盘
1112,11:03:39,15.32,0.0,2,3064,卖盘
1113,11:03:48,15.32,0.0,9,13788,卖盘
1114,11:03:51,15.33,0.01,6,9195,买盘
1115,11:04:00,15.33,0.0,46,70488,买盘
1116,11:04:12,15.29,-0.04,16,24483,卖盘
1117,11:04:21,15.32,0.03,7,10724,买盘
1118,11:04:24,15.31,-0.01,1,1531,卖盘
1119,11:04:33,15.32,0.01,1,1532,买盘
1120,11:04:37,15.3,-0.02,12,18371,卖盘
1121,11:04:51,15.3,0.0,1,1530,买盘
1122,11:04:57,15.29,-0.01,19,29069,卖盘
1123,11:05:00,15.29,0.0,19,29051,买盘
1124,11:05:04,15.28,-0.01,2,3057,卖盘
1125,11:05:09,15.28,0.0,7,10696,卖盘
1126,11:05:18,15.28,0.0,11,16808,卖盘
1127,11:05:24,15.29,0.01,6,9174,买盘
1128,11:05:30,15.31,0.02,49,75007,买盘
1129,11:05:42,15.28,-0.03,18,27504,卖盘
1130,11:05:48,15.31,0.03,3,4593,买盘
1131,11:05:54,15.31,0.0,4,6124,买盘
1132,11:05:57,15.31,0.0,1,1531,卖盘
1133,11:06:06,15.31,0.0,18,27558,卖盘
1134,11:06:12,15.31,0.0,1,1531,买盘
1135,11:06:15,15.28,-0.03,1,1528,卖盘
1136,11:06:24,15.31,0.03,6,9186,买盘
1137,11:06:28,15.28,-0.03,3,4584,卖盘
1138,11:06:51,15.3,0.02,3,4590,买盘
1139,11:06:54,15.3,0.0,7,10710,卖盘
1140,11:07:01,15.32,0.02,42,64325,买盘
1141,11:07:07,15.3,-0.02,1,1530,卖盘
1142,11:07:12,15.31,0.01,3,4593,买盘
1143,11:07:15,15.3,-0.01,22,33660,卖盘
1144,11:07:24,15.31,0.01,6,9186,买盘
1145,11:07:39,15.29,-0.02,9,13765,卖盘
1146,11:07:48,15.29,0.0,2,3058,买盘
1147,11:07:54,15.29,0.0,6,9174,买盘
1148,11:07:57,15.29,0.0,3,4587,买盘
1149,11:08:06,15.29,0.0,4,6116,卖盘
1150,11:08:24,15.29,0.0,13,19883,卖盘
1151,11:08:28,15.29,0.0,1,1529,卖盘
1152,11:08:34,15.31,0.02,36,55112,买盘
1153,11:08:36,15.31,0.0,8,12248,卖盘
1154,11:08:51,15.32,0.01,160,245110,买盘
1155,11:08:54,15.31,-0.01,10,15310,卖盘
1156,11:08:57,15.32,0.01,126,193025,买盘
1157,11:09:09,15.28,-0.04,32,48910,卖盘
1158,11:09:12,15.31,0.03,1,1531,买盘
1159,11:09:21,15.29,-0.02,1,1529,卖盘
1160,11:09:24,15.29,0.0,18,27532,卖盘
1161,11:09:45,15.29,0.0,1,1529,买盘
1162,11:09:48,15.28,-0.01,2,3056,卖盘
1163,11:09:51,15.29,0.01,2,3058,买盘
1164,11:09:54,15.29,0.0,7,10703,买盘
1165,11:10:00,15.28,-0.01,4,6112,卖盘
1166,11:10:04,15.3,0.02,35,53523,买盘
1167,11:10:06,15.28,-0.02,5,7648,卖盘
1168,11:10:15,15.28,0.0,11,16808,卖盘
1169,11:10:18,15.28,0.0,5,7640,卖盘
1170,11:10:24,15.28,0.0,3,4584,买盘
1171,11:10:39,15.27,-0.01,12,18332,卖盘
1172,11:10:42,15.27,0.0,2,3054,买盘
1173,11:10:51,15.27,0.0,1,1527,卖盘
1174,11:10:54,15.3,0.03,5,7650,买盘
1175,11:11:24,15.3,0.0,13,19890,买盘
1176,11:11:27,15.3,0.0,1,1530,卖盘
1177,11:11:33,15.32,0.02,63,96502,买盘
1178,11:11:36,15.3,-0.02,15,22950,卖盘
1179,11:11:45,15.25,-0.05,11,16793,卖盘
1180,11:11:57,15.3,0.05,2,3060,买盘
1181,11:12:06,15.25,-0.05,7,10675,卖盘
1182,11:12:09,15.25,0.0,13,19825,卖盘
1183,11:12:12,15.31,0.06,15,22960,买盘
1184,11:12:18,15.25,-0.06,1,1525,卖盘
1185,11:12:27,15.32,0.07,5,7654,买盘
1186,11:12:57,15.32,0.0,6,9192,买盘
1187,11:13:04,15.33,0.01,139,212979,买盘
1188,11:13:06,15.33,0.0,4,6130,卖盘
1189,11:13:15,15.26,-0.07,11,16791,卖盘
1190,11:13:21,15.27,0.01,1,1527,卖盘
1191,11:13:27,15.33,0.06,7,10731,买盘
1192,11:13:39,15.27,-0.06,10,15270,卖盘
1193,11:13:45,15.33,0.06,20,30610,买盘
1194,11:13:54,15.27,-0.06,1,1527,卖盘
1195,11:13:57,15.3,0.03,5,7650,买盘
1196,11:14:15,15.3,0.0,4,6120,买盘
1197,11:14:27,15.32,0.02,6,9192,买盘
1198,11:14:36,15.33,0.01,67,102707,买盘
1199,11:14:45,15.27,-0.06,15,22929,卖盘
1200,11:14:57,15.33,0.06,17,26006,买盘
1201,11:15:09,15.28,-0.05,14,21402,卖盘
1202,11:15:12,15.32,0.04,1,1532,买盘
1203,11:15:24,15.28,-0.04,1,1528,卖盘
1204,11:15:30,15.32,0.04,14,21448,买盘
1205,11:15:57,15.32,0.0,5,7660,买盘
1206,11:16:04,15.33,0.01,70,107270,买盘
1207,11:16:12,15.3,-0.03,1,1530,卖盘
1208,11:16:15,15.29,-0.01,18,27535,卖盘
1209,11:16:18,15.33,0.04,1,1533,买盘
1210,11:16:27,15.3,-0.03,3,4590,卖盘
1211,11:16:30,15.3,0.0,6,9180,买盘
1212,11:16:39,15.29,-0.01,9,13761,卖盘
1213,11:16:48,15.29,0.0,11,16819,卖盘
1214,11:16:51,15.29,0.0,2,3058,卖盘
1215,11:16:57,15.3,0.01,6,9180,买盘
1216,11:17:00,15.3,0.0,1,1530,买盘
1217,11:17:04,15.29,-0.01,1,1529,卖盘
1218,11:17:06,15.29,0.0,7,10703,卖盘
1219,11:17:21,15.3,0.01,3,4590,买盘
1220,11:17:24,15.3,0.0,21,32130,买盘
1221,11:17:28,15.3,0.0,44,67320,买盘
1222,11:17:30,15.31,0.01,16,24483,买盘
1223,11:17:34,15.32,0.01,7,10719,买盘
1224,11:17:36,15.33,0.01,17,26049,买盘
1225,11:17:39,15.33,0.0,26,39854,买盘
1226,11:17:42,15.33,0.0,13,19929,买盘
1227,11:17:45,15.33,0.0,3,4599,买盘
1228,11:17:48,15.33,0.0,5,7665,买盘
1229,11:17:54,15.33,0.0,1,1533,买盘
1230,11:17:57,15.33,0.0,1,1533,买盘
1231,11:18:00,15.33,0.0,6,9198,买盘
1232,11:18:04,15.32,-0.01,2,3064,卖盘
1233,11:18:12,15.33,0.01,1,1533,买盘
1234,11:18:18,15.32,-0.01,1,1532,卖盘
1235,11:18:24,15.32,0.0,10,15320,卖盘
1236,11:18:30,15.32,0.0,7,10724,买盘
1237,11:18:42,15.3,-0.02,13,19902,卖盘
1238,11:18:48,15.3,0.0,11,16830,卖盘
1239,11:19:00,15.32,0.02,6,9192,买盘
1240,11:19:03,15.33,0.01,75,114940,买盘
1241,11:19:18,15.33,0.0,20,30612,买盘
1242,11:19:30,15.33,0.0,6,9198,买盘
1243,11:19:36,15.33,0.0,41,62852,买盘
1244,11:19:42,15.29,-0.04,8,12236,卖盘
1245,11:19:45,15.29,0.0,1,1529,买盘
1246,11:19:48,15.29,0.0,1,1529,卖盘
1247,11:20:00,15.32,0.03,3,4596,买盘
1248,11:20:03,15.32,0.0,2,3064,卖盘
1249,11:20:31,15.33,0.01,7,10731,买盘
1250,11:20:37,15.32,-0.01,57,87378,卖盘
1251,11:20:42,15.32,0.0,1,1532,卖盘
1252,11:20:45,15.29,-0.03,7,10721,卖盘
1253,11:20:48,15.29,0.0,5,7645,买盘
1254,11:20:57,15.28,-0.01,18,27515,卖盘
1255,11:21:03,15.29,0.01,2,3058,卖盘
1256,11:21:09,15.28,-0.01,11,16811,卖盘
1257,11:21:12,15.32,0.04,1,1532,买盘
1258,11:21:15,15.28,-0.04,1,1528,卖盘
1259,11:21:21,15.32,0.04,1,1532,买盘
1260,11:21:30,15.32,0.0,8,12256,买盘
1261,11:21:57,15.3,-0.02,50,76500,买盘
1262,11:22:00,15.3,0.0,35,53550,买盘
1263,11:22:04,15.3,0.0,2,3060,卖盘
1264,11:22:06,15.33,0.03,48,73556,买盘
1265,11:22:15,15.29,-0.04,10,15296,卖盘
1266,11:22:18,15.27,-0.02,29,44310,卖盘
1267,11:22:21,15.27,0.0,6,9162,买盘
1268,11:22:24,15.28,0.01,1,1528,卖盘
1269,11:22:30,15.33,0.05,5,7665,买盘
1270,11:22:36,15.28,-0.05,7,10696,卖盘
1271,11:22:42,15.28,0.0,9,13752,卖盘
1272,11:22:51,15.28,0.0,5,7640,卖盘
1273,11:22:54,15.27,-0.01,1,1527,卖盘
1274,11:23:00,15.28,0.01,6,9168,买盘
1275,11:23:04,15.27,-0.01,2,3054,卖盘
1276,11:23:24,15.32,0.05,1,1532,买盘
1277,11:23:30,15.32,0.0,6,9192,买盘
1278,11:23:33,15.33,0.01,56,85810,买盘
1279,11:23:36,15.27,-0.06,7,10689,卖盘
1280,11:23:48,15.27,0.0,12,18324,卖盘
1281,11:23:57,15.28,0.01,10,15280,卖盘
1282,11:24:00,15.32,0.04,1,1532,买盘
1283,11:24:03,15.31,-0.01,6,9191,卖盘
1284,11:24:13,15.28,-0.03,11,16808,卖盘
1285,11:24:15,15.3,0.02,1,1530,买盘
1286,11:24:18,15.28,-0.02,1,1528,卖盘
1287,11:24:21,15.28,0.0,7,10696,卖盘
1288,11:24:27,15.3,0.02,1,1530,买盘
1289,11:24:33,15.3,0.0,2,3060,买盘
1290,11:24:45,15.3,0.0,9,13770,卖盘
1291,11:24:48,15.28,-0.02,5,7644,卖盘
1292,11:25:04,15.3,0.02,4,6116,买盘
1293,11:25:06,15.31,0.01,23,35212,买盘
1294,11:25:15,15.32,0.01,1,1532,卖盘
1295,11:25:33,15.32,0.0,6,9192,买盘
1296,11:25:54,15.31,-0.01,1,1531,卖盘
1297,11:26:03,15.32,0.01,6,9191,买盘
1298,11:26:06,15.31,-0.01,7,10717,卖盘
1299,11:26:25,15.31,0.0,2,3062,卖盘
1300,11:26:33,15.32,0.01,7,10724,买盘
1301,11:26:36,15.32,0.0,40,61280,买盘
1302,11:26:48,15.3,-0.02,12,18366,卖盘
1303,11:27:03,15.32,0.02,6,9190,买盘
1304,11:27:13,15.28,-0.04,14,21400,卖盘
1305,11:27:21,15.28,0.0,1,1528,卖盘
1306,11:27:27,15.28,0.0,3,4584,卖盘
1307,11:27:33,15.31,0.03,9,13779,买盘
1308,11:27:42,15.31,0.0,1,1531,买盘
1309,11:28:03,15.3,-0.01,2,3060,买盘
1310,11:28:06,15.31,0.01,10,15310,买盘
1311,11:28:24,15.32,0.01,1,1532,买盘
1312,11:28:27,15.31,-0.01,2,3062,卖盘
1313,11:28:30,15.32,0.01,12,18373,买盘
1314,11:28:33,15.32,0.0,5,7660,买盘
1315,11:28:42,15.31,-0.01,33,50523,卖盘
1316,11:28:45,15.31,0.0,2,3062,卖盘
1317,11:28:48,15.31,0.0,1,1531,卖盘
1318,11:28:54,15.32,0.01,2,3063,买盘
1319,11:29:03,15.32,0.0,8,12255,买盘
1320,11:29:06,15.32,0.0,5,7660,买盘
1321,11:29:12,15.32,0.0,1,1532,买盘
1322,11:29:30,15.31,-0.01,1,1531,中性盘
1323,11:29:33,15.32,0.01,5,7656,买盘
1324,11:29:36,15.32,0.0,45,68940,买盘
1325,11:29:48,15.28,-0.04,15,22920,卖盘
1326,11:29:57,15.28,0.0,4,6112,卖盘
1327,11:30:01,15.28,0.0,3,4582,买盘
1328,13:00:04,15.28,0.0,34,51932,买盘
1329,13:00:06,15.28,0.0,1,1528,卖盘
1330,13:00:10,15.28,0.0,3,4584,买盘
1331,13:00:12,15.26,-0.02,14,21364,卖盘
1332,13:00:18,15.26,0.0,2,3052,卖盘
1333,13:00:24,15.26,0.0,1,1526,卖盘
1334,13:00:36,15.28,0.02,7,10696,买盘
1335,13:01:06,15.28,0.0,5,7640,买盘
1336,13:01:10,15.3,0.02,48,73404,买盘
1337,13:01:18,15.25,-0.05,16,24413,卖盘
1338,13:01:24,15.25,0.0,1,1525,卖盘
1339,13:01:36,15.29,0.04,6,9174,买盘
1340,13:01:42,15.25,-0.04,18,27450,卖盘
1341,13:01:57,15.26,0.01,2,3052,卖盘
1342,13:02:03,15.27,0.01,3,4579,中性盘
1343,13:02:06,15.3,0.03,6,9171,买盘
1344,13:02:36,15.31,0.01,57,87234,买盘
1345,13:02:39,15.31,0.0,23,35213,卖盘
1346,13:02:48,15.27,-0.04,22,33594,卖盘
1347,13:03:04,15.27,0.0,1,1527,卖盘
1348,13:03:06,15.32,0.05,7,10724,买盘
1349,13:03:12,15.27,-0.05,9,13743,卖盘
1350,13:03:21,15.27,0.0,1,1527,卖盘
1351,13:03:30,15.27,0.0,7,10689,卖盘
1352,13:03:36,15.32,0.05,9,13784,买盘
1353,13:04:04,15.28,-0.04,1,1528,卖盘
1354,13:04:06,15.33,0.05,56,85807,买盘
1355,13:04:09,15.33,0.0,3,4599,买盘
1356,13:04:18,15.27,-0.06,7,10695,卖盘
1357,13:04:21,15.27,0.0,1,1527,买盘
1358,13:04:24,15.27,0.0,1,1527,买盘
1359,13:04:27,15.27,0.0,1,1527,买盘
1360,13:04:36,15.27,0.0,5,7635,买盘
1361,13:04:39,15.27,0.0,3,4581,买盘
1362,13:04:42,15.26,-0.01,11,16786,卖盘
1363,13:04:48,15.26,0.0,1,1526,卖盘
1364,13:05:04,15.26,0.0,1,1526,卖盘
1365,13:05:12,15.27,0.01,7,10689,买盘
1366,13:05:15,15.26,-0.01,14,21364,卖盘
1367,13:05:36,15.32,0.06,55,84232,买盘
1368,13:05:39,15.26,-0.06,2,3052,卖盘
1369,13:05:42,15.26,0.0,4,6104,卖盘
1370,13:05:51,15.26,0.0,11,16786,卖盘
1371,13:06:03,15.27,0.01,2,3054,卖盘
1372,13:06:06,15.32,0.05,8,12256,买盘
1373,13:06:09,15.32,0.0,1,1532,买盘
1374,13:06:15,15.26,-0.06,15,22891,卖盘
1375,13:06:24,15.28,0.02,12,18336,卖盘
1376,13:06:36,15.32,0.04,6,9192,买盘
1377,13:06:54,15.28,-0.04,7,10696,卖盘
1378,13:07:04,15.28,0.0,1,1528,卖盘
1379,13:07:06,15.32,0.04,58,88856,买盘
1380,13:07:22,15.28,-0.04,12,18336,卖盘
1381,13:07:33,15.32,0.04,3,4596,买盘
1382,13:07:36,15.32,0.0,2,3064,买盘
1383,13:07:39,15.32,0.0,4,6128,卖盘
1384,13:07:42,15.28,-0.04,4,6124,卖盘
1385,13:07:45,15.28,0.0,3,4584,买盘
1386,13:07:48,15.27,-0.01,1,1527,卖盘
1387,13:08:04,15.27,0.0,2,3054,卖盘
1388,13:08:06,15.28,0.01,5,7640,买盘
1389,13:08:09,15.28,0.0,2,3056,买盘
1390,13:08:39,15.28,0.0,6,9168,买盘
1391,13:08:45,15.32,0.04,38,58172,买盘
1392,13:08:51,15.27,-0.05,17,25959,卖盘
1393,13:08:57,15.27,0.0,2,3054,卖盘
1394,13:09:00,15.27,0.0,7,10689,买盘
1395,13:09:03,15.27,0.0,1,1527,卖盘
1396,13:09:06,15.31,0.04,1,1531,买盘
1397,13:09:09,15.31,0.0,5,7655,买盘
1398,13:09:12,15.31,0.0,1,1531,卖盘
1399,13:09:15,15.27,-0.04,13,19855,卖盘
1400,13:09:19,15.27,0.0,3,4581,买盘
1401,13:09:24,15.28,0.01,1,1528,卖盘
1402,13:09:39,15.32,0.04,17,26044,买盘
1403,13:10:09,15.32,0.0,5,7660,买盘
1404,13:10:12,15.3,-0.02,1,1530,卖盘
1405,13:10:18,15.3,0.0,73,111814,卖盘
1406,13:10:21,15.3,0.0,12,18360,卖盘
1407,13:10:30,15.3,0.0,7,10710,卖盘
1408,13:10:39,15.32,0.02,6,9192,买盘
1409,13:10:42,15.3,-0.02,3,4590,卖盘
1410,13:10:46,15.3,0.0,16,24480,卖盘
1411,13:10:48,15.3,0.0,1,1530,卖盘
1412,13:11:06,15.28,-0.02,10,15280,卖盘
1413,13:11:09,15.3,0.02,1,1530,买盘
1414,13:11:33,15.3,0.0,9,13770,卖盘
1415,13:11:39,15.3,0.0,5,7650,买盘
1416,13:11:48,15.32,0.02,41,62806,买盘
1417,13:11:51,15.28,-0.04,17,25980,卖盘
1418,13:11:54,15.28,0.0,1,1528,卖盘
1419,13:12:04,15.28,0.0,1,1528,卖盘
1420,13:12:06,15.3,0.02,1,1530,买盘
1421,13:12:09,15.3,0.0,2,3060,买盘
1422,13:12:15,15.27,-0.03,11,16805,卖盘
1423,13:12:18,15.28,0.01,1,1528,卖盘
1424,13:12:21,15.27,-0.01,9,13743,卖盘
1425,13:12:30,15.28,0.01,7,10696,买盘
1426,13:12:33,15.27,-0.01,11,16797,卖盘
1427,13:12:42,15.28,0.01,9,13752,买盘
1428,13:13:00,15.28,0.0,5,7640,买盘
1429,13:13:04,15.27,-0.01,4,6108,卖盘
1430,13:13:12,15.27,0.0,3,4581,卖盘
1431,13:13:15,15.26,-0.01,12,18312,卖盘
1432,13:13:18,15.28,0.02,16,24444,买盘
1433,13:13:31,15.3,0.02,7,10710,买盘
1434,13:13:33,15.28,-0.02,13,19864,卖盘
1435,13:13:36,15.28,0.0,1,1528,卖盘
1436,13:13:52,15.28,0.0,1,1528,卖盘
1437,13:14:00,15.3,0.02,5,7650,买盘
1438,13:14:04,15.28,-0.02,8,12224,卖盘
1439,13:14:15,15.28,0.0,11,16808,卖盘
1440,13:14:21,15.28,0.0,9,13752,卖盘
1441,13:14:30,15.3,0.02,8,12240,买盘
1442,13:14:33,15.28,-0.02,11,16808,卖盘
1443,13:14:48,15.32,0.04,43,65864,买盘
1444,13:14:51,15.28,-0.04,14,21392,卖盘
1445,13:14:57,15.28,0.0,1,1528,卖盘
1446,13:15:00,15.32,0.04,5,7660,买盘
1447,13:15:04,15.28,-0.04,2,3056,卖盘
1448,13:15:06,15.32,0.04,1,1532,买盘
1449,13:15:09,15.29,-0.03,4,6116,卖盘
1450,13:15:12,15.29,0.0,3,4587,买盘
1451,13:15:15,15.27,-0.02,11,16801,卖盘
1452,13:15:21,15.28,0.01,1,1528,卖盘
1453,13:15:30,15.29,0.01,5,7645,买盘
1454,13:15:33,15.29,0.0,1,1529,卖盘
1455,13:15:57,15.28,-0.01,7,10696,卖盘
1456,13:16:00,15.29,0.01,7,10703,买盘
1457,13:16:03,15.28,-0.01,1,1528,卖盘
1458,13:16:12,15.28,0.0,1,1528,卖盘
1459,13:16:15,15.29,0.01,7,10703,买盘
1460,13:16:18,15.3,0.01,12,18360,买盘
1461,13:16:30,15.31,0.01,5,7655,买盘
1462,13:16:33,15.3,-0.01,11,16830,卖盘
1463,13:16:36,15.3,0.0,1,1530,卖盘
1464,13:16:39,15.3,0.0,5,7650,卖盘
1465,13:16:45,15.3,0.0,10,15300,卖盘
1466,13:16:51,15.3,0.0,2,3060,卖盘
1467,13:16:54,15.3,0.0,25,38250,卖盘
1468,13:17:00,15.31,0.01,6,9186,买盘
1469,13:17:04,15.3,-0.01,2,3060,卖盘
1470,13:17:18,15.3,0.0,1,1530,买盘
1471,13:17:28,15.31,0.01,43,65823,买盘
1472,13:17:31,15.32,0.01,3,4594,买盘
1473,13:17:33,15.31,-0.01,3,4593,中性盘
1474,13:17:36,15.31,0.0,1,1531,卖盘
1475,13:17:51,15.29,-0.02,24,36712,卖盘
1476,13:18:00,15.32,0.03,5,7660,买盘
1477,13:18:03,15.29,-0.03,12,18348,卖盘
1478,13:18:06,15.32,0.03,1,1532,买盘
1479,13:18:18,15.29,-0.03,16,24464,卖盘
1480,13:18:24,15.29,0.0,1,1529,卖盘
1481,13:18:33,15.31,0.02,9,13775,买盘
1482,13:18:36,15.31,0.0,3,4593,买盘
1483,13:18:48,15.29,-0.02,1,1529,卖盘
1484,13:18:51,15.29,0.0,2,3058,卖盘
1485,13:18:54,15.29,0.0,1,1529,卖盘
1486,13:19:00,15.32,0.03,58,88845,买盘
1487,13:19:03,15.31,-0.01,2,3062,中性盘
1488,13:19:06,15.29,-0.02,33,50465,卖盘
1489,13:19:15,15.25,-0.04,104,158820,卖盘
1490,13:19:21,15.28,0.03,18,27515,卖盘
1491,13:19:30,15.28,0.0,7,10696,卖盘
1492,13:19:33,15.28,0.0,7,10720,卖盘
1493,13:19:48,15.28,0.0,9,13752,卖盘
1494,13:19:57,15.28,0.0,1,1528,卖盘
1495,13:20:03,15.3,0.02,2,3058,买盘
1496,13:20:06,15.3,0.0,3,4591,卖盘
1497,13:20:09,15.3,0.0,3,4590,卖盘
1498,13:20:27,15.3,0.0,59,90266,买盘
1499,13:20:33,15.3,0.0,7,10710,买盘
1500,13:20:48,15.3,0.0,3,4589,买盘
1501,13:20:51,15.28,-0.02,18,27504,卖盘
1502,13:20:54,15.3,0.02,8,12238,买盘
1503,13:21:04,15.3,0.0,5,7650,买盘
1504,13:21:06,15.29,-0.01,1,1529,中性盘
1505,13:21:19,15.28,-0.01,9,13752,卖盘
1506,13:21:21,15.28,0.0,1,1528,卖盘
1507,13:21:33,15.29,0.01,1,1529,买盘
1508,13:21:36,15.29,0.0,3,4587,卖盘
1509,13:21:39,15.29,0.0,2,3058,卖盘
1510,13:21:42,15.28,-0.01,7,10696,卖盘
1511,13:22:00,15.3,0.02,46,70364,买盘
1512,13:22:03,15.3,0.0,2,3058,买盘
1513,13:22:07,15.29,-0.01,2,3058,卖盘
1514,13:22:12,15.29,0.0,5,7645,卖盘
1515,13:22:18,15.28,-0.01,1,1528,卖盘
1516,13:22:21,15.25,-0.03,16,24442,卖盘
1517,13:22:33,15.26,0.01,6,9171,卖盘
1518,13:22:48,15.28,0.02,9,13752,卖盘
1519,13:22:51,15.29,0.01,3,4587,买盘
1520,13:22:54,15.28,-0.01,1,1528,卖盘
1521,13:23:03,15.3,0.02,11,16823,买盘
1522,13:23:18,15.28,-0.02,6,9168,卖盘
1523,13:23:30,15.29,0.01,15,22922,买盘
1524,13:23:36,15.29,0.0,1,1529,卖盘
1525,13:24:00,15.29,0.0,11,16819,卖盘
1526,13:24:04,15.3,0.01,7,10709,买盘
1527,13:24:06,15.29,-0.01,3,4588,卖盘
1528,13:24:15,15.29,0.0,5,7645,卖盘
1529,13:24:18,15.28,-0.01,23,35159,卖盘
1530,13:24:24,15.28,0.0,1,1528,卖盘
1531,13:24:33,15.29,0.01,11,16809,买盘
1532,13:24:36,15.29,0.0,1,1529,卖盘
1533,13:24:48,15.29,0.0,18,27522,卖盘
1534,13:24:54,15.26,-0.03,7,10691,卖盘
1535,13:25:00,15.29,0.03,50,76394,买盘
1536,13:25:03,15.29,0.0,3,4587,卖盘
1537,13:25:06,15.29,0.0,1,1529,卖盘
1538,13:25:24,15.29,0.0,2,3058,卖盘
1539,13:25:33,15.3,0.01,6,9180,买盘
1540,13:25:36,15.29,-0.01,3,4587,卖盘
1541,13:25:48,15.29,0.0,1,1529,卖盘
1542,13:25:51,15.29,0.0,11,16819,卖盘
1543,13:26:04,15.26,-0.03,7,10682,卖盘
1544,13:26:06,15.24,-0.02,57,86914,卖盘
1545,13:26:09,15.26,0.02,3,4578,买盘
1546,13:26:30,15.3,0.04,56,85668,买盘
1547,13:26:33,15.28,-0.02,1,1528,卖盘
1548,13:26:36,15.29,0.01,2,3058,卖盘
1549,13:26:48,15.29,0.0,5,7645,卖盘
1550,13:26:54,15.28,-0.01,19,29032,卖盘
1551,13:27:04,15.29,0.01,3,4586,买盘
1552,13:27:06,15.3,0.01,1,1530,买盘
1553,13:27:18,15.26,-0.04,9,13740,卖盘
1554,13:27:21,15.28,0.02,5,7632,买盘
1555,13:27:30,15.29,0.01,1,1529,买盘
1556,13:27:33,15.29,0.0,6,9174,买盘
1557,13:27:36,15.28,-0.01,1,1528,卖盘
1558,13:27:42,15.28,0.0,2,3056,卖盘
1559,13:27:45,15.28,0.0,7,10696,卖盘
1560,13:27:48,15.28,0.0,3,4584,买盘
1561,13:28:00,15.29,0.01,17,25991,买盘
1562,13:28:04,15.3,0.01,10,15297,买盘
1563,13:28:15,15.29,-0.01,1,1529,卖盘
1564,13:28:27,15.29,0.0,1,1529,卖盘
1565,13:28:33,15.3,0.01,13,19883,买盘
1566,13:28:36,15.29,-0.01,7,10703,卖盘
1567,13:28:54,15.3,0.01,2,3059,买盘
1568,13:28:57,15.29,-0.01,11,16819,卖盘
1569,13:29:00,15.29,0.0,1,1529,卖盘
1570,13:29:03,15.29,0.0,7,10703,买盘
1571,13:29:30,15.31,0.02,66,100986,买盘
1572,13:29:33,15.32,0.01,16,24469,买盘
1573,13:29:54,15.29,-0.03,10,15290,卖盘
1574,13:30:04,15.29,0.0,22,33638,卖盘
1575,13:30:06,15.29,0.0,7,10702,买盘
1576,13:30:18,15.28,-0.01,1,1528,卖盘
1577,13:30:21,15.27,-0.01,9,13749,卖盘
1578,13:30:30,15.26,-0.01,7,10682,卖盘
1579,13:30:36,15.27,0.01,7,10689,买盘
1580,13:30:39,15.26,-0.01,1,1526,卖盘
1581,13:30:42,15.26,0.0,1,1526,买盘
1582,13:30:54,15.25,-0.01,5,7625,卖盘
1583,13:31:00,15.28,0.03,3,4582,买盘
1584,13:31:03,15.28,0.0,1,1528,卖盘
1585,13:31:06,15.29,0.01,6,9174,买盘
1586,13:31:10,15.28,-0.01,76,116202,卖盘
1587,13:31:15,15.29,0.01,1,1529,中性盘
1588,13:31:18,15.28,-0.01,3,4584,卖盘
1589,13:31:33,15.3,0.02,3,4590,买盘
1590,13:31:48,15.3,0.0,1,1530,卖盘
1591,13:31:51,15.3,0.0,23,35190,卖盘
1592,13:31:57,15.31,0.01,1,1531,买盘
1593,13:32:00,15.3,-0.01,2,3060,卖盘
1594,13:32:03,15.3,0.0,7,10710,卖盘
1595,13:32:09,15.31,0.01,5,7655,买盘
1596,13:32:12,15.3,-0.01,9,13771,卖盘
1597,13:32:16,15.3,0.0,25,38250,卖盘
1598,13:32:21,15.28,-0.02,1,1528,卖盘
1599,13:32:30,15.3,0.02,1,1530,买盘
1600,13:32:33,15.31,0.01,44,67358,买盘
1601,13:32:39,15.3,-0.01,6,9180,卖盘
1602,13:32:49,15.3,0.0,4,6120,买盘
1603,13:32:54,15.3,0.0,12,18360,卖盘
1604,13:33:03,15.3,0.0,1,1530,卖盘
1605,13:33:06,15.32,0.02,13,19902,买盘
1606,13:33:09,15.3,-0.02,20,30600,卖盘
1607,13:33:21,15.3,0.0,15,22950,卖盘
1608,13:33:24,15.3,0.0,1,1530,卖盘
1609,13:33:36,15.32,0.02,6,9192,买盘
1610,13:33:48,15.31,-0.01,1,1531,买盘
1611,13:33:54,15.31,0.0,13,19903,卖盘
1612,13:34:00,15.32,0.01,53,81190,买盘
1613,13:34:03,15.3,-0.02,7,10710,卖盘
1614,13:34:06,15.32,0.02,6,9190,买盘
1615,13:34:25,15.3,-0.02,6,9184,卖盘
1616,13:34:33,15.3,0.0,6,9180,买盘
1617,13:34:36,15.32,0.02,7,10724,买盘
1618,13:34:48,15.3,-0.02,5,7650,卖盘
1619,13:34:51,15.28,-0.02,8,12224,卖盘
1620,13:34:54,15.3,0.02,3,4590,买盘
1621,13:35:06,15.3,0.0,2,3060,买盘
1622,13:35:18,15.3,0.0,5,7650,卖盘
1623,13:35:30,15.32,0.02,53,81195,买盘
1624,13:35:36,15.31,-0.01,8,12253,卖盘
1625,13:35:40,15.31,0.0,3,4593,卖盘
1626,13:35:43,15.31,0.0,2,3062,卖盘
1627,13:35:45,15.31,0.0,1,1531,买盘
1628,13:35:55,15.31,0.0,18,27523,买盘
1629,13:36:00,15.28,-0.03,8,12224,卖盘
1630,13:36:03,15.31,0.03,3,4593,买盘
1631,13:36:06,15.31,0.0,7,10717,买盘
1632,13:36:24,15.28,-0.03,13,19868,卖盘
1633,13:36:27,15.29,0.01,1,1529,买盘
1634,13:36:36,15.31,0.02,6,9186,买盘
1635,13:36:45,15.31,0.0,4,6124,买盘
1636,13:36:57,15.32,0.01,13,19906,买盘
1637,13:37:03,15.32,0.0,65,99580,买盘
1638,13:37:06,15.32,0.0,6,9192,买盘
1639,13:37:24,15.3,-0.02,13,19890,卖盘
1640,13:37:27,15.32,0.02,4,6128,买盘
1641,13:37:30,15.3,-0.02,11,16830,卖盘
1642,13:37:33,15.3,0.0,10,15300,卖盘
1643,13:37:37,15.3,0.0,1,1530,卖盘
1644,13:37:39,15.32,0.02,8,12256,买盘
1645,13:37:43,15.3,-0.02,18,27540,卖盘
1646,13:37:46,15.31,0.01,11,16831,买盘
1647,13:37:48,15.31,0.0,2,3062,卖盘
1648,13:37:51,15.31,0.0,13,19903,卖盘
1649,13:38:03,15.31,0.0,2,3062,卖盘
1650,13:38:06,15.31,0.0,76,116356,卖盘
1651,13:38:09,15.31,0.0,5,7655,买盘
1652,13:38:33,15.32,0.01,52,79644,买盘
1653,13:38:36,15.32,0.0,3,4596,卖盘
1654,13:38:39,15.33,0.01,6,9198,买盘
1655,13:38:48,15.32,-0.01,2,3064,卖盘
1656,13:38:54,15.29,-0.03,16,24470,卖盘
1657,13:38:57,15.31,0.02,1,1531,买盘
1658,13:39:06,15.31,0.0,1,1531,买盘
1659,13:39:09,15.28,-0.03,8,12242,卖盘
1660,13:39:22,15.28,0.0,14,21392,卖盘
1661,13:39:24,15.31,0.03,1,1531,买盘
1662,13:39:30,15.28,-0.03,1,1528,卖盘
1663,13:39:36,15.29,0.01,2,3058,卖盘
1664,13:39:39,15.29,0.0,6,9174,买盘
1665,13:39:42,15.29,0.0,5,7645,买盘
1666,13:39:45,15.28,-0.01,5,7640,卖盘
1667,13:39:48,15.29,0.01,10,15290,买盘
1668,13:39:51,15.28,-0.01,8,12225,卖盘
1669,13:40:03,15.31,0.03,55,84165,买盘
1670,13:40:09,15.31,0.0,8,12248,买盘
1671,13:40:24,15.28,-0.03,14,21392,卖盘
1672,13:40:39,15.31,0.03,6,9186,买盘
1673,13:40:51,15.28,-0.03,11,16808,卖盘
1674,13:41:00,15.28,0.0,1,1528,卖盘
1675,13:41:03,15.28,0.0,1,1528,中性盘
1676,13:41:09,15.28,0.0,2,3056,买盘
1677,13:41:24,15.28,0.0,3,4584,卖盘
1678,13:41:33,15.3,0.02,9,13760,买盘
1679,13:41:36,15.3,0.0,7,10710,卖盘
1680,13:41:39,15.31,0.01,7,10717,买盘
1681,13:41:42,15.3,-0.01,12,18360,卖盘
1682,13:41:48,15.31,0.01,16,24485,买盘
1683,13:42:03,15.3,-0.01,5,7650,卖盘
1684,13:42:06,15.31,0.01,1,1531,买盘
1685,13:42:09,15.31,0.0,5,7655,买盘
1686,13:42:25,15.3,-0.01,20,30600,卖盘
1687,13:42:30,15.27,-0.03,1,1527,卖盘
1688,13:42:33,15.27,0.0,1,1527,中性盘
1689,13:42:39,15.3,0.03,1,1530,买盘
1690,13:42:45,15.3,0.0,6,9180,卖盘
1691,13:43:04,15.31,0.01,65,99504,买盘
1692,13:43:06,15.28,-0.03,4,6112,卖盘
1693,13:43:09,15.28,0.0,3,4584,买盘
1694,13:43:27,15.28,0.0,13,19864,卖盘
1695,13:43:30,15.28,0.0,11,16808,卖盘
1696,13:43:33,15.27,-0.01,9,13745,卖盘
1697,13:43:42,15.31,0.04,6,9186,买盘
1698,13:43:51,15.27,-0.04,1,1527,卖盘
1699,13:43:54,15.27,0.0,10,15270,卖盘
1700,13:44:00,15.28,0.01,1,1528,卖盘
1701,13:44:04,15.3,0.02,3,4586,中性盘
1702,13:44:12,15.31,0.01,5,7655,买盘
1703,13:44:27,15.31,0.0,2,3062,买盘
1704,13:44:36,15.32,0.01,42,64304,买盘
1705,13:44:42,15.32,0.0,6,9192,买盘
1706,13:44:57,15.27,-0.05,11,16807,卖盘
1707,13:45:04,15.27,0.0,2,3054,卖盘
1708,13:45:09,15.28,0.01,1,1528,买盘
1709,13:45:12,15.28,0.0,6,9168,买盘
1710,13:45:15,15.28,0.0,1,1528,买盘
1711,13:45:18,15.27,-0.01,1,1527,卖盘
1712,13:45:24,15.27,0.0,15,22905,卖盘
1713,13:45:33,15.27,0.0,1,1527,买盘
1714,13:45:42,15.27,0.0,6,9162,买盘
1715,13:45:45,15.27,0.0,2,3054,买盘
1716,13:45:48,15.28,0.01,1,1528,买盘
1717,13:46:04,15.3,0.02,61,93321,买盘
1718,13:46:09,15.27,-0.03,1,1527,卖盘
1719,13:46:12,15.3,0.03,8,12240,买盘
1720,13:46:27,15.27,-0.03,18,27486,卖盘
1721,13:46:31,15.27,0.0,2,3054,卖盘
1722,13:46:42,15.3,0.03,5,7650,买盘
1723,13:46:45,15.28,-0.02,7,10696,卖盘
1724,13:46:48,15.28,0.0,1,1528,卖盘
1725,13:46:55,15.28,0.0,16,24448,卖盘
1726,13:47:04,15.28,0.0,4,6112,卖盘
1727,13:47:12,15.3,0.02,9,13764,买盘
1728,13:47:33,15.31,0.01,45,68855,买盘
1729,13:47:36,15.3,-0.01,1,1530,卖盘
1730,13:47:39,15.28,-0.02,7,10696,卖盘
1731,13:47:42,15.29,0.01,1,1835,买盘
1732,13:47:51,15.29,0.0,1,1529,卖盘
1733,13:47:57,15.27,-0.02,11,16815,卖盘
1734,13:48:03,15.27,0.0,1,1527,卖盘
1735,13:48:09,15.29,0.02,1,1529,买盘
1736,13:48:12,15.29,0.0,6,9174,买盘
1737,13:48:24,15.26,-0.03,11,16794,卖盘
1738,13:48:33,15.26,0.0,1,1526,卖盘
1739,13:48:42,15.29,0.03,6,9174,买盘
1740,13:48:45,15.26,-0.03,7,10682,卖盘
1741,13:49:04,15.26,0.0,2,3052,卖盘
1742,13:49:06,15.28,0.02,11,16803,买盘
1743,13:49:09,15.29,0.01,1,1529,买盘
1744,13:49:15,15.3,0.01,10,15300,买盘
1745,13:49:40,15.3,0.0,1,1530,买盘
1746,13:49:45,15.3,0.0,7,10710,买盘
1747,13:49:51,15.3,0.0,42,64186,买盘
1748,13:49:54,15.28,-0.02,1,1528,卖盘
1749,13:50:04,15.28,0.0,1,1528,卖盘
1750,13:50:06,15.28,0.0,69,105434,卖盘
1751,13:50:15,15.27,-0.01,11,16803,卖盘
1752,13:50:22,15.26,-0.01,1,1526,卖盘
1753,13:50:36,15.26,0.0,78,118957,卖盘
1754,13:50:39,15.26,0.0,2,3357,买盘
1755,13:50:42,15.28,0.02,1,1528,卖盘
1756,13:50:45,15.31,0.03,6,9186,买盘
1757,13:50:51,15.31,0.0,2,3062,买盘
1758,13:50:57,15.28,-0.03,19,29032,卖盘
1759,13:51:00,15.28,0.0,1,1528,卖盘
1760,13:51:04,15.28,0.0,2,3056,卖盘
1761,13:51:09,15.31,0.03,1,1531,买盘
1762,13:51:12,15.28,-0.03,11,16808,卖盘
1763,13:51:15,15.31,0.03,7,10714,买盘
1764,13:51:18,15.26,-0.05,1,1221,买盘
1765,13:51:27,15.25,-0.01,14,21350,卖盘
1766,13:51:39,15.25,0.0,14,21350,卖盘
1767,13:51:45,15.25,0.0,5,7625,买盘
1768,13:51:51,15.25,0.0,1,1525,买盘
1769,13:51:54,15.25,0.0,13,19825,买盘
1770,13:51:57,15.25,0.0,2,3050,卖盘
1771,13:52:00,15.24,-0.01,3,4572,卖盘
1772,13:52:04,15.24,0.0,20,30480,卖盘
1773,13:52:06,15.27,0.03,39,59829,买盘
1774,13:52:09,15.28,0.01,8,12224,卖盘
1775,13:52:12,15.26,-0.02,3,4579,卖盘
1776,13:52:15,15.26,0.0,10,15267,卖盘
1777,13:52:24,15.26,0.0,30,45475,卖盘
1778,13:52:27,15.25,-0.01,19,28980,卖盘
1779,13:52:30,15.26,0.01,33,50358,买盘
1780,13:52:39,15.25,-0.01,42,64080,卖盘
1781,13:52:43,15.23,-0.02,70,106640,卖盘
1782,13:52:46,15.27,0.04,30,46074,买盘
1783,13:52:48,15.27,0.0,3,4581,卖盘
1784,13:52:54,15.27,0.0,6,9162,卖盘
1785,13:52:58,15.27,0.0,12,18324,卖盘
1786,13:53:00,15.27,0.0,1,1527,卖盘
1787,13:53:03,15.27,0.0,2,2749,买盘
1788,13:53:12,15.23,-0.04,5,7615,卖盘
1789,13:53:15,15.27,0.04,1,1832,买盘
1790,13:53:18,15.27,0.0,1,1527,卖盘
1791,13:53:24,15.27,0.0,8,11911,卖盘
1792,13:53:27,15.27,0.0,7,10991,买盘
1793,13:53:36,15.3,0.03,50,76485,买盘
1794,13:53:39,15.27,-0.03,4,5803,卖盘
1795,13:53:45,15.27,0.0,5,7635,买盘
1796,13:53:57,15.24,-0.03,13,19817,卖盘
1797,13:54:03,15.26,0.02,14,21362,买盘
1798,13:54:06,15.28,0.02,24,36941,买盘
1799,13:54:09,15.28,0.0,1,1528,卖盘
1800,13:54:15,15.3,0.02,6,9180,买盘
1801,13:54:21,15.28,-0.02,5,7640,卖盘
1802,13:54:27,15.27,-0.01,7,10389,卖盘
1803,13:54:36,15.3,0.03,13,19862,买盘
1804,13:54:45,15.28,-0.02,7,10696,中性盘
1805,13:55:09,15.3,0.02,42,64225,买盘
1806,13:55:15,15.3,0.0,5,7650,买盘
1807,13:55:27,15.27,-0.03,14,21378,卖盘
1808,13:55:40,15.27,0.0,7,10689,卖盘
1809,13:55:48,15.29,0.02,7,10703,买盘
1810,13:55:54,15.27,-0.02,1,1527,卖盘
1811,13:55:57,15.27,0.0,14,21378,卖盘
1812,13:56:04,15.27,0.0,1,1527,卖盘
1813,13:56:18,15.29,0.02,6,9174,买盘
1814,13:56:34,15.24,-0.05,32,48827,卖盘
1815,13:56:36,15.3,0.06,49,74933,买盘
1816,13:56:40,15.28,-0.02,1,1528,卖盘
1817,13:56:45,15.3,0.02,96,146880,买盘
1818,13:56:48,15.3,0.0,6,9180,买盘
1819,13:57:00,15.28,-0.02,15,22920,卖盘
1820,13:57:03,15.28,0.0,1,1528,卖盘
1821,13:57:09,15.28,0.0,12,18337,卖盘
1822,13:57:15,15.29,0.01,1,1529,买盘
1823,13:57:18,15.29,0.0,6,9174,买盘
1824,13:57:21,15.28,-0.01,1,1528,卖盘
1825,13:57:27,15.24,-0.04,9,13748,卖盘
1826,13:57:42,15.24,0.0,7,10668,卖盘
1827,13:57:49,15.25,0.01,6,9150,买盘
1828,13:57:58,15.27,0.02,1,1527,买盘
1829,13:58:09,15.29,0.02,35,53503,买盘
1830,13:58:12,15.29,0.0,2,3058,卖盘
1831,13:58:18,15.29,0.0,16,24470,卖盘
1832,13:58:33,15.29,0.0,3,4587,卖盘
1833,13:58:45,15.3,0.01,1,1530,买盘
1834,13:58:48,15.3,0.0,6,9180,买盘
1835,13:58:54,15.29,-0.01,16,24464,卖盘
1836,13:58:57,15.25,-0.04,12,18300,卖盘
1837,13:59:04,15.26,0.01,2,3052,卖盘
1838,13:59:06,15.25,-0.01,11,16780,卖盘
1839,13:59:09,15.28,0.03,12,18336,买盘
1840,13:59:18,15.26,-0.02,10,15274,卖盘
1841,13:59:24,15.29,0.03,2,3057,买盘
1842,13:59:33,15.28,-0.01,10,15280,卖盘
1843,13:59:36,15.3,0.02,66,100944,买盘
1844,13:59:45,15.3,0.0,1,1530,买盘
1845,13:59:48,15.3,0.0,6,9180,买盘
1846,13:59:54,15.3,0.0,1,1530,买盘
1847,13:59:57,15.3,0.0,3,4590,买盘
1848,14:00:00,15.26,-0.04,14,21386,卖盘
1849,14:00:03,15.3,0.04,1,1530,买盘
1850,14:00:09,15.3,0.0,5,7650,买盘
1851,14:00:15,15.28,-0.02,2,3058,卖盘
1852,14:00:18,15.3,0.02,5,7648,买盘
1853,14:00:24,15.3,0.0,1,1530,买盘
1854,14:00:27,15.25,-0.05,16,24403,卖盘
1855,14:00:33,15.3,0.05,1,1530,买盘
1856,14:00:36,15.25,-0.05,2,3050,卖盘
1857,14:00:42,15.3,0.05,3,4590,买盘
1858,14:00:48,15.3,0.0,17,25999,买盘
1859,14:00:57,15.27,-0.03,7,10689,卖盘
1860,14:01:04,15.27,0.0,1,1527,卖盘
1861,14:01:06,15.3,0.03,62,94860,买盘
1862,14:01:15,15.28,-0.02,1,1528,买盘
1863,14:01:21,15.28,0.0,1,1528,卖盘
1864,14:01:30,15.27,-0.01,18,27497,卖盘
1865,14:01:40,15.29,0.02,1,1529,卖盘
1866,14:01:48,15.29,0.0,7,10703,买盘
1867,14:01:51,15.28,-0.01,1,1528,卖盘
1868,14:01:57,15.28,0.0,8,12224,卖盘
1869,14:02:03,15.28,0.0,4,6112,卖盘
1870,14:02:18,15.29,0.01,6,9174,买盘
1871,14:02:39,15.3,0.01,63,96386,买盘
1872,14:02:45,15.28,-0.02,7,10696,卖盘
1873,14:02:48,15.3,0.02,7,10710,买盘
1874,14:03:00,15.27,-0.03,6,9166,卖盘
1875,14:03:03,15.28,0.01,19,29018,买盘
1876,14:03:09,15.28,0.0,8,12224,卖盘
1877,14:03:12,15.27,-0.01,6,9162,买盘
1878,14:03:18,15.3,0.03,6,9177,买盘
1879,14:03:27,15.27,-0.03,10,15270,卖盘
1880,14:03:34,15.3,0.03,1,1530,买盘
1881,14:03:45,15.28,-0.02,1,1528,卖盘
1882,14:03:51,15.3,0.02,6,9180,买盘
1883,14:03:58,15.3,0.0,2,3060,买盘
1884,14:04:09,15.3,0.0,50,76500,买盘
1885,14:04:21,15.3,0.0,6,9180,买盘
1886,14:04:31,15.28,-0.02,17,25976,卖盘
1887,14:04:33,15.28,0.0,2,3056,卖盘
1888,14:04:45,15.27,-0.01,4,6108,卖盘
1889,14:04:51,15.28,0.01,7,10696,买盘
1890,14:04:57,15.26,-0.02,12,18320,卖盘
1891,14:05:00,15.28,0.02,15,22914,买盘
1892,14:05:04,15.28,0.0,19,29010,卖盘
1893,14:05:06,15.28,0.0,5,7640,卖盘
1894,14:05:18,15.28,0.0,6,9168,买盘
1895,14:05:31,15.25,-0.03,52,79300,卖盘
1896,14:05:36,15.28,0.03,39,59478,买盘
1897,14:05:39,15.28,0.0,39,59588,买盘
1898,14:05:51,15.27,-0.01,8,12218,买盘
1899,14:06:01,15.24,-0.03,13,19812,卖盘
1900,14:06:19,15.25,0.01,3,4574,买盘
1901,14:06:22,15.25,0.0,7,10675,买盘
1902,14:06:25,15.25,0.0,1,1525,买盘
1903,14:06:28,15.24,-0.01,13,19813,卖盘
1904,14:06:30,15.24,0.0,2,3048,卖盘
1905,14:06:48,15.24,0.0,12,18288,卖盘
1906,14:06:51,15.24,0.0,5,7620,买盘
1907,14:06:55,15.27,0.03,14,21372,买盘
1908,14:06:57,15.28,0.01,14,21389,买盘
1909,14:07:01,15.28,0.0,7,10696,卖盘
1910,14:07:06,15.24,-0.04,4,6096,卖盘
1911,14:07:09,15.24,0.0,63,96194,卖盘
1912,14:07:18,15.23,-0.01,24,36612,卖盘
1913,14:07:21,15.28,0.05,6,9166,买盘
1914,14:07:24,15.28,0.0,8,12224,买盘
1915,14:07:28,15.22,-0.06,33,50331,卖盘
1916,14:07:30,15.22,0.0,25,38050,卖盘
1917,14:07:45,15.26,0.04,12,18312,卖盘
1918,14:07:51,15.28,0.02,8,12224,买盘
1919,14:07:54,15.24,-0.04,2,3047,中性盘
1920,14:07:58,15.23,-0.01,9,13714,卖盘
1921,14:08:04,15.23,0.0,2,3046,卖盘
1922,14:08:12,15.23,0.0,2,3046,卖盘
1923,14:08:15,15.27,0.04,1,1527,买盘
1924,14:08:18,15.27,0.0,1,1527,卖盘
1925,14:08:22,15.28,0.01,10,15275,买盘
1926,14:08:31,15.27,-0.01,12,18324,卖盘
1927,14:08:33,15.27,0.0,3,4581,买盘
1928,14:08:40,15.28,0.01,46,70285,买盘
1929,14:08:42,15.28,0.0,13,19864,买盘
1930,14:08:51,15.28,0.0,7,10696,买盘
1931,14:08:55,15.28,0.0,18,27504,买盘
1932,14:09:01,15.23,-0.05,5,7619,卖盘
1933,14:09:04,15.23,0.0,5,7615,买盘
1934,14:09:15,15.23,0.0,10,15230,卖盘
1935,14:09:18,15.23,0.0,1,1523,卖盘
1936,14:09:21,15.28,0.05,6,9168,买盘
1937,14:09:27,15.23,-0.05,9,13707,卖盘
1938,14:09:30,15.23,0.0,1,1523,卖盘
1939,14:09:33,15.24,0.01,1,1524,中性盘
1940,14:09:51,15.27,0.03,5,7635,买盘
1941,14:10:06,15.23,-0.04,7,10661,卖盘
1942,14:10:09,15.27,0.04,71,108410,买盘
1943,14:10:12,15.28,0.01,47,71812,买盘
1944,14:10:24,15.28,0.0,7,10696,买盘
1945,14:10:27,15.23,-0.05,1,1523,卖盘
1946,14:10:30,15.23,0.0,14,21322,卖盘
1947,14:10:49,15.24,0.01,1,1524,卖盘
1948,14:10:52,15.23,-0.01,11,16756,卖盘
1949,14:10:55,15.28,0.05,7,10696,买盘
1950,14:11:00,15.23,-0.05,14,21322,卖盘
1951,14:11:04,15.28,0.05,1,1528,买盘
1952,14:11:12,15.23,-0.05,50,76150,卖盘
1953,14:11:15,15.27,0.04,52,79380,买盘
1954,14:11:22,15.23,-0.04,5,7615,卖盘
1955,14:11:25,15.27,0.04,6,9162,买盘
1956,14:11:27,15.23,-0.04,1,1523,卖盘
1957,14:11:36,15.23,0.0,20,30460,卖盘
1958,14:11:40,15.27,0.04,49,74823,买盘
1959,14:11:42,15.27,0.0,40,61078,买盘
1960,14:11:45,15.23,-0.04,1,1523,卖盘
1961,14:11:51,15.23,0.0,7,10661,卖盘
1962,14:11:54,15.25,0.02,6,9150,买盘
1963,14:12:00,15.23,-0.02,17,25893,卖盘
1964,14:12:09,15.22,-0.01,1,1522,卖盘
1965,14:12:24,15.23,0.01,6,9138,买盘
1966,14:12:27,15.23,0.0,5,7611,买盘
1967,14:12:30,15.21,-0.02,64,97359,卖盘
1968,14:12:33,15.25,0.04,44,67004,买盘
1969,14:12:39,15.22,-0.03,12,18264,买盘
1970,14:12:45,15.22,0.0,11,16742,卖盘
1971,14:12:48,15.22,0.0,2,3044,卖盘
1972,14:12:54,15.25,0.03,2,3050,买盘
1973,14:13:04,15.25,0.0,2,3050,卖盘
1974,14:13:07,15.25,0.0,3,4575,卖盘
1975,14:13:10,15.26,0.01,49,74774,买盘
1976,14:13:13,15.27,0.01,37,56497,买盘
1977,14:13:24,15.27,0.0,7,10689,买盘
1978,14:13:33,15.23,-0.04,11,16773,卖盘
1979,14:13:39,15.23,0.0,1,1523,卖盘
1980,14:13:42,15.23,0.0,6,9138,买盘
1981,14:13:54,15.23,0.0,1,1523,卖盘
1982,14:13:57,15.25,0.02,7,10675,买盘
1983,14:14:01,15.22,-0.03,11,16749,卖盘
1984,14:14:24,15.25,0.03,5,7625,买盘
1985,14:14:43,15.26,0.01,110,167792,买盘
1986,14:14:45,15.26,0.0,64,97726,卖盘
1987,14:14:57,15.27,0.01,7,10689,买盘
1988,14:15:06,15.27,0.0,1,1527,买盘
1989,14:15:15,15.26,-0.01,11,16786,卖盘
1990,14:15:21,15.26,0.0,8,12208,卖盘
1991,14:15:24,15.26,0.0,10,15260,卖盘
1992,14:15:27,15.26,0.0,6,9161,卖盘
1993,14:15:30,15.22,-0.04,14,21316,卖盘
1994,14:15:33,15.27,0.05,12,18319,买盘
1995,14:15:36,15.27,0.0,36,54971,买盘
1996,14:15:57,15.23,0.01,6,9284,中性盘
1997,14:16:04,15.23,0.0,1,1523,卖盘
1998,14:16:06,15.23,0.0,7,10707,卖盘
1999,14:16:12,15.27,0.04,70,106872,买盘
2000,14:16:15,15.27,0.0,36,55028,买盘
2001,14:16:21,15.26,-0.01,1,1526,卖盘
2002,14:16:27,15.27,0.01,7,10689,买盘
2003,14:16:33,15.26,-0.01,13,19838,卖盘
2004,14:16:54,15.27,0.01,50,76350,买盘
2005,14:16:57,15.26,-0.01,42,64145,卖盘
2006,14:17:00,15.23,-0.03,16,24380,卖盘
2007,14:17:15,15.23,0.0,7,10661,卖盘
2008,14:17:27,15.26,0.03,6,9153,买盘
2009,14:17:37,15.23,-0.03,13,19799,卖盘
2010,14:17:39,15.26,0.03,64,97325,买盘
2011,14:17:42,15.28,0.02,47,71789,买盘
2012,14:17:57,15.28,0.0,7,10696,买盘
2013,14:18:04,15.23,-0.05,11,16768,卖盘
2014,14:18:10,15.25,0.02,1,1525,卖盘
2015,14:18:21,15.25,0.0,1,1525,卖盘
2016,14:18:27,15.28,0.03,5,7640,买盘
2017,14:18:31,15.24,-0.04,12,18283,卖盘
2018,14:18:33,15.24,0.0,4,6111,买盘
2019,14:18:36,15.24,0.0,11,16764,卖盘
2020,14:18:57,15.28,0.04,5,7640,买盘
2021,14:19:12,15.24,0.0,73,111556,卖盘
2022,14:19:15,15.24,0.0,30,45720,卖盘
2023,14:19:18,15.28,0.04,53,80984,卖盘
2024,14:19:28,15.28,0.0,8,12224,买盘
2025,14:19:33,15.23,-0.05,18,27415,买盘
2026,14:19:36,15.23,0.0,2,3046,卖盘
2027,14:19:39,15.27,0.04,8,12231,卖盘
2028,14:19:42,15.28,0.01,9,13752,买盘
2029,14:19:54,15.28,0.0,1,1528,卖盘
2030,14:19:57,15.29,0.01,7,10702,买盘
2031,14:20:00,15.27,-0.02,13,19845,卖盘
2032,14:20:27,15.27,0.04,2,3069,买盘
2033,14:20:33,15.27,0.0,4,6093,卖盘
2034,14:20:39,15.28,0.01,22,33624,买盘
2035,14:20:48,15.28,0.0,7,10696,卖盘
2036,14:20:57,15.29,0.01,16,24454,买盘
2037,14:21:06,15.24,-0.05,34,51952,卖盘
2038,14:21:24,15.24,0.0,1,1494,买盘
2039,14:21:27,15.24,0.0,4,6098,卖盘
2040,14:21:30,15.25,0.01,1,1525,买盘
2041,14:21:33,15.23,-0.02,11,16758,卖盘
2042,14:22:00,15.25,0.02,1,1556,买盘
2043,14:22:04,15.25,0.0,2,3050,卖盘
2044,14:22:12,15.28,0.03,61,93201,买盘
2045,14:22:15,15.28,0.0,1,1513,买盘
2046,14:22:27,15.28,0.0,6,9168,买盘
2047,14:22:30,15.23,-0.05,2,3035,卖盘
2048,14:22:33,15.23,0.0,47,71703,卖盘
2049,14:22:45,15.29,0.06,4,6115,买盘
2050,14:22:57,15.29,0.0,8,12232,买盘
2051,14:23:00,15.24,-0.05,16,24384,卖盘
2052,14:23:12,15.24,0.0,3,4572,卖盘
2053,14:23:15,15.28,0.04,20,30560,买盘
2054,14:23:21,15.24,-0.04,1,1524,卖盘
2055,14:23:27,15.29,0.05,5,7645,买盘
2056,14:23:42,15.29,0.05,39,59599,买盘
2057,14:23:48,15.28,-0.01,1,1528,中性盘
2058,14:23:57,15.24,-0.04,7,10718,卖盘
2059,14:24:03,15.24,0.0,19,28956,卖盘
2060,14:24:18,15.24,0.0,8,12192,卖盘
2061,14:24:27,15.29,0.05,5,7645,买盘
2062,14:24:30,15.24,-0.05,17,25928,卖盘
2063,14:24:42,15.24,0.0,11,16764,卖盘
2064,14:24:51,15.28,0.04,1,1528,卖盘
2065,14:24:57,15.29,0.01,6,9174,买盘
2066,14:25:00,15.28,-0.01,6,9168,卖盘
2067,14:25:15,15.29,0.01,65,99352,买盘
2068,14:25:18,15.26,-0.03,2,3052,卖盘
2069,14:25:27,15.27,0.01,1,1527,买盘
2070,14:25:33,15.26,-0.01,9,13724,卖盘
2071,14:25:51,15.24,0.0,1,1524,卖盘
2072,14:25:57,15.26,0.02,5,7645,买盘
2073,14:26:00,15.24,-0.02,11,16768,卖盘
2074,14:26:03,15.28,0.04,3,4582,买盘
2075,14:26:06,15.24,-0.04,11,16776,卖盘
2076,14:26:09,15.28,0.04,10,15280,中性盘
2077,14:26:19,15.24,-0.04,7,10668,卖盘
2078,14:26:27,15.28,0.04,7,10696,买盘
2079,14:26:39,15.29,0.01,53,80997,买盘
2080,14:26:57,15.29,0.05,6,9174,买盘
2081,14:27:03,15.24,-0.05,11,16764,卖盘
2082,14:27:06,15.28,0.04,6,9168,买盘
2083,14:27:24,15.24,-0.04,1,1524,卖盘
2084,14:27:30,15.27,0.03,2,3054,买盘
2085,14:27:33,15.24,-0.03,11,16764,卖盘
2086,14:27:36,15.27,0.03,10,15270,买盘
2087,14:28:04,15.24,0.0,4,6096,卖盘
2088,14:28:12,15.24,0.0,7,10683,卖盘
2089,14:28:15,15.29,0.05,75,114603,买盘
2090,14:28:33,15.24,-0.05,11,16764,卖盘
2091,14:28:36,15.28,0.04,6,9168,中性盘
2092,14:28:51,15.24,-0.04,1,1524,卖盘
2093,14:29:03,15.24,0.0,14,21336,卖盘
2094,14:29:42,15.29,0.05,63,96318,买盘
2095,14:29:45,15.28,-0.01,10,15280,卖盘
2096,14:29:48,15.26,-0.02,9,13734,买盘
2097,14:30:00,15.24,-0.02,7,10668,卖盘
2098,14:30:03,15.24,0.0,14,21336,卖盘
2099,14:30:06,15.26,0.02,7,10682,买盘
2100,14:30:16,15.26,0.02,34,52403,买盘
2101,14:30:18,15.27,0.01,17,25968,买盘
2102,14:30:21,15.28,0.01,7,10696,买盘
2103,14:30:24,15.26,-0.02,13,19846,卖盘
2104,14:30:30,15.23,-0.03,24,36564,卖盘
2105,14:30:33,15.27,0.04,10,15267,买盘
2106,14:30:36,15.28,0.01,6,9167,买盘
2107,14:30:46,15.23,-0.05,2,3046,卖盘
2108,14:30:51,15.28,0.05,5,7639,买盘
2109,14:31:13,15.29,0.06,53,81029,买盘
2110,14:31:18,15.23,-0.06,9,13722,卖盘
2111,14:31:21,15.24,0.01,2,3048,卖盘
2112,14:31:27,15.28,0.04,20,30560,卖盘
2113,14:31:30,15.28,0.0,16,24448,买盘
2114,14:31:33,15.24,-0.04,14,21336,卖盘
2115,14:32:04,15.24,0.0,13,19812,卖盘
2116,14:32:06,15.24,0.0,1,1524,卖盘
2117,14:32:12,15.24,0.0,30,45720,卖盘
2118,14:32:15,15.28,0.04,23,35104,买盘
2119,14:32:18,15.28,0.0,3,4584,买盘
2120,14:32:33,15.23,0.0,2,3046,卖盘
2121,14:32:43,15.28,0.05,17,25964,买盘
2122,14:32:46,15.28,0.0,47,71816,卖盘
2123,14:32:51,15.28,0.0,13,19864,卖盘
2124,14:33:00,15.28,0.0,15,22920,卖盘
2125,14:33:03,15.23,-0.05,14,21342,卖盘
2126,14:33:10,15.23,0.0,1,1523,卖盘
2127,14:33:34,15.24,0.01,10,15255,卖盘
2128,14:33:37,15.28,0.04,6,9168,买盘
2129,14:34:07,15.24,0.0,6,9144,卖盘
2130,14:34:10,15.27,0.03,11,16794,买盘
2131,14:34:15,15.28,0.01,27,41212,买盘
2132,14:34:19,15.28,0.0,20,30560,卖盘
2133,14:34:21,15.28,0.0,64,97792,卖盘
2134,14:34:25,15.28,0.0,1,1528,卖盘
2135,14:34:27,15.28,0.0,8,12224,卖盘
2136,14:34:36,15.28,0.0,31,47296,买盘
2137,14:34:39,15.24,-0.04,22,33631,卖盘
2138,14:35:04,15.24,0.0,15,22860,卖盘
2139,14:35:06,15.24,0.0,1,1524,卖盘
2140,14:35:15,15.24,0.0,1,1524,卖盘
2141,14:35:18,15.24,0.0,7,10668,卖盘
2142,14:35:43,15.28,0.04,2,3056,买盘
2143,14:35:46,15.29,0.01,68,103958,买盘
2144,14:35:49,15.24,-0.05,13,19812,卖盘
2145,14:35:54,15.24,0.0,20,30552,卖盘
2146,14:36:04,15.24,0.0,11,16764,卖盘
2147,14:36:06,15.24,0.0,19,28956,卖盘
2148,14:36:21,15.29,0.05,1,1529,买盘
2149,14:36:33,15.24,-0.05,11,16764,卖盘
2150,14:36:36,15.28,0.04,18,27504,中性盘
2151,14:36:48,15.29,0.01,6,9189,买盘
2152,14:36:54,15.29,0.05,4,6116,买盘
2153,14:37:06,15.24,-0.05,7,10668,卖盘
2154,14:37:09,15.24,0.0,1,1524,卖盘
2155,14:37:15,15.29,0.05,56,85611,买盘
2156,14:37:33,15.24,-0.05,12,18288,卖盘
2157,14:37:36,15.24,0.0,7,10668,卖盘
2158,14:37:57,15.24,0.0,1,1539,卖盘
2159,14:38:00,15.28,0.04,6,9160,买盘
2160,14:38:04,15.24,-0.04,29,44220,卖盘
2161,14:38:06,15.24,0.0,42,64068,卖盘
2162,14:38:09,15.28,0.04,9,13751,买盘
2163,14:38:16,15.23,0.0,55,83765,卖盘
2164,14:38:18,15.25,0.02,32,48790,买盘
2165,14:38:21,15.22,-0.03,51,77664,卖盘
2166,14:38:24,15.25,0.03,24,36594,买盘
2167,14:38:36,15.25,0.0,30,45750,买盘
2168,14:38:39,15.25,0.0,6,9150,买盘
2169,14:38:42,15.22,-0.03,38,57871,卖盘
2170,14:38:45,15.26,0.04,70,106761,买盘
2171,14:38:48,15.28,0.02,38,58061,买盘
2172,14:39:04,15.23,-0.05,14,21337,卖盘
2173,14:39:06,15.22,-0.01,26,39233,卖盘
2174,14:39:09,15.26,0.04,23,35440,卖盘
2175,14:39:33,15.24,-0.02,25,38100,买盘
2176,14:39:36,15.27,0.03,6,9162,买盘
2177,14:39:42,15.24,0.0,10,15240,卖盘
2178,14:39:46,15.26,0.02,11,16786,买盘
2179,14:40:06,15.24,-0.02,5,7620,卖盘
2180,14:40:13,15.25,0.02,67,102175,买盘
2181,14:40:15,15.24,-0.01,29,44224,卖盘
2182,14:40:19,15.25,0.01,2,3050,买盘
2183,14:40:25,15.24,-0.01,3,4572,卖盘
2184,14:40:37,15.23,-0.01,22,33506,卖盘
2185,14:40:40,15.24,0.01,6,9144,买盘
2186,14:40:43,15.24,0.0,32,48746,买盘
2187,14:40:48,15.23,-0.01,1,1508,买盘
2188,14:40:57,15.23,0.0,2,3061,买盘
2189,14:41:04,15.22,-0.01,16,24359,卖盘
2190,14:41:07,15.25,0.03,7,10685,买盘
2191,14:41:10,15.25,0.0,11,16775,买盘
2192,14:41:12,15.22,-0.03,7,10654,卖盘
2193,14:41:19,15.24,0.02,1,1524,中性盘
2194,14:41:22,15.24,0.0,29,44196,卖盘
2195,14:41:25,15.25,0.01,6,9150,买盘
2196,14:41:40,15.22,-0.03,85,129370,卖盘
2197,14:41:42,15.25,0.03,41,62486,买盘
2198,14:41:45,15.25,0.0,60,91500,买盘
2199,14:41:48,15.25,0.0,28,42700,买盘
2200,14:42:01,15.24,-0.01,20,30480,买盘
2201,14:42:07,15.24,0.0,15,22860,卖盘
2202,14:42:10,15.22,-0.02,56,85334,卖盘
2203,14:42:13,15.24,0.02,16,24384,买盘
2204,14:42:16,15.24,0.0,30,45720,买盘
2205,14:42:19,15.24,0.0,6,9144,买盘
2206,14:42:21,15.24,0.0,11,15248,买盘
2207,14:42:24,15.24,0.0,11,16764,买盘
2208,14:42:27,15.23,-0.01,20,30460,卖盘
2209,14:42:33,15.23,0.0,9,13707,卖盘
2210,14:42:36,15.24,0.01,6,9144,买盘
2211,14:42:40,15.23,-0.01,4,7585,卖盘
2212,14:42:43,15.23,0.0,11,16751,买盘
2213,14:42:46,15.22,-0.01,18,27416,卖盘
2214,14:42:49,15.24,0.02,3,4572,买盘
2215,14:42:58,15.22,-0.02,5,7610,卖盘
2216,14:43:01,15.24,0.02,29,44150,买盘
2217,14:43:04,15.24,0.0,10,15240,买盘
2218,14:43:10,15.24,0.0,19,28952,买盘
2219,14:43:12,15.25,0.01,11,16771,买盘
2220,14:43:15,15.25,0.0,63,96075,买盘
2221,14:43:19,15.27,0.02,30,45777,买盘
2222,14:43:21,15.24,-0.03,15,22865,卖盘
2223,14:43:25,15.24,0.0,2,3048,买盘
2224,14:43:28,15.23,-0.01,29,42687,中性盘
2225,14:43:31,15.27,0.04,14,21388,买盘
2226,14:43:34,15.28,0.01,9,13752,买盘
2227,14:43:37,15.23,-0.05,15,22830,卖盘
2228,14:43:40,15.23,0.0,1,1538,卖盘
2229,14:43:43,15.23,0.0,10,15237,卖盘
2230,14:44:04,15.23,0.0,14,21328,卖盘
2231,14:44:07,15.27,0.04,11,16797,买盘
2232,14:44:10,15.28,0.01,7,10696,买盘
2233,14:44:12,15.25,-0.03,1,1525,买盘
2234,14:44:22,15.23,-0.02,1,1523,卖盘
2235,14:44:24,15.23,0.0,1,1523,卖盘
2236,14:44:28,15.23,0.0,1,1523,卖盘
2237,14:44:31,15.23,0.0,7,10661,卖盘
2238,14:44:45,15.27,0.04,21,32081,买盘
2239,14:44:49,15.27,0.0,39,59538,卖盘
2240,14:44:52,15.28,0.01,26,39725,买盘
2241,14:45:06,15.28,0.0,39,59527,买盘
2242,14:45:10,15.28,0.0,29,44373,买盘
2243,14:45:16,15.28,0.0,1,1467,买盘
2244,14:45:37,15.24,-0.04,10,15240,卖盘
2245,14:46:12,15.24,0.0,18,27432,卖盘
2246,14:46:15,15.28,0.04,83,126788,买盘
2247,14:46:18,15.28,0.0,20,30618,卖盘
2248,14:46:27,15.28,0.0,8,12163,卖盘
2249,14:46:31,15.25,-0.03,13,19886,买盘
2250,14:46:34,15.24,-0.01,13,19825,卖盘
2251,14:46:42,15.28,0.04,6,9168,卖盘
2252,14:46:45,15.28,0.0,10,15280,买盘
2253,14:46:51,15.24,-0.04,18,27372,卖盘
2254,14:46:54,15.24,0.0,1,1585,卖盘
2255,14:47:00,15.29,0.05,59,90156,买盘
2256,14:47:07,15.27,-0.02,1,1527,卖盘
2257,14:47:28,15.27,0.0,1,1527,卖盘
2258,14:47:30,15.25,-0.02,2,3050,中性盘
2259,14:47:43,15.27,0.02,2,3054,买盘
2260,14:47:46,15.28,0.01,17,25976,买盘
2261,14:47:49,15.28,0.0,9,13752,买盘
2262,14:47:51,15.28,0.0,7,10696,买盘
2263,14:47:57,15.28,0.0,13,19864,卖盘
2264,14:48:03,15.24,-0.04,12,18297,卖盘
2265,14:48:07,15.28,0.04,11,16808,买盘
2266,14:48:10,15.28,0.0,6,9168,买盘
2267,14:48:21,15.25,-0.03,12,18300,中性盘
2268,14:48:24,15.28,0.03,13,19861,买盘
2269,14:48:27,15.28,0.0,5,7640,买盘
2270,14:48:30,15.28,0.0,63,96325,卖盘
2271,14:48:33,15.28,0.0,15,22922,买盘
2272,14:48:58,15.28,0.0,1,1528,卖盘
2273,14:49:00,15.25,-0.03,66,100686,卖盘
2274,14:49:04,15.25,0.0,85,129625,买盘
2275,14:49:06,15.28,0.03,25,38200,中性盘
2276,14:49:09,15.28,0.0,5,7637,买盘
2277,14:49:13,15.28,0.0,1,1528,买盘
2278,14:49:15,15.29,0.01,1,1529,买盘
2279,14:49:30,15.25,-0.04,1,1525,卖盘
2280,14:49:36,15.25,0.0,4,6100,卖盘
2281,14:49:39,15.29,0.04,13,19877,买盘
2282,14:49:51,15.25,-0.04,14,21356,卖盘
2283,14:49:54,15.28,0.03,5,7640,中性盘
2284,14:49:58,15.24,-0.04,36,54899,卖盘
2285,14:50:00,15.29,0.05,38,58102,买盘
2286,14:50:07,15.25,-0.04,1,1525,卖盘
2287,14:50:28,15.25,0.0,1,1525,卖盘
2288,14:50:40,15.25,0.0,4,6100,卖盘
2289,14:50:54,15.26,0.01,1,1526,卖盘
2290,14:51:19,15.25,-0.01,68,103713,卖盘
2291,14:51:21,15.25,0.0,23,35075,买盘
2292,14:51:24,15.25,0.0,27,41175,买盘
2293,14:51:28,15.27,0.02,13,19851,买盘
2294,14:51:30,15.25,-0.02,13,19825,卖盘
2295,14:51:33,15.27,0.02,43,65641,买盘
2296,14:51:37,15.27,0.0,17,25955,买盘
2297,14:51:40,15.27,0.0,1,1527,买盘
2298,14:51:52,15.24,-0.03,80,121926,卖盘
2299,14:51:55,15.24,0.0,107,163068,买盘
2300,14:51:57,15.23,-0.01,42,64022,卖盘
2301,14:52:22,15.23,0.0,1,1523,卖盘
2302,14:52:25,15.27,0.04,7,10689,买盘
2303,14:52:28,15.28,0.01,3,4584,买盘
2304,14:52:34,15.28,0.0,45,68741,买盘
2305,14:52:37,15.28,0.0,197,301016,卖盘
2306,14:52:40,15.28,0.0,17,25976,卖盘
2307,14:52:42,15.28,0.0,30,45840,卖盘
2308,14:52:46,15.28,0.0,14,21392,卖盘
2309,14:52:54,15.28,0.0,8,12224,卖盘
2310,14:52:57,15.28,0.0,22,33616,买盘
2311,14:53:04,15.29,0.01,34,51986,买盘
2312,14:53:10,15.28,-0.01,3,4586,卖盘
2313,14:53:13,15.29,0.01,35,53515,买盘
2314,14:53:19,15.28,-0.01,14,21392,卖盘
2315,14:53:21,15.28,0.0,5,7640,买盘
2316,14:53:24,15.27,-0.01,1,1527,卖盘
2317,14:53:33,15.28,0.01,4,6112,买盘
2318,14:53:43,15.28,0.0,16,24448,买盘
2319,14:53:46,15.28,0.0,9,13752,买盘
2320,14:53:55,15.28,0.0,1,1528,买盘
2321,14:54:00,15.29,0.01,88,134840,买盘
2322,14:54:04,15.29,0.0,1,1529,卖盘
2323,14:54:07,15.29,0.0,5,7293,卖盘
2324,14:54:12,15.27,-0.02,1,1527,买盘
2325,14:54:25,15.27,0.0,2,3054,卖盘
2326,14:54:34,15.28,0.01,12,18335,买盘
2327,14:54:37,15.28,0.0,7,10693,买盘
2328,14:54:39,15.28,0.0,2,4278,买盘
2329,14:54:55,15.27,-0.01,1,305,买盘
2330,14:54:58,15.27,0.0,1,1527,买盘
2331,14:55:15,15.27,0.0,1,1527,买盘
2332,14:55:19,15.27,0.0,1,1527,买盘
2333,14:55:21,15.24,-0.03,1,1524,卖盘
2334,14:55:37,15.26,0.02,10,15260,买盘
2335,14:55:39,15.26,0.0,5,7630,买盘
2336,14:55:42,15.26,0.0,2,3052,买盘
2337,14:55:48,15.26,0.0,1,1526,买盘
2338,14:55:55,15.24,-0.02,7,10668,卖盘
2339,14:55:58,15.25,0.01,6,9153,买盘
2340,14:56:01,15.25,0.0,2,3050,买盘
2341,14:56:06,15.24,-0.01,76,115824,卖盘
2342,14:56:09,15.25,0.01,58,88450,买盘
2343,14:56:12,15.26,0.01,10,15259,买盘
2344,14:56:25,15.26,0.0,31,47306,买盘
2345,14:56:37,15.26,0.0,1,1526,买盘
2346,14:56:51,15.26,0.0,1,1526,买盘
2347,14:56:58,15.26,0.0,2,3052,中性盘
2348,15:00:04,15.27,0.01,192,293184,卖盘
