,time,price,change,volume,amount,type
0,09:30:04,6.56,0.0,135,88317,买盘
1,09:30:07,6.55,-0.01,52,34085,买盘
2,09:30:16,6.55,0.0,9,5895,卖盘
3,09:30:22,6.56,0.01,23,15088,买盘
4,09:30:25,6.56,0.0,248,162688,买盘
5,09:30:31,6.56,0.0,46,30176,买盘
6,09:30:34,6.56,0.0,23,15088,买盘
7,09:30:46,6.56,0.0,10,6560,买盘
8,09:31:00,6.56,0.0,36,23616,买盘
9,09:31:03,6.56,0.0,51,33456,买盘
10,09:31:06,6.56,0.0,36,23616,买盘
11,09:31:10,6.56,0.0,3,1968,买盘
12,09:31:15,6.56,0.0,14,9184,买盘
13,09:31:25,6.57,0.01,18,11826,买盘
14,09:31:28,6.56,-0.01,31,20336,卖盘
15,09:31:37,6.55,-0.01,8,5240,卖盘
16,09:31:40,6.56,0.01,15,9840,买盘
17,09:31:42,6.56,0.0,166,108896,买盘
18,09:31:49,6.56,0.0,8,5248,买盘
19,09:31:58,6.56,0.0,3,1968,买盘
20,09:32:01,6.56,0.0,20,13120,买盘
21,09:32:04,6.56,0.0,4,2624,买盘
22,09:32:09,6.56,0.0,100,65600,买盘
23,09:32:13,6.56,0.0,19,12464,买盘
24,09:32:15,6.56,0.0,1,656,买盘
25,09:32:31,6.56,0.0,7,4592,买盘
26,09:32:37,6.56,0.0,24,15724,买盘
27,09:32:40,6.55,-0.01,38,24890,卖盘
28,09:32:55,6.55,0.0,41,26855,卖盘
29,09:32:57,6.56,0.01,50,32800,买盘
30,09:33:00,6.56,0.0,26,17056,买盘
31,09:33:07,6.56,0.0,119,78064,买盘
32,09:33:10,6.58,0.02,22,14474,买盘
33,09:33:12,6.56,-0.02,1,656,卖盘
34,09:33:19,6.56,0.0,1,656,卖盘
35,09:33:22,6.56,0.0,1,656,卖盘
36,09:33:25,6.57,0.01,5,3285,买盘
37,09:33:28,6.57,0.0,27,17727,买盘
38,09:33:31,6.56,-0.01,1,656,卖盘
39,09:33:37,6.56,0.0,3,1968,卖盘
40,09:33:43,6.56,0.0,1,656,卖盘
41,09:33:48,6.56,0.0,1,656,卖盘
42,09:33:52,6.56,0.0,1,656,卖盘
43,09:33:58,6.56,0.0,32,21012,卖盘
44,09:34:01,6.56,0.0,21,13776,卖盘
45,09:34:04,6.57,0.01,9,5908,买盘
46,09:34:13,6.56,-0.01,1,656,卖盘
47,09:34:19,6.56,0.0,1,656,卖盘
48,09:34:25,6.56,0.0,1,656,卖盘
49,09:34:28,6.56,0.0,1,656,卖盘
50,09:34:31,6.56,0.0,11,7221,卖盘
51,09:34:36,6.56,0.0,2,1312,卖盘
52,09:34:40,6.56,0.0,9,5904,卖盘
53,09:34:46,6.56,0.0,3,1968,卖盘
54,09:34:49,6.56,0.0,32,20992,卖盘
55,09:34:58,6.56,0.0,43,28247,卖盘
56,09:35:01,6.57,0.01,6,3941,买盘
57,09:35:10,6.56,-0.01,5,3280,卖盘
58,09:35:12,6.56,0.0,10,6560,卖盘
59,09:35:16,6.56,0.0,30,19680,卖盘
60,09:35:19,6.56,0.0,11,7216,卖盘
61,09:35:22,6.56,0.0,10,6560,卖盘
62,09:35:24,6.55,-0.01,42,27545,卖盘
63,09:35:28,6.55,0.0,2,1310,卖盘
64,09:35:31,6.55,0.0,10,6550,卖盘
65,09:35:34,6.55,0.0,13,8515,卖盘
66,09:35:37,6.56,0.01,15,9829,买盘
67,09:35:40,6.55,-0.01,31,20305,卖盘
68,09:35:43,6.55,0.0,14,9170,卖盘
69,09:35:46,6.55,0.0,2,1310,卖盘
70,09:35:49,6.55,0.0,9,5895,卖盘
71,09:35:52,6.55,0.0,2,1310,卖盘
72,09:35:55,6.55,0.0,10,6550,卖盘
73,09:35:58,6.55,0.0,58,37990,卖盘
74,09:36:04,6.54,-0.01,24,15718,卖盘
75,09:36:07,6.55,0.01,13,8507,买盘
76,09:36:10,6.54,-0.01,4,2619,卖盘
77,09:36:13,6.54,0.0,1,654,卖盘
78,09:36:16,6.52,-0.02,12,7840,卖盘
79,09:36:21,6.53,0.01,1,653,中性盘
80,09:36:28,6.52,-0.01,11,7172,卖盘
81,09:36:30,6.52,0.0,1,652,卖盘
82,09:36:34,6.54,0.02,4,2616,买盘
83,09:36:37,6.54,0.0,1,654,卖盘
84,09:36:39,6.52,-0.02,34,22172,卖盘
85,09:36:42,6.52,0.0,9,5868,买盘
86,09:36:46,6.53,0.01,1,653,中性盘
87,09:36:49,6.52,-0.01,93,60659,卖盘
88,09:36:52,6.52,0.0,14,9128,买盘
89,09:36:57,6.52,0.0,122,79544,卖盘
90,09:37:04,6.52,0.0,15,9780,卖盘
91,09:37:07,6.52,0.0,9,5868,卖盘
92,09:37:10,6.51,-0.01,211,137402,卖盘
93,09:37:13,6.52,0.01,19,12405,买盘
94,09:37:16,6.52,0.0,16,10432,卖盘
95,09:37:18,6.54,0.02,12,7846,买盘
96,09:37:24,6.52,-0.02,1,652,卖盘
97,09:37:34,6.53,0.01,2,1306,买盘
98,09:37:37,6.52,-0.01,6,3917,卖盘
99,09:37:40,6.52,0.0,1,652,卖盘
100,09:37:43,6.53,0.01,20,13060,买盘
101,09:37:58,6.52,-0.01,42,27384,卖盘
102,09:38:01,6.52,0.0,1,652,卖盘
103,09:38:06,6.52,0.0,4,2608,卖盘
104,09:38:09,6.52,0.0,23,15001,卖盘
105,09:38:13,6.53,0.01,10,6530,买盘
106,09:38:19,6.52,-0.01,2,1304,卖盘
107,09:38:25,6.52,0.0,2,1304,卖盘
108,09:38:28,6.52,0.0,1,652,卖盘
109,09:38:34,6.53,0.01,10,6530,买盘
110,09:38:37,6.52,-0.01,20,13045,卖盘
111,09:38:40,6.52,0.0,10,6520,卖盘
112,09:38:46,6.52,0.0,2,1304,卖盘
113,09:38:58,6.52,0.0,2,1304,卖盘
114,09:39:01,6.52,0.0,18,11736,卖盘
115,09:39:04,6.52,0.0,1,652,卖盘
116,09:39:06,6.52,0.0,10,6520,卖盘
117,09:39:10,6.53,0.01,10,6521,买盘
118,09:39:13,6.53,0.0,4,2612,买盘
119,09:39:19,6.52,-0.01,2,1304,卖盘
120,09:39:22,6.52,0.0,1,652,卖盘
121,09:39:28,6.52,0.0,1,652,卖盘
122,09:39:34,6.53,0.01,1,653,买盘
123,09:39:37,6.53,0.0,5,3265,买盘
124,09:39:39,6.52,-0.01,8,5216,卖盘
125,09:39:43,6.5,-0.02,466,303888,卖盘
126,09:39:49,6.51,0.01,2,1302,卖盘
127,09:39:52,6.5,-0.01,1,650,卖盘
128,09:39:55,6.51,0.01,13,8462,买盘
129,09:40:01,6.5,-0.01,36,23433,卖盘
130,09:40:04,6.52,0.02,19,12388,买盘
131,09:40:07,6.52,0.0,1,652,卖盘
132,09:40:10,6.52,0.0,51,33288,卖盘
133,09:40:13,6.52,0.0,15,9780,卖盘
134,09:40:31,6.53,0.01,7,4571,买盘
135,09:40:33,6.52,-0.01,1,652,卖盘
136,09:40:36,6.53,0.01,8,5223,买盘
137,09:40:43,6.53,0.0,4,2612,买盘
138,09:40:49,6.52,-0.01,2,1304,卖盘
139,09:40:54,6.52,0.0,1,652,卖盘
140,09:41:04,6.52,0.0,30,19560,卖盘
141,09:41:07,6.52,0.0,2,1304,卖盘
142,09:41:12,6.53,0.01,5,3265,买盘
143,09:41:19,6.52,-0.01,1,652,卖盘
144,09:41:28,6.53,0.01,10,6530,买盘
145,09:41:31,6.53,0.0,38,24814,买盘
146,09:41:36,6.54,0.01,27,17658,买盘
147,09:41:42,6.54,0.0,31,20274,买盘
148,09:41:46,6.54,0.0,1,654,买盘
149,09:41:52,6.54,0.0,1,654,买盘
150,09:41:54,6.54,0.0,9,5886,买盘
151,09:41:58,6.54,0.0,16,10464,买盘
152,09:42:00,6.53,-0.01,17,11107,卖盘
153,09:42:04,6.54,0.01,10,6540,买盘
154,09:42:13,6.54,0.0,8,5231,买盘
155,09:42:16,6.53,-0.01,5,3267,卖盘
156,09:42:22,6.54,0.01,2,1308,买盘
157,09:42:28,6.53,-0.01,1,522,卖盘
158,09:42:31,6.53,0.0,1,398,卖盘
159,09:42:36,6.54,0.01,5,3270,买盘
160,09:43:01,6.54,0.0,5,3270,买盘
161,09:43:04,6.54,0.0,65,42510,买盘
162,09:43:10,6.53,-0.01,60,39180,卖盘
163,09:43:36,6.54,0.01,4,2616,买盘
164,09:43:40,6.54,0.0,4,2616,买盘
165,09:44:09,6.54,0.01,5,3270,买盘
166,09:44:19,6.54,0.0,65,42510,买盘
167,09:44:37,6.54,0.0,180,117720,买盘
168,09:44:39,6.55,0.01,56,36630,买盘
169,09:44:49,6.54,-0.01,40,26160,卖盘
170,09:45:04,6.54,0.0,3,1962,卖盘
171,09:45:16,6.55,0.01,2,1310,买盘
172,09:45:21,6.55,0.0,1,655,卖盘
173,09:45:37,6.55,0.0,4,2620,卖盘
174,09:45:43,6.56,0.01,5,3280,买盘
175,09:45:52,6.55,-0.01,2,1310,卖盘
176,09:45:58,6.55,0.0,20,13100,卖盘
177,09:46:04,6.55,0.0,23,15065,卖盘
178,09:46:07,6.55,0.0,5,3275,买盘
179,09:46:27,6.54,-0.01,38,24852,卖盘
180,09:46:33,6.54,0.0,2,1308,卖盘
181,09:46:37,6.54,0.0,2,1308,卖盘
182,09:46:39,6.55,0.01,84,54940,买盘
183,09:47:04,6.55,0.0,7,4585,买盘
184,09:47:06,6.55,0.0,7,4583,买盘
185,09:47:10,6.55,0.0,1,655,买盘
186,09:47:13,6.54,-0.01,2,1308,卖盘
187,09:47:34,6.54,0.0,20,13080,卖盘
188,09:47:37,6.53,-0.01,2,1306,卖盘
189,09:47:45,6.54,0.01,15,9810,买盘
190,09:47:55,6.54,0.0,1,654,卖盘
191,09:48:04,6.54,0.0,3,1962,卖盘
192,09:48:06,6.54,0.0,6,3928,卖盘
193,09:48:15,6.54,0.0,2,1308,卖盘
194,09:48:33,6.55,0.01,5,3275,买盘
195,09:48:36,6.54,-0.01,16,10464,卖盘
196,09:48:46,6.54,0.0,30,19620,买盘
197,09:48:55,6.55,0.01,14,9170,买盘
198,09:48:58,6.54,-0.01,2,1308,卖盘
199,09:49:00,6.54,0.0,11,7194,卖盘
200,09:49:04,6.54,0.0,6,3926,买盘
201,09:49:10,6.55,0.01,6,3925,买盘
202,09:49:39,6.55,0.0,102,66712,买盘
203,09:49:49,6.55,0.0,100,65500,买盘
204,09:49:52,6.54,-0.01,38,24852,卖盘
205,09:50:01,6.53,-0.01,99,64647,卖盘
206,09:50:04,6.54,0.01,61,39891,买盘
207,09:50:07,6.55,0.01,41,26846,买盘
208,09:50:24,6.55,0.0,15,9825,买盘
209,09:50:34,6.55,0.0,5,3275,买盘
210,09:50:40,6.55,0.0,18,11790,买盘
211,09:50:49,6.54,-0.01,12,7858,卖盘
212,09:51:04,6.54,0.0,3,1962,卖盘
213,09:51:06,6.55,0.01,5,3275,买盘
214,09:51:27,6.54,-0.01,2,1308,卖盘
215,09:51:30,6.55,0.01,20,13100,买盘
216,09:51:34,6.55,0.0,4,2620,买盘
217,09:51:36,6.54,-0.01,28,18312,卖盘
218,09:51:55,6.55,0.01,5,3275,买盘
219,09:52:09,6.54,-0.01,2,1308,卖盘
220,09:52:27,6.55,0.01,5,3275,买盘
221,09:53:01,6.55,0.0,4,2620,买盘
222,09:53:28,6.55,0.0,5,3275,买盘
223,09:53:31,6.55,0.0,6,3930,买盘
224,09:53:40,6.55,0.0,3,1965,买盘
225,09:53:46,6.55,0.0,4,2620,买盘
226,09:53:49,6.55,0.0,2,1310,卖盘
227,09:54:04,6.56,0.01,8,5245,买盘
228,09:54:07,6.56,0.0,11,7216,买盘
229,09:54:09,6.55,-0.01,10,6550,卖盘
230,09:54:13,6.55,0.0,76,49780,卖盘
231,09:54:15,6.55,0.0,57,37335,买盘
232,09:54:28,6.55,0.0,5,3273,买盘
233,09:54:31,6.55,0.0,4,2620,买盘
234,09:54:36,6.55,0.0,1,655,买盘
235,09:54:42,6.54,-0.01,90,58860,卖盘
236,09:55:00,6.55,0.01,5,3275,买盘
237,09:55:06,6.54,-0.01,2,1308,卖盘
238,09:55:33,6.55,0.01,18,11790,买盘
239,09:55:43,6.54,-0.01,2,1308,卖盘
240,09:56:01,6.55,0.01,4,2620,买盘
241,09:56:13,6.55,0.0,12,7860,买盘
242,09:56:28,6.55,0.0,5,3275,买盘
243,09:56:30,6.54,-0.01,6,3928,卖盘
244,09:56:51,6.54,0.0,5,3270,卖盘
245,09:57:00,6.55,0.01,23,15065,买盘
246,09:57:12,6.54,-0.01,2,1308,卖盘
247,09:57:15,6.54,0.0,4,2616,卖盘
248,09:57:48,6.54,0.0,115,75210,卖盘
249,09:57:54,6.54,0.0,2,1308,卖盘
250,09:58:04,6.54,0.0,3,1962,卖盘
251,09:58:30,6.54,0.0,212,138648,卖盘
252,09:59:04,6.54,0.0,3,1962,卖盘
253,09:59:55,6.54,0.0,81,52974,卖盘
254,09:59:57,6.54,0.0,8,5232,卖盘
255,10:00:04,6.54,0.0,2,1308,卖盘
256,10:00:21,6.54,0.0,4,2616,卖盘
257,10:00:30,6.54,0.0,400,261600,卖盘
258,10:00:51,6.54,0.0,20,13080,卖盘
259,10:01:04,6.54,0.0,3,1962,卖盘
260,10:01:12,6.54,0.0,8,5232,卖盘
261,10:01:18,6.55,0.01,15,9825,买盘
262,10:01:22,6.55,0.0,7,4585,买盘
263,10:01:31,6.55,0.0,2,1310,买盘
264,10:01:33,6.55,0.0,7,4585,买盘
265,10:01:37,6.55,0.0,7,4585,买盘
266,10:01:40,6.55,0.0,74,48470,买盘
267,10:01:42,6.55,0.0,46,30130,买盘
268,10:01:46,6.55,0.0,48,31440,买盘
269,10:01:49,6.55,0.0,22,14410,买盘
270,10:01:52,6.56,0.01,150,98361,买盘
271,10:02:04,6.55,-0.01,3,1965,卖盘
272,10:02:45,6.55,0.0,36,23580,卖盘
273,10:02:55,6.55,0.0,50,32750,卖盘
274,10:03:01,6.55,0.0,8,5240,卖盘
275,10:03:04,6.55,0.0,6,3930,卖盘
276,10:03:12,6.56,0.01,38,24928,买盘
277,10:03:15,6.55,-0.01,14,9170,卖盘
278,10:03:34,6.55,0.0,3,1965,买盘
279,10:03:48,6.54,-0.01,8,5232,卖盘
280,10:03:55,6.55,0.01,2,1310,买盘
281,10:04:04,6.55,0.0,9,5892,买盘
282,10:04:46,6.54,-0.01,3,1962,卖盘
283,10:04:52,6.54,0.0,8,5232,卖盘
284,10:05:04,6.54,0.0,2,1308,卖盘
285,10:05:45,6.54,0.0,1,654,卖盘
286,10:06:04,6.54,0.0,3,1962,卖盘
287,10:06:07,6.54,0.0,1,654,卖盘
288,10:06:15,6.54,0.0,9,5886,卖盘
289,10:06:30,6.55,0.01,1,655,买盘
290,10:06:39,6.55,0.0,3,1965,买盘
291,10:06:42,6.54,-0.01,24,15696,卖盘
292,10:06:57,6.54,0.0,1,654,卖盘
293,10:07:04,6.54,0.0,3,1962,卖盘
294,10:07:10,6.55,0.01,1,655,买盘
295,10:07:27,6.54,-0.01,1,654,卖盘
296,10:07:36,6.55,0.01,1,655,买盘
297,10:07:46,6.55,0.0,2,1310,买盘
298,10:07:49,6.55,0.0,17,11135,买盘
299,10:07:54,6.55,0.0,3,1965,买盘
300,10:07:57,6.54,-0.01,1,654,卖盘
301,10:08:04,6.54,0.0,3,1962,卖盘
302,10:08:09,6.55,0.01,1,655,买盘
303,10:08:15,6.55,0.0,10,6550,买盘
304,10:08:24,6.54,-0.01,16,10464,卖盘
305,10:08:27,6.55,0.01,2,1310,买盘
306,10:08:30,6.55,0.0,1,655,买盘
307,10:08:37,6.54,-0.01,1,654,卖盘
308,10:08:58,6.54,0.0,8,5232,卖盘
309,10:09:04,6.54,0.0,3,1962,卖盘
310,10:09:12,6.54,0.0,211,137994,卖盘
311,10:09:39,6.54,0.0,40,26160,卖盘
312,10:09:51,6.54,0.0,203,132762,卖盘
313,10:10:12,6.54,0.0,8,5232,卖盘
314,10:10:16,6.54,0.0,2,1308,卖盘
315,10:10:22,6.53,-0.01,16,10455,卖盘
316,10:10:24,6.55,0.02,10,6545,买盘
317,10:10:49,6.54,-0.01,4,2616,买盘
318,10:10:51,6.53,-0.01,8,5224,卖盘
319,10:10:54,6.53,0.0,15,9795,卖盘
320,10:10:57,6.53,0.0,5,3265,卖盘
321,10:11:12,6.53,0.0,3,1959,卖盘
322,10:11:21,6.53,0.0,165,107745,卖盘
323,10:11:30,6.53,0.0,18,11754,买盘
324,10:11:42,6.53,0.0,3,1959,卖盘
325,10:11:52,6.52,-0.01,4,2608,卖盘
326,10:11:55,6.52,0.0,63,41136,卖盘
327,10:12:04,6.53,0.01,62,40486,买盘
328,10:12:07,6.52,-0.01,466,303862,卖盘
329,10:12:09,6.52,0.0,4,2608,卖盘
330,10:12:30,6.52,0.0,3,1956,卖盘
331,10:12:39,6.52,0.0,82,53464,卖盘
332,10:12:43,6.51,-0.01,3,1953,卖盘
333,10:13:00,6.51,0.0,5,3255,卖盘
334,10:13:18,6.52,0.01,36,23472,买盘
335,10:13:24,6.51,-0.01,1,651,卖盘
336,10:13:30,6.52,0.01,53,34556,买盘
337,10:13:33,6.52,0.0,35,22820,买盘
338,10:13:36,6.53,0.01,1,653,中性盘
339,10:13:40,6.53,0.0,2,1306,买盘
340,10:14:12,6.53,0.0,1,653,卖盘
341,10:14:15,6.53,0.0,2,1306,卖盘
342,10:14:27,6.53,0.0,12,7836,卖盘
343,10:14:33,6.52,-0.01,3,1956,卖盘
344,10:14:51,6.52,0.0,1,652,卖盘
345,10:15:04,6.52,0.0,12,7824,卖盘
346,10:15:10,6.53,0.01,30,19575,买盘
347,10:15:13,6.52,-0.01,12,7824,卖盘
348,10:16:00,6.52,0.0,18,11736,卖盘
349,10:16:15,6.53,0.01,4,2612,买盘
350,10:16:18,6.53,0.0,7,4571,买盘
351,10:16:27,6.52,-0.01,32,20864,卖盘
352,10:16:45,6.52,0.0,12,7824,卖盘
353,10:16:58,6.53,0.01,3,1959,买盘
354,10:17:04,6.53,0.0,6,3918,买盘
355,10:17:27,6.53,0.0,103,67159,买盘
356,10:18:04,6.53,0.0,7,4571,买盘
357,10:18:27,6.52,-0.01,10,6520,卖盘
358,10:18:39,6.52,0.0,23,14996,卖盘
359,10:18:42,6.52,0.0,7,4564,买盘
360,10:18:51,6.52,0.0,4,2608,卖盘
361,10:19:27,6.52,0.0,24,15648,卖盘
362,10:19:36,6.52,0.0,28,18256,卖盘
363,10:19:49,6.51,-0.01,142,92442,卖盘
364,10:19:52,6.52,0.01,1,652,买盘
365,10:20:04,6.52,0.0,6,3912,买盘
366,10:20:07,6.51,-0.01,104,67704,卖盘
367,10:20:18,6.51,0.0,78,50778,卖盘
368,10:20:21,6.51,0.0,2,1302,卖盘
369,10:20:27,6.51,0.0,5,3255,卖盘
370,10:20:49,6.51,0.0,17,11067,卖盘
371,10:20:58,6.5,-0.01,602,391315,卖盘
372,10:21:04,6.5,0.0,6,3900,买盘
373,10:21:06,6.5,0.0,5,3250,买盘
374,10:21:19,6.49,-0.01,30,19470,卖盘
375,10:21:25,6.5,0.01,10,6500,买盘
376,10:21:27,6.5,0.0,24,15600,买盘
377,10:21:34,6.49,-0.01,17,11033,卖盘
378,10:21:46,6.49,0.0,10,6490,卖盘
379,10:21:55,6.5,0.01,224,145600,买盘
380,10:22:01,6.51,0.01,10,6510,买盘
381,10:22:09,6.51,0.0,3,1953,卖盘
382,10:22:33,6.51,0.0,12,7812,卖盘
383,10:22:54,6.5,-0.01,432,280853,卖盘
384,10:23:04,6.5,0.0,6,3900,买盘
385,10:23:12,6.49,-0.01,46,29854,卖盘
386,10:23:21,6.5,0.01,20,13000,买盘
387,10:23:24,6.49,-0.01,2,1298,卖盘
388,10:23:42,6.5,0.01,5,3250,买盘
389,10:23:48,6.49,-0.01,15,9735,卖盘
390,10:24:04,6.49,0.0,2,1298,卖盘
391,10:24:07,6.49,0.0,20,12980,卖盘
392,10:24:27,6.5,0.01,163,105950,买盘
393,10:24:30,6.5,0.0,10,6500,买盘
394,10:24:42,6.49,-0.01,8,5192,卖盘
395,10:24:48,6.5,0.01,1,650,买盘
396,10:24:52,6.49,-0.01,357,231693,卖盘
397,10:24:57,6.49,0.0,25,16225,买盘
398,10:25:00,6.49,0.0,3,1947,买盘
399,10:25:04,6.49,0.0,76,49324,买盘
400,10:25:06,6.49,0.0,37,24013,买盘
401,10:25:09,6.49,0.0,13,8437,买盘
402,10:25:21,6.49,0.0,35,22715,卖盘
403,10:25:24,6.49,0.0,15,9735,买盘
404,10:25:27,6.49,0.0,4,2596,买盘
405,10:25:31,6.49,0.0,10,6490,买盘
406,10:25:36,6.49,0.0,6,3894,买盘
407,10:25:39,6.49,0.0,4,2596,买盘
408,10:25:42,6.49,0.0,5,3245,买盘
409,10:25:45,6.49,0.0,31,20119,买盘
410,10:25:48,6.49,0.0,87,56463,买盘
411,10:25:52,6.49,0.0,32,20765,买盘
412,10:25:55,6.49,0.0,47,30503,买盘
413,10:25:57,6.49,0.0,24,15576,买盘
414,10:26:00,6.49,0.0,17,11033,买盘
415,10:26:04,6.49,0.0,18,11682,买盘
416,10:26:06,6.49,0.0,20,12980,买盘
417,10:26:09,6.49,0.0,8,5192,买盘
418,10:26:12,6.49,0.0,9,5841,买盘
419,10:26:15,6.49,0.0,68,44132,买盘
420,10:26:18,6.49,0.0,7,4543,买盘
421,10:26:21,6.49,0.0,5,3245,买盘
422,10:26:24,6.49,0.0,2,1298,买盘
423,10:26:27,6.49,0.0,347,225203,买盘
424,10:26:33,6.49,0.0,30,19470,卖盘
425,10:26:42,6.49,0.0,1,649,卖盘
426,10:26:48,6.49,0.0,5,3245,卖盘
427,10:26:57,6.5,0.01,49,31850,买盘
428,10:27:15,6.5,0.0,12,7807,卖盘
429,10:27:21,6.52,0.02,5,3260,买盘
430,10:27:24,6.52,0.0,7,4564,买盘
431,10:27:54,6.52,0.0,3,1956,买盘
432,10:28:04,6.52,0.0,7,4564,买盘
433,10:28:06,6.51,-0.01,3,1953,卖盘
434,10:28:15,6.52,0.01,42,27384,买盘
435,10:28:18,6.52,0.0,5,3260,卖盘
436,10:28:21,6.52,0.0,3,1956,卖盘
437,10:29:03,6.52,0.0,1,652,买盘
438,10:29:09,6.51,-0.01,13,8468,卖盘
439,10:30:18,6.53,0.02,6,3918,买盘
440,10:30:24,6.53,0.0,76,49628,买盘
441,10:30:27,6.53,0.0,2,1306,卖盘
442,10:30:45,6.53,0.0,17,11101,卖盘
443,10:31:12,6.53,0.0,4,2612,卖盘
444,10:31:21,6.53,0.0,79,51587,卖盘
445,10:32:48,6.52,-0.01,31,20212,卖盘
446,10:32:57,6.51,-0.01,9,5859,卖盘
447,10:33:00,6.51,0.0,21,13681,买盘
448,10:33:04,6.51,0.0,40,26040,卖盘
449,10:33:16,6.52,0.01,12,7824,卖盘
450,10:33:18,6.53,0.01,20,13060,买盘
451,10:33:36,6.53,0.0,5,3265,买盘
452,10:33:42,6.53,0.0,1,653,买盘
453,10:34:04,6.53,0.0,7,4571,买盘
454,10:34:06,6.52,-0.01,22,14344,卖盘
455,10:34:18,6.53,0.01,54,35262,买盘
456,10:34:24,6.52,-0.01,11,7172,卖盘
457,10:34:57,6.52,0.0,14,9128,卖盘
458,10:35:04,6.52,0.0,6,3912,买盘
459,10:35:18,6.51,-0.01,34,22134,卖盘
460,10:35:33,6.5,-0.01,10,6500,卖盘
461,10:35:42,6.51,0.01,3,1953,买盘
462,10:35:45,6.51,0.0,30,19530,买盘
463,10:35:57,6.53,0.02,13,8489,买盘
464,10:36:04,6.53,0.0,6,3918,买盘
465,10:36:30,6.53,0.0,3,1959,买盘
466,10:36:45,6.53,0.0,13,8489,买盘
467,10:36:57,6.53,0.0,23,15019,买盘
468,10:37:04,6.53,0.0,7,4571,买盘
469,10:37:15,6.53,0.0,3,1959,卖盘
470,10:37:46,6.54,0.01,7,4578,买盘
471,10:38:04,6.54,0.0,6,3924,买盘
472,10:38:10,6.54,0.0,2,1308,买盘
473,10:38:16,6.53,-0.01,2,1306,卖盘
474,10:38:21,6.53,0.0,13,8489,买盘
475,10:38:33,6.53,0.0,33,21549,买盘
476,10:38:46,6.53,0.0,5,3265,卖盘
477,10:38:54,6.52,-0.01,20,13046,卖盘
478,10:39:09,6.52,0.0,15,9780,卖盘
479,10:39:22,6.52,0.0,4,2608,买盘
480,10:39:24,6.52,0.0,1,652,买盘
481,10:40:12,6.52,0.0,8,5216,卖盘
482,10:40:24,6.51,-0.01,12,7812,卖盘
483,10:40:27,6.51,0.0,18,11718,买盘
484,10:41:09,6.51,0.0,41,26691,卖盘
485,10:41:12,6.51,0.0,12,7812,买盘
486,10:41:15,6.51,0.0,5,3255,买盘
487,10:41:33,6.5,-0.01,175,113750,卖盘
488,10:41:36,6.5,0.0,13,8450,买盘
489,10:41:52,6.5,0.0,12,7800,买盘
490,10:42:04,6.5,0.0,45,29250,卖盘
491,10:42:12,6.5,0.0,3,1950,买盘
492,10:42:21,6.49,-0.01,20,12980,卖盘
493,10:42:54,6.5,0.01,91,59150,买盘
494,10:44:06,6.51,0.01,10,6510,卖盘
495,10:44:46,6.51,0.0,8,5208,卖盘
496,10:44:55,6.51,0.0,10,6510,卖盘
497,10:45:46,6.51,0.0,10,6510,卖盘
498,10:45:51,6.52,0.01,6,3912,买盘
499,10:46:03,6.51,-0.01,56,36462,卖盘
500,10:46:13,6.51,0.0,31,20181,卖盘
501,10:46:45,6.51,0.0,100,65100,买盘
502,10:47:04,6.51,0.0,7,4557,买盘
503,10:47:06,6.51,0.0,100,65100,买盘
504,10:47:09,6.51,0.0,8,5208,买盘
505,10:47:12,6.51,0.0,15,9765,买盘
506,10:47:15,6.51,0.0,3,1953,买盘
507,10:47:18,6.51,0.0,1,651,买盘
508,10:47:54,6.51,0.0,4,2604,买盘
509,10:48:04,6.51,0.0,6,3906,买盘
510,10:48:51,6.51,0.0,50,32550,买盘
511,10:49:04,6.5,-0.01,16,10406,卖盘
512,10:49:06,6.51,0.01,7,4557,买盘
513,10:49:15,6.51,0.0,10,6510,买盘
514,10:49:21,6.51,0.0,36,23436,买盘
515,10:50:04,6.52,0.01,30,19560,买盘
516,10:50:12,6.52,0.0,13,8476,卖盘
517,10:50:21,6.52,0.0,50,32600,买盘
518,10:50:31,6.51,-0.01,29,18900,卖盘
519,10:50:51,6.53,0.02,100,65299,买盘
520,10:51:04,6.53,0.0,6,3917,买盘
521,10:51:06,6.53,0.0,42,27426,买盘
522,10:51:30,6.54,0.01,2,1308,买盘
523,10:51:51,6.54,0.0,11,7194,买盘
524,10:52:03,6.54,0.0,107,69978,买盘
525,10:52:42,6.54,0.0,2,1308,买盘
526,10:52:55,6.53,-0.01,10,6530,卖盘
527,10:53:24,6.53,0.0,3,1959,卖盘
528,10:53:36,6.53,0.0,24,15672,卖盘
529,10:53:42,6.53,0.0,50,32650,买盘
530,10:53:54,6.53,0.0,22,14366,买盘
531,10:54:03,6.53,0.0,6,3918,买盘
532,10:54:36,6.52,-0.01,11,7172,卖盘
533,10:54:39,6.52,0.0,7,4564,买盘
534,10:54:42,6.52,0.0,2,1304,买盘
535,10:54:48,6.54,0.02,47,30722,买盘
536,10:55:04,6.54,0.0,6,3924,买盘
537,10:55:06,6.54,0.0,2,1308,买盘
538,10:55:30,6.54,0.0,3,1962,买盘
539,10:55:36,6.54,0.0,180,117720,买盘
540,10:56:04,6.54,0.0,7,4578,买盘
541,10:56:06,6.52,-0.02,127,83033,卖盘
542,10:56:09,6.52,0.0,3,1956,买盘
543,10:56:18,6.51,-0.01,123,80073,卖盘
544,10:56:21,6.51,0.0,2,1302,买盘
545,10:56:24,6.51,0.0,1,651,买盘
546,10:56:27,6.51,0.0,970,630504,买盘
547,10:56:37,6.51,0.0,30,19530,买盘
548,10:56:51,6.51,0.0,3,1953,买盘
549,10:56:57,6.51,0.0,2,1302,买盘
550,10:57:04,6.51,0.0,6,3906,买盘
551,10:57:30,6.51,0.0,2,1302,买盘
552,10:57:42,6.5,-0.01,144,93632,卖盘
553,10:58:15,6.5,0.0,44,28568,卖盘
554,10:58:34,6.5,0.0,8,5200,买盘
555,10:58:36,6.5,0.0,1,650,买盘
556,10:58:39,6.5,0.0,1,650,买盘
557,10:58:42,6.5,0.0,13,8482,买盘
558,10:58:54,6.51,0.01,1,651,买盘
559,10:58:58,6.51,0.0,3,1953,买盘
560,10:59:04,6.51,0.0,7,4557,买盘
561,10:59:09,6.5,-0.01,111,72150,卖盘
562,10:59:18,6.51,0.01,22,14322,买盘
563,10:59:21,6.51,0.0,20,13020,买盘
564,11:00:12,6.51,0.0,10,6510,买盘
565,11:01:37,6.51,0.0,3,1953,买盘
566,11:01:51,6.51,0.0,20,13020,买盘
567,11:02:12,6.51,0.0,4,2604,买盘
568,11:03:30,6.51,0.0,15,9765,买盘
569,11:03:42,6.51,0.0,2,1302,买盘
570,11:03:51,6.51,0.0,1,651,买盘
571,11:04:09,6.5,-0.01,10,6500,卖盘
572,11:04:30,6.51,0.01,115,74865,买盘
573,11:04:39,6.51,0.0,4,2604,买盘
574,11:04:42,6.51,0.0,13,8463,买盘
575,11:04:45,6.51,0.0,5,3255,买盘
576,11:04:52,6.51,0.0,10,6510,买盘
577,11:04:55,6.51,0.0,2,1302,买盘
578,11:05:04,6.51,0.0,3,1953,买盘
579,11:05:24,6.51,0.0,17,11067,买盘
580,11:06:18,6.51,0.0,2,1302,买盘
581,11:06:57,6.51,0.0,1,651,买盘
582,11:07:33,6.51,0.0,2,1302,买盘
583,11:07:43,6.51,0.0,2,1302,买盘
584,11:07:48,6.51,0.0,70,45570,买盘
585,11:07:51,6.51,0.0,4,2604,卖盘
586,11:07:54,6.51,0.0,4,2604,买盘
587,11:08:15,6.5,-0.01,100,65000,卖盘
588,11:08:45,6.5,0.0,2,1300,卖盘
589,11:08:54,6.5,0.0,119,77352,卖盘
590,11:09:33,6.5,0.0,15,9750,卖盘
591,11:10:16,6.51,0.01,3,1953,买盘
592,11:10:19,6.51,0.0,2,1302,买盘
593,11:10:45,6.51,0.0,3,1953,买盘
594,11:10:49,6.5,-0.01,101,65651,卖盘
595,11:11:00,6.5,0.0,100,65000,卖盘
596,11:11:15,6.51,0.01,2,1302,买盘
597,11:11:18,6.51,0.0,1,651,买盘
598,11:11:30,6.51,0.0,2,1302,买盘
599,11:12:12,6.51,0.0,5,3255,买盘
600,11:12:21,6.51,0.0,1,651,买盘
601,11:12:30,6.51,0.0,95,61845,买盘
602,11:12:45,6.51,0.0,2,1302,买盘
603,11:12:48,6.51,0.0,12,7812,买盘
604,11:12:52,6.51,0.0,2,1302,买盘
605,11:13:09,6.51,0.0,21,13663,买盘
606,11:13:21,6.51,0.0,2,1302,买盘
607,11:13:28,6.51,0.0,1,651,买盘
608,11:13:36,6.51,0.0,7,4889,买盘
609,11:14:04,6.51,0.0,25,15943,卖盘
610,11:14:06,6.51,0.0,55,36137,买盘
611,11:14:12,6.51,0.0,6,3906,卖盘
612,11:14:18,6.52,0.01,2,1304,买盘
613,11:14:27,6.51,-0.01,2,1302,卖盘
614,11:15:09,6.52,0.01,1,652,买盘
615,11:15:24,6.52,0.0,2,1304,买盘
616,11:15:37,6.51,-0.01,184,119452,卖盘
617,11:16:10,6.51,0.0,1,651,买盘
618,11:16:27,6.51,0.0,4,2604,买盘
619,11:16:42,6.51,0.0,1,651,买盘
620,11:18:42,6.5,-0.01,35,22750,卖盘
621,11:18:48,6.51,0.01,1,651,买盘
622,11:19:09,6.51,0.0,2,1302,买盘
623,11:19:16,6.51,0.0,1,651,买盘
624,11:19:21,6.51,0.0,3,1953,买盘
625,11:19:24,6.5,-0.01,35,22750,卖盘
626,11:19:36,6.5,0.0,25,16250,卖盘
627,11:19:51,6.51,0.01,114,74214,买盘
628,11:19:57,6.51,0.0,3,1953,买盘
629,11:20:03,6.51,0.0,31,20158,买盘
630,11:20:45,6.5,-0.01,200,130000,卖盘
631,11:20:48,6.51,0.01,3,1953,买盘
632,11:20:52,6.5,-0.01,13,8450,卖盘
633,11:20:57,6.5,0.0,1,650,卖盘
634,11:21:07,6.51,0.01,10,6510,买盘
635,11:21:21,6.51,0.0,3,1953,买盘
636,11:21:39,6.51,0.0,2,1302,买盘
637,11:21:45,6.51,0.0,1,651,买盘
638,11:22:00,6.51,0.0,51,33533,买盘
639,11:22:12,6.52,0.01,4,2608,买盘
640,11:22:27,6.52,0.0,46,29992,买盘
641,11:22:36,6.52,0.0,6,3912,买盘
642,11:23:09,6.52,0.0,2,1304,买盘
643,11:24:34,6.52,0.0,2,1304,买盘
644,11:24:37,6.52,0.0,1,652,买盘
645,11:24:57,6.52,0.0,3,1956,买盘
646,11:25:04,6.51,-0.01,16,10416,卖盘
647,11:25:21,6.52,0.01,552,359904,买盘
648,11:25:24,6.52,0.0,325,211900,买盘
649,11:25:48,6.54,0.02,5,3270,买盘
650,11:25:55,6.54,0.0,4,2616,买盘
651,11:26:03,6.54,0.0,2,1308,买盘
652,11:26:43,6.53,-0.01,20,13060,卖盘
653,11:27:15,6.52,-0.01,57,37164,卖盘
654,11:27:18,6.52,0.0,6,3912,买盘
655,11:27:30,6.53,0.01,1,653,买盘
656,11:27:33,6.52,-0.01,12,7824,卖盘
657,11:29:06,6.52,0.0,50,32600,买盘
658,11:30:00,6.52,0.0,2,1304,买盘
659,13:00:04,6.51,-0.01,156,101604,卖盘
660,13:00:19,6.51,0.0,44,28644,卖盘
661,13:00:33,6.51,0.0,27,17577,卖盘
662,13:00:51,6.51,0.0,41,26691,卖盘
663,13:01:09,6.51,0.0,54,35154,卖盘
664,13:01:24,6.51,0.0,27,17245,卖盘
665,13:01:27,6.51,0.0,1,651,买盘
666,13:01:42,6.5,-0.01,50,32500,卖盘
667,13:01:45,6.51,0.01,1,651,买盘
668,13:01:57,6.51,0.0,7,4889,买盘
669,13:02:00,6.5,-0.01,39,25374,卖盘
670,13:02:19,6.5,0.0,46,29900,卖盘
671,13:02:33,6.5,0.0,29,18850,卖盘
672,13:02:42,6.51,0.01,1,651,卖盘
673,13:02:45,6.51,0.0,4,2604,买盘
674,13:02:51,6.5,-0.01,43,27950,卖盘
675,13:03:09,6.5,0.0,26,16900,卖盘
676,13:03:12,6.5,0.0,19,12350,卖盘
677,13:03:15,6.51,0.01,1,651,买盘
678,13:03:18,6.51,0.0,3,1953,买盘
679,13:03:24,6.5,-0.01,40,26000,卖盘
680,13:03:27,6.51,0.01,23,14973,买盘
681,13:03:39,6.5,-0.01,14,9100,卖盘
682,13:03:42,6.5,0.0,52,33800,卖盘
683,13:04:00,6.5,0.0,35,22750,卖盘
684,13:04:15,6.5,0.0,49,31850,卖盘
685,13:04:34,6.5,0.0,32,20436,卖盘
686,13:04:42,6.5,0.0,5,3614,买盘
687,13:04:52,6.5,0.0,7,4186,卖盘
688,13:04:57,6.49,-0.01,1,649,卖盘
689,13:05:06,6.49,0.0,28,18172,卖盘
690,13:05:24,6.49,0.0,42,27258,卖盘
691,13:05:42,6.49,0.0,55,35695,卖盘
692,13:05:57,6.49,0.0,37,24013,卖盘
693,13:06:10,6.49,0.0,33,21420,卖盘
694,13:06:15,6.49,0.0,51,33099,卖盘
695,13:06:21,6.49,0.0,651,422499,卖盘
696,13:06:33,6.48,-0.01,35,22680,卖盘
697,13:06:39,6.49,0.01,36,23364,买盘
698,13:06:49,6.48,-0.01,47,30456,卖盘
699,13:06:54,6.48,0.0,71,46031,卖盘
700,13:07:06,6.48,0.0,30,19440,卖盘
701,13:07:15,6.49,0.01,31,20109,买盘
702,13:07:21,6.49,0.0,5,3245,卖盘
703,13:07:24,6.49,0.0,19,12331,卖盘
704,13:07:36,6.49,0.0,25,16225,买盘
705,13:07:39,6.49,0.0,24,15576,卖盘
706,13:07:42,6.48,-0.01,1,648,卖盘
707,13:07:57,6.48,0.0,40,25920,卖盘
708,13:08:00,6.49,0.01,4,2596,买盘
709,13:08:15,6.48,-0.01,9,5840,卖盘
710,13:08:30,6.48,0.0,37,23976,卖盘
711,13:08:48,6.48,0.0,49,31752,卖盘
712,13:08:57,6.48,0.0,50,32400,卖盘
713,13:09:06,6.48,0.0,33,21384,卖盘
714,13:09:09,6.48,0.0,4,2592,卖盘
715,13:09:15,6.48,0.0,10,6480,卖盘
716,13:09:18,6.49,0.01,47,30503,买盘
717,13:09:21,6.49,0.0,3,1947,卖盘
718,13:09:39,6.48,-0.01,30,19440,卖盘
719,13:09:58,6.48,0.0,42,27216,卖盘
720,13:10:13,6.48,0.0,26,16848,卖盘
721,13:10:31,6.48,0.0,38,24624,卖盘
722,13:10:33,6.49,0.01,5,3245,买盘
723,13:10:39,6.48,-0.01,5,3240,卖盘
724,13:10:49,6.48,0.0,51,33048,卖盘
725,13:11:01,6.47,-0.01,350,226450,卖盘
726,13:11:04,6.47,0.0,35,22645,卖盘
727,13:11:06,6.47,0.0,1024,662536,卖盘
728,13:11:21,6.47,0.0,174,112578,卖盘
729,13:11:37,6.46,-0.01,100,64600,卖盘
730,13:11:39,6.46,0.0,83,53654,卖盘
731,13:11:43,6.47,0.01,55,35585,买盘
732,13:11:45,6.46,-0.01,60,38760,卖盘
733,13:11:57,6.45,-0.01,525,338678,卖盘
734,13:12:00,6.45,0.0,37,23865,买盘
735,13:12:09,6.42,-0.03,284,182488,卖盘
736,13:12:12,6.42,0.0,43,27606,卖盘
737,13:12:21,6.42,0.0,242,155364,卖盘
738,13:12:24,6.42,0.0,58,37236,买盘
739,13:12:30,6.42,0.0,26,16698,卖盘
740,13:12:42,6.44,0.02,12,7728,买盘
741,13:12:48,6.44,0.0,12,7728,卖盘
742,13:12:54,6.43,-0.01,63,40510,卖盘
743,13:12:57,6.43,0.0,54,34722,买盘
744,13:13:00,6.44,0.01,2,1288,买盘
745,13:13:03,6.43,-0.01,53,34079,卖盘
746,13:13:09,6.43,0.0,3,1929,卖盘
747,13:13:22,6.43,0.0,36,23148,卖盘
748,13:13:39,6.43,0.0,37,23791,卖盘
749,13:13:42,6.43,0.0,10,6430,买盘
750,13:13:45,6.43,0.0,1,643,买盘
751,13:13:48,6.43,0.0,1,643,买盘
752,13:13:54,6.43,0.0,31,19933,卖盘
753,13:14:00,6.43,0.0,2,1286,买盘
754,13:14:12,6.43,0.0,46,29578,卖盘
755,13:14:15,6.42,-0.01,94,60404,卖盘
756,13:14:24,6.43,0.01,5,3215,买盘
757,13:14:30,6.42,-0.01,28,17976,卖盘
758,13:14:39,6.42,0.0,49,31470,卖盘
759,13:14:42,6.42,0.0,167,107214,卖盘
760,13:14:45,6.41,-0.01,42,26922,卖盘
761,13:14:48,6.41,0.0,2,1282,卖盘
762,13:14:54,6.42,0.01,10,6420,买盘
763,13:14:57,6.41,-0.01,21,13461,卖盘
764,13:15:00,6.41,0.0,12,7692,卖盘
765,13:15:04,6.4,-0.01,35,22410,卖盘
766,13:15:09,6.4,0.0,75,48000,卖盘
767,13:15:15,6.41,0.01,49,31409,买盘
768,13:15:19,6.41,0.0,10,6410,买盘
769,13:15:21,6.41,0.0,43,27524,买盘
770,13:15:25,6.4,-0.01,252,161280,卖盘
771,13:15:27,6.4,0.0,6,3840,买盘
772,13:15:30,6.4,0.0,3,1920,买盘
773,13:15:36,6.39,-0.01,55,35149,卖盘
774,13:15:39,6.39,0.0,25,15975,卖盘
775,13:15:42,6.39,0.0,1,639,买盘
776,13:15:45,6.39,0.0,4,2556,买盘
777,13:15:48,6.4,0.01,2,1280,买盘
778,13:15:51,6.4,0.0,1,640,买盘
779,13:15:54,6.39,-0.01,35,22366,卖盘
780,13:15:57,6.39,0.0,11,7030,卖盘
781,13:16:00,6.39,0.0,40,25560,卖盘
782,13:16:09,6.4,0.01,2,1280,买盘
783,13:16:12,6.39,-0.01,48,30672,卖盘
784,13:16:15,6.4,0.01,51,32640,买盘
785,13:16:18,6.4,0.0,1,640,买盘
786,13:16:21,6.4,0.0,1,640,买盘
787,13:16:24,6.4,0.0,2,1280,买盘
788,13:16:27,6.39,-0.01,73,46689,卖盘
789,13:16:30,6.4,0.01,18,11520,买盘
790,13:16:40,6.42,0.02,10,6420,买盘
791,13:16:42,6.42,0.0,2,1284,卖盘
792,13:16:45,6.39,-0.03,44,28116,卖盘
793,13:17:03,6.4,0.01,27,17280,卖盘
794,13:17:12,6.41,0.01,8,5128,买盘
795,13:17:18,6.4,-0.01,342,219182,卖盘
796,13:17:36,6.4,0.0,125,80068,卖盘
797,13:17:43,6.41,0.01,31,19871,卖盘
798,13:17:48,6.4,-0.01,23,14720,卖盘
799,13:17:55,6.41,0.01,66,42269,买盘
800,13:18:04,6.42,0.01,20,12840,买盘
801,13:18:09,6.41,-0.01,50,32050,卖盘
802,13:18:18,6.42,0.01,33,21186,买盘
803,13:18:27,6.42,0.0,31,19902,卖盘
804,13:18:42,6.42,0.0,2,1284,买盘
805,13:18:45,6.41,-0.01,47,30133,卖盘
806,13:18:54,6.42,0.01,1,642,中性盘
807,13:19:01,6.41,-0.01,40,25651,卖盘
808,13:19:06,6.41,0.0,4,2564,卖盘
809,13:19:12,6.41,0.0,20,12820,卖盘
810,13:19:19,6.41,0.0,43,27563,卖盘
811,13:19:21,6.42,0.01,2,1284,买盘
812,13:19:30,6.41,-0.01,61,39101,卖盘
813,13:19:36,6.4,-0.01,26,16640,卖盘
814,13:19:45,6.4,0.0,85,54400,卖盘
815,13:19:52,6.41,0.01,395,252819,买盘
816,13:19:54,6.4,-0.01,10,6400,买盘
817,13:20:00,6.4,0.0,20,12800,买盘
818,13:20:04,6.39,-0.01,381,243459,卖盘
819,13:20:06,6.39,0.0,5,3195,买盘
820,13:20:09,6.38,-0.01,52,33176,卖盘
821,13:20:16,6.39,0.01,39,24921,买盘
822,13:20:18,6.38,-0.01,20,12760,卖盘
823,13:20:24,6.39,0.01,10,6390,买盘
824,13:20:27,6.38,-0.01,35,22330,卖盘
825,13:20:30,6.39,0.01,1,639,买盘
826,13:20:46,6.39,0.0,69,44057,买盘
827,13:20:51,6.38,-0.01,80,51040,卖盘
828,13:20:54,6.39,0.01,2,1278,买盘
829,13:20:57,6.38,-0.01,28,17884,卖盘
830,13:21:00,6.38,0.0,52,33196,卖盘
831,13:21:15,6.39,0.01,1,639,买盘
832,13:21:18,6.38,-0.01,142,90696,卖盘
833,13:21:33,6.39,0.01,22,14058,卖盘
834,13:21:36,6.39,0.0,8,5112,买盘
835,13:21:42,6.38,-0.01,29,18512,卖盘
836,13:21:46,6.39,0.01,14,8946,买盘
837,13:21:48,6.39,0.0,1,639,买盘
838,13:21:51,6.39,0.0,143,91245,买盘
839,13:21:54,6.39,0.0,13,8307,买盘
840,13:22:04,6.39,0.0,10,6390,卖盘
841,13:22:09,6.39,0.0,53,33867,卖盘
842,13:22:16,6.39,0.0,1,639,买盘
843,13:22:27,6.39,0.0,53,33867,卖盘
844,13:22:43,6.39,0.0,51,32589,卖盘
845,13:22:46,6.4,0.01,35,22400,买盘
846,13:22:55,6.41,0.01,62,39742,买盘
847,13:23:00,6.4,-0.01,13,8320,卖盘
848,13:23:04,6.4,0.0,5,3200,买盘
849,13:23:12,6.4,0.0,2,1280,买盘
850,13:23:15,6.4,0.0,15,9600,买盘
851,13:23:18,6.4,0.0,47,30080,卖盘
852,13:23:24,6.4,0.0,49,31360,卖盘
853,13:23:34,6.39,-0.01,31,19809,卖盘
854,13:23:36,6.4,0.01,1,640,买盘
855,13:23:51,6.4,0.0,4,2560,卖盘
856,13:23:54,6.4,0.0,15,9600,买盘
857,13:23:57,6.4,0.0,4,2560,买盘
858,13:24:03,6.4,0.0,20,12800,买盘
859,13:24:10,6.4,0.0,18,11520,卖盘
860,13:24:13,6.4,0.0,8,5120,买盘
861,13:24:21,6.4,0.0,2,1280,买盘
862,13:24:24,6.4,0.0,4,2560,卖盘
863,13:24:28,6.4,0.0,8,5120,买盘
864,13:24:30,6.4,0.0,28,17920,买盘
865,13:24:42,6.4,0.0,39,24960,卖盘
866,13:24:45,6.4,0.0,11,7040,买盘
867,13:24:54,6.39,-0.01,3,1917,卖盘
868,13:24:57,6.4,0.01,3,1920,买盘
869,13:25:00,6.4,0.0,37,23680,卖盘
870,13:25:15,6.4,0.0,50,32000,卖盘
871,13:25:21,6.41,0.01,13,8333,买盘
872,13:25:33,6.4,-0.01,33,21120,卖盘
873,13:25:51,6.4,0.0,46,29440,卖盘
874,13:26:06,6.4,0.0,29,18560,卖盘
875,13:26:24,6.4,0.0,73,46750,卖盘
876,13:26:30,6.4,0.0,95,60800,卖盘
877,13:26:42,6.4,0.0,68,43494,买盘
878,13:26:54,6.4,0.0,28,17920,卖盘
879,13:26:57,6.39,-0.01,39,24922,卖盘
880,13:27:15,6.39,0.0,52,33228,卖盘
881,13:27:18,6.4,0.01,21,13440,买盘
882,13:27:30,6.4,0.0,2,1280,卖盘
883,13:27:33,6.4,0.0,2,1280,卖盘
884,13:27:43,6.4,0.0,1,640,买盘
885,13:27:48,6.39,-0.01,48,30672,卖盘
886,13:28:06,6.39,0.0,32,20448,卖盘
887,13:28:24,6.39,0.0,44,28116,卖盘
888,13:28:36,6.4,0.01,50,32000,买盘
889,13:28:42,6.39,-0.01,29,18531,卖盘
890,13:28:48,6.4,0.01,9,5760,买盘
891,13:28:57,6.39,-0.01,26,16614,卖盘
892,13:29:00,6.4,0.01,12,7680,买盘
893,13:29:06,6.39,-0.01,1,639,卖盘
894,13:29:15,6.39,0.0,54,34506,卖盘
895,13:29:33,6.39,0.0,38,24282,卖盘
896,13:29:36,6.39,0.0,80,51120,卖盘
897,13:29:45,6.39,0.0,1,639,卖盘
898,13:29:48,6.39,0.0,51,32589,卖盘
899,13:29:54,6.39,0.0,24,15336,卖盘
900,13:30:06,6.39,0.0,36,23004,卖盘
901,13:30:09,6.39,0.0,12,7668,卖盘
902,13:30:12,6.4,0.01,10,6400,买盘
903,13:30:24,6.39,-0.01,33,21087,卖盘
904,13:30:36,6.4,0.01,3,1920,买盘
905,13:30:39,6.4,0.0,49,31314,买盘
906,13:30:42,6.4,0.0,11,7040,买盘
907,13:30:51,6.39,-0.01,43,27477,卖盘
908,13:30:57,6.38,-0.01,29,18502,卖盘
909,13:31:04,6.39,0.01,2,1278,买盘
910,13:31:06,6.39,0.0,100,63900,买盘
911,13:31:09,6.39,0.0,10,6390,买盘
912,13:31:15,6.38,-0.01,41,26158,卖盘
913,13:31:27,6.39,0.01,123,78597,买盘
914,13:31:30,6.39,0.0,22,14058,卖盘
915,13:31:33,6.39,0.0,4,2556,买盘
916,13:31:36,6.38,-0.01,63,40225,卖盘
917,13:31:42,6.39,0.01,10,6390,卖盘
918,13:31:45,6.39,0.0,14,8946,买盘
919,13:31:48,6.38,-0.01,70,44661,卖盘
920,13:32:06,6.38,0.0,51,32538,卖盘
921,13:32:15,6.4,0.02,50,32000,买盘
922,13:32:18,6.38,-0.02,10,6380,卖盘
923,13:32:21,6.38,0.0,35,22330,卖盘
924,13:32:36,6.38,0.0,59,37652,卖盘
925,13:32:48,6.39,0.01,10,6390,买盘
926,13:32:57,6.38,-0.01,32,20416,卖盘
927,13:33:00,6.39,0.01,12,7668,买盘
928,13:33:04,6.38,-0.01,15,9570,卖盘
929,13:33:06,6.39,0.01,1,639,买盘
930,13:33:09,6.39,0.0,10,6390,买盘
931,13:33:12,6.38,-0.01,44,28072,卖盘
932,13:33:15,6.39,0.01,30,19170,买盘
933,13:33:18,6.39,0.0,20,12780,卖盘
934,13:33:25,6.39,0.0,81,51759,买盘
935,13:33:28,6.39,0.0,20,12780,买盘
936,13:33:31,6.38,-0.01,67,42786,卖盘
937,13:33:33,6.39,0.01,1,639,买盘
938,13:33:36,6.39,0.0,3,1917,买盘
939,13:33:42,6.39,0.0,24,15336,卖盘
940,13:33:45,6.39,0.0,10,6390,卖盘
941,13:33:48,6.39,0.0,7,4473,卖盘
942,13:34:00,6.39,0.0,10,6390,买盘
943,13:34:04,6.38,-0.01,55,35090,卖盘
944,13:34:09,6.39,0.01,23,14697,买盘
945,13:34:12,6.38,-0.01,24,15312,卖盘
946,13:34:15,6.39,0.01,12,7668,买盘
947,13:34:18,6.39,0.0,10,6390,买盘
948,13:34:22,6.38,-0.01,37,23607,卖盘
949,13:34:39,6.39,0.01,50,31950,卖盘
950,13:34:42,6.39,0.0,22,14058,卖盘
951,13:34:48,6.39,0.0,35,22365,卖盘
952,13:34:54,6.38,-0.01,34,21692,卖盘
953,13:35:04,6.38,0.0,20,12760,卖盘
954,13:35:09,6.39,0.01,1,639,买盘
955,13:35:12,6.38,-0.01,47,29986,卖盘
956,13:35:24,6.38,0.0,350,223300,卖盘
957,13:35:27,6.39,0.01,7,4473,买盘
958,13:35:31,6.38,-0.01,29,18502,卖盘
959,13:35:33,6.39,0.01,5,3195,买盘
960,13:35:39,6.38,-0.01,22,14036,卖盘
961,13:35:45,6.38,0.0,26,16588,卖盘
962,13:35:55,6.39,0.01,10,6390,买盘
963,13:36:01,6.38,-0.01,20,12760,卖盘
964,13:36:33,6.39,0.01,10,6390,买盘
965,13:36:42,6.39,0.0,2,1278,买盘
966,13:37:15,6.39,0.0,1,639,买盘
967,13:37:28,6.39,0.0,5,3195,买盘
968,13:37:36,6.38,-0.01,10,6380,卖盘
969,13:37:39,6.39,0.01,10,6390,买盘
970,13:38:15,6.39,0.0,50,31950,买盘
971,13:38:24,6.39,0.0,37,23643,买盘
972,13:38:27,6.39,0.0,8,5112,买盘
973,13:38:36,6.38,-0.01,10,6380,卖盘
974,13:38:39,6.39,0.01,57,36423,买盘
975,13:39:07,6.39,0.0,1,639,卖盘
976,13:39:12,6.39,0.0,34,21726,卖盘
977,13:39:40,6.39,0.0,20,12780,卖盘
978,13:39:54,6.39,0.0,5,3195,卖盘
979,13:40:09,6.39,0.0,12,7668,买盘
980,13:40:12,6.39,0.0,20,12780,买盘
981,13:40:42,6.4,0.01,1,640,买盘
982,13:41:00,6.4,0.0,52,33280,买盘
983,13:41:18,6.41,0.01,1,641,买盘
984,13:41:48,6.42,0.01,40,25680,买盘
985,13:42:01,6.43,0.01,1,643,买盘
986,13:42:06,6.43,0.0,38,24434,买盘
987,13:42:09,6.42,-0.01,1,642,卖盘
988,13:42:36,6.4,-0.02,72,46145,卖盘
989,13:42:51,6.41,0.01,30,19230,卖盘
990,13:42:54,6.42,0.01,13,8346,买盘
991,13:42:58,6.42,0.0,3,1926,卖盘
992,13:43:24,6.42,0.0,12,7704,买盘
993,13:43:42,6.42,0.0,16,10272,买盘
994,13:43:54,6.42,0.0,10,6420,买盘
995,13:44:36,6.43,0.01,1,643,买盘
996,13:44:51,6.42,-0.01,2,1284,卖盘
997,13:44:57,6.43,0.01,11,7073,买盘
998,13:45:49,6.43,0.0,51,32793,买盘
999,13:46:30,6.43,0.0,1,643,买盘
1000,13:46:39,6.43,0.0,10,6430,买盘
1001,13:47:00,6.43,0.0,5,3215,买盘
1002,13:47:24,6.43,0.0,50,32150,买盘
1003,13:47:27,6.42,-0.01,5,3210,卖盘
1004,13:47:39,6.42,0.0,10,6420,卖盘
1005,13:47:51,6.43,0.01,1,643,买盘
1006,13:48:28,6.43,0.0,113,72659,买盘
1007,13:48:39,6.43,0.0,58,37294,卖盘
1008,13:48:54,6.43,0.0,3,1929,买盘
1009,13:48:57,6.41,-0.02,98,63267,卖盘
1010,13:49:18,6.41,0.0,8,5128,卖盘
1011,13:49:30,6.41,0.0,20,12820,卖盘
1012,13:49:49,6.41,0.0,60,38461,卖盘
1013,13:49:51,6.43,0.02,16,10288,买盘
1014,13:50:21,6.43,0.0,2,1286,买盘
1015,13:51:09,6.42,-0.01,2,1284,卖盘
1016,13:51:27,6.42,0.0,5,3210,买盘
1017,13:51:30,6.42,0.0,8,5136,买盘
1018,13:51:54,6.43,0.01,13,8359,买盘
1019,13:53:09,6.42,-0.01,68,43656,卖盘
1020,13:53:12,6.42,0.0,36,23112,买盘
1021,13:53:15,6.42,0.0,5,3210,买盘
1022,13:53:21,6.42,0.0,13,8346,买盘
1023,13:53:43,6.42,0.0,3,1926,买盘
1024,13:53:46,6.42,0.0,2,1284,买盘
1025,13:54:06,6.43,0.01,112,72016,买盘
1026,13:54:52,6.43,0.0,8,5144,买盘
1027,13:55:03,6.43,0.0,11,7073,买盘
1028,13:56:33,6.42,-0.01,10,6420,卖盘
1029,13:56:36,6.43,0.01,20,12860,买盘
1030,13:56:39,6.42,-0.01,69,44298,卖盘
1031,13:58:03,6.42,0.0,10,6420,买盘
1032,13:58:06,6.41,-0.01,249,159250,卖盘
1033,13:58:09,6.41,0.0,5,3205,买盘
1034,13:59:18,6.41,0.0,2,1282,买盘
1035,13:59:24,6.41,0.0,34,21794,买盘
1036,13:59:42,6.41,0.0,10,6410,买盘
1037,13:59:45,6.41,0.0,4,2564,买盘
1038,13:59:54,6.4,-0.01,10,6400,卖盘
1039,14:00:37,6.4,0.0,15,9600,卖盘
1040,14:01:09,6.41,0.01,3,1923,买盘
1041,14:01:12,6.4,-0.01,570,364800,卖盘
1042,14:01:54,6.39,-0.01,65,41535,卖盘
1043,14:02:45,6.39,0.0,3,1917,卖盘
1044,14:02:55,6.39,0.0,40,25560,卖盘
1045,14:03:09,6.39,0.0,50,31950,卖盘
1046,14:03:19,6.39,0.0,25,15975,卖盘
1047,14:03:31,6.39,0.0,50,31950,卖盘
1048,14:03:57,6.39,0.0,43,27477,卖盘
1049,14:04:33,6.39,0.0,39,24921,卖盘
1050,14:04:39,6.4,0.01,26,16640,买盘
1051,14:05:04,6.39,-0.01,50,31950,卖盘
1052,14:05:37,6.39,0.0,50,31950,卖盘
1053,14:05:57,6.39,0.0,205,130995,卖盘
1054,14:06:15,6.39,0.0,2,1278,买盘
1055,14:06:19,6.39,0.0,4,2556,买盘
1056,14:06:21,6.39,0.0,6,3834,卖盘
1057,14:07:00,6.39,0.0,75,47925,买盘
1058,14:07:16,6.39,0.0,128,81792,卖盘
1059,14:07:21,6.39,0.0,88,56232,买盘
1060,14:07:24,6.39,0.0,20,12780,买盘
1061,14:07:34,6.39,0.0,5,3195,买盘
1062,14:07:40,6.39,0.0,50,31950,买盘
1063,14:07:45,6.39,0.0,56,35784,买盘
1064,14:08:09,6.39,0.0,52,33228,买盘
1065,14:08:12,6.39,0.0,5,3195,买盘
1066,14:08:15,6.39,0.0,20,12780,买盘
1067,14:08:21,6.39,0.0,29,18531,买盘
1068,14:08:24,6.39,0.0,30,19170,买盘
1069,14:08:27,6.39,0.0,64,40896,买盘
1070,14:08:30,6.39,0.0,8,5112,买盘
1071,14:08:39,6.4,0.01,7,4480,买盘
1072,14:09:06,6.39,-0.01,4,2556,卖盘
1073,14:09:12,6.4,0.01,2,1280,买盘
1074,14:09:15,6.4,0.0,70,44800,买盘
1075,14:09:30,6.4,0.0,1,640,买盘
1076,14:09:39,6.39,-0.01,7,4473,卖盘
1077,14:09:42,6.4,0.01,2,1280,买盘
1078,14:09:45,6.4,0.0,3,1920,买盘
1079,14:09:48,6.4,0.0,30,19200,买盘
1080,14:09:51,6.4,0.0,3,1920,买盘
1081,14:10:01,6.39,-0.01,20,12780,卖盘
1082,14:10:07,6.4,0.01,364,232810,买盘
1083,14:10:09,6.4,0.0,22,14080,买盘
1084,14:10:33,6.41,0.01,47,30127,买盘
1085,14:10:36,6.41,0.0,22,14461,买盘
1086,14:10:48,6.41,0.0,1,641,卖盘
1087,14:10:52,6.42,0.01,4,2568,买盘
1088,14:10:57,6.41,-0.01,8,5128,卖盘
1089,14:11:06,6.41,0.0,14,8974,卖盘
1090,14:11:16,6.41,0.0,36,23076,买盘
1091,14:11:24,6.42,0.01,4,2568,买盘
1092,14:11:27,6.41,-0.01,10,6410,卖盘
1093,14:11:31,6.42,0.01,24,15408,买盘
1094,14:11:36,6.42,0.0,6,3852,卖盘
1095,14:12:04,6.42,0.0,70,44940,买盘
1096,14:13:06,6.41,-0.01,14,8974,卖盘
1097,14:13:16,6.41,0.0,1,641,买盘
1098,14:13:24,6.42,0.01,11,7062,买盘
1099,14:13:57,6.42,0.0,1,642,买盘
1100,14:14:00,6.41,-0.01,20,12820,卖盘
1101,14:14:16,6.42,0.01,15,9630,买盘
1102,14:14:19,6.42,0.0,7,4494,买盘
1103,14:14:24,6.42,0.0,1,642,买盘
1104,14:14:33,6.42,0.0,1,642,买盘
1105,14:14:39,6.41,-0.01,198,126918,卖盘
1106,14:14:42,6.42,0.01,35,22468,买盘
1107,14:14:48,6.42,0.0,8,5136,卖盘
1108,14:15:33,6.42,0.0,2,1284,买盘
1109,14:15:40,6.41,-0.01,27,17307,卖盘
1110,14:15:42,6.42,0.01,68,43605,买盘
1111,14:15:57,6.43,0.01,11,7073,买盘
1112,14:16:49,6.43,0.0,40,25720,买盘
1113,14:17:18,6.42,-0.01,25,16050,卖盘
1114,14:18:03,6.42,0.0,47,30174,卖盘
1115,14:18:09,6.42,0.0,38,24396,卖盘
1116,14:18:37,6.42,0.0,6,3852,买盘
1117,14:18:55,6.41,-0.01,20,12820,卖盘
1118,14:19:21,6.41,0.0,19,12179,卖盘
1119,14:20:12,6.41,0.0,45,28845,卖盘
1120,14:20:18,6.41,0.0,1,641,买盘
1121,14:20:45,6.4,-0.01,5,3200,卖盘
1122,14:20:48,6.41,0.01,1,641,买盘
1123,14:21:03,6.4,-0.01,10,6400,卖盘
1124,14:21:15,6.4,0.0,34,21760,卖盘
1125,14:21:18,6.4,0.0,5,3200,卖盘
1126,14:21:21,6.41,0.01,2,1282,买盘
1127,14:21:36,6.4,-0.01,308,197120,卖盘
1128,14:22:24,6.41,0.01,107,68530,买盘
1129,14:23:27,6.4,-0.01,40,25600,卖盘
1130,14:24:06,6.4,0.0,50,32000,卖盘
1131,14:24:27,6.4,0.0,21,13440,卖盘
1132,14:24:36,6.4,0.0,3,1920,买盘
1133,14:24:43,6.4,0.0,5,3200,买盘
1134,14:24:46,6.4,0.0,10,6400,买盘
1135,14:24:51,6.4,0.0,20,12800,买盘
1136,14:25:12,6.4,0.0,9,5760,买盘
1137,14:25:27,6.39,-0.01,15,9585,卖盘
1138,14:25:36,6.4,0.01,3,1920,买盘
1139,14:25:49,6.39,-0.01,15,9585,卖盘
1140,14:26:48,6.4,0.01,14,8960,买盘
1141,14:27:04,6.39,-0.01,400,255600,卖盘
1142,14:27:09,6.4,0.01,12,7680,买盘
1143,14:27:12,6.39,-0.01,15,9585,卖盘
1144,14:27:45,6.39,0.0,43,27477,卖盘
1145,14:28:06,6.39,0.0,19,12141,卖盘
1146,14:28:36,6.4,0.01,43,27520,买盘
1147,14:28:39,6.38,-0.02,243,155118,卖盘
1148,14:28:57,6.38,0.0,397,253288,卖盘
1149,14:29:12,6.38,0.0,36,22968,卖盘
1150,14:29:18,6.39,0.01,2,1278,卖盘
1151,14:30:06,6.4,0.01,7,4480,买盘
1152,14:30:18,6.4,0.0,40,25586,买盘
1153,14:30:42,6.41,0.01,5,3205,买盘
1154,14:31:12,6.4,-0.01,25,16000,卖盘
1155,14:31:24,6.4,0.0,5,3200,买盘
1156,14:31:42,6.4,0.0,2,1280,买盘
1157,14:31:48,6.4,0.0,9,5760,买盘
1158,14:32:21,6.39,-0.01,58,37062,卖盘
1159,14:33:09,6.39,0.0,50,31950,卖盘
1160,14:33:15,6.39,0.0,120,76680,卖盘
1161,14:33:46,6.39,0.0,10,6390,卖盘
1162,14:34:16,6.39,0.0,320,204480,卖盘
1163,14:34:22,6.39,0.0,22,14069,卖盘
1164,14:34:39,6.39,0.0,50,31950,买盘
1165,14:34:45,6.39,0.0,2,1278,买盘
1166,14:34:48,6.39,0.0,20,12780,买盘
1167,14:35:04,6.39,0.0,36,23004,买盘
1168,14:35:09,6.39,0.0,24,15336,卖盘
1169,14:35:21,6.39,0.0,1,639,买盘
1170,14:35:45,6.39,0.0,7,4473,买盘
1171,14:35:49,6.39,0.0,7,4473,买盘
1172,14:35:51,6.39,0.0,1,639,买盘
1173,14:35:57,6.4,0.01,1,640,买盘
1174,14:36:04,6.4,0.0,1,640,买盘
1175,14:36:07,6.4,0.0,3,1920,买盘
1176,14:36:09,6.4,0.0,22,14080,买盘
1177,14:36:13,6.4,0.0,1,640,买盘
1178,14:36:15,6.4,0.0,21,13440,买盘
1179,14:36:19,6.4,0.0,194,124160,买盘
1180,14:36:39,6.41,0.01,1,641,买盘
1181,14:36:45,6.41,0.0,14,8974,买盘
1182,14:36:48,6.4,-0.01,10,6400,卖盘
1183,14:36:58,6.41,0.01,1,641,买盘
1184,14:37:48,6.41,0.0,3,1923,买盘
1185,14:38:07,6.4,-0.01,10,6400,卖盘
1186,14:38:10,6.4,0.0,7,4480,买盘
1187,14:38:13,6.4,0.0,10,6400,买盘
1188,14:38:27,6.41,0.01,1,641,买盘
1189,14:38:30,6.4,-0.01,30,19200,卖盘
1190,14:38:42,6.41,0.01,21,13451,买盘
1191,14:38:58,6.41,0.0,6,3846,买盘
1192,14:39:18,6.4,-0.01,42,26880,卖盘
1193,14:40:33,6.41,0.01,30,19230,买盘
1194,14:42:01,6.41,0.0,159,101919,买盘
1195,14:42:24,6.42,0.01,4,2568,买盘
1196,14:42:39,6.41,-0.01,8,5128,卖盘
1197,14:43:16,6.42,0.01,1,642,买盘
1198,14:43:40,6.42,0.0,50,32100,买盘
1199,14:43:54,6.42,0.0,3,1926,买盘
1200,14:44:12,6.42,0.0,20,12840,买盘
1201,14:44:16,6.42,0.0,15,9630,买盘
1202,14:44:39,6.42,0.0,2,1284,买盘
1203,14:44:49,6.41,-0.01,100,64100,卖盘
1204,14:44:51,6.42,0.01,10,6420,买盘
1205,14:45:15,6.42,0.0,1,642,买盘
1206,14:45:24,6.41,-0.01,200,128200,卖盘
1207,14:45:39,6.41,0.0,17,10897,买盘
1208,14:45:51,6.4,-0.01,10,6400,卖盘
1209,14:46:10,6.4,0.0,3,1920,卖盘
1210,14:46:24,6.4,0.0,5,3200,卖盘
1211,14:46:34,6.4,0.0,1,608,卖盘
1212,14:46:37,6.4,0.0,1,640,卖盘
1213,14:47:10,6.4,0.0,89,56960,卖盘
1214,14:47:13,6.4,0.0,120,76832,卖盘
1215,14:47:30,6.4,0.0,11,7040,买盘
1216,14:47:54,6.4,0.0,96,61440,买盘
1217,14:48:31,6.39,-0.01,50,31950,卖盘
1218,14:48:52,6.39,0.0,94,60066,卖盘
1219,14:48:58,6.39,0.0,105,67095,卖盘
1220,14:49:07,6.39,0.0,72,46008,卖盘
1221,14:49:22,6.39,0.0,129,82431,卖盘
1222,14:49:24,6.39,0.0,53,33867,买盘
1223,14:49:34,6.39,0.0,10,6390,买盘
1224,14:49:42,6.38,-0.01,12,7656,卖盘
1225,14:49:54,6.38,0.0,71,45298,卖盘
1226,14:49:58,6.39,0.01,2,1278,买盘
1227,14:50:25,6.38,-0.01,390,248820,卖盘
1228,14:50:36,6.38,0.0,30,19140,卖盘
1229,14:50:49,6.37,-0.01,700,445900,卖盘
1230,14:50:51,6.37,0.0,10,6370,卖盘
1231,14:51:00,6.38,0.01,5,3190,买盘
1232,14:51:04,6.37,-0.01,86,54782,卖盘
1233,14:51:19,6.37,0.0,1,637,买盘
1234,14:51:22,6.36,-0.01,29,18444,卖盘
1235,14:51:34,6.37,0.01,31,19747,买盘
1236,14:51:37,6.38,0.01,83,52930,买盘
1237,14:52:00,6.38,0.0,30,19140,买盘
1238,14:52:09,6.38,0.0,7,4466,买盘
1239,14:52:13,6.37,-0.01,50,31850,卖盘
1240,14:52:16,6.37,0.0,10,6370,卖盘
1241,14:52:25,6.37,0.0,5,3185,卖盘
1242,14:52:33,6.37,0.0,9,5733,卖盘
1243,14:52:39,6.37,0.0,10,6370,卖盘
1244,14:52:49,6.37,0.0,13,8281,买盘
1245,14:52:55,6.37,0.0,63,40131,买盘
1246,14:52:57,6.37,0.0,1,637,卖盘
1247,14:53:06,6.37,0.0,16,10192,卖盘
1248,14:53:16,6.37,0.0,32,20384,买盘
1249,14:53:19,6.37,0.0,1,637,买盘
1250,14:53:22,6.37,0.0,6,3822,买盘
1251,14:53:25,6.37,0.0,16,10192,卖盘
1252,14:53:31,6.37,0.0,1,637,买盘
1253,14:53:40,6.36,-0.01,311,197796,卖盘
1254,14:53:43,6.37,0.01,20,12740,买盘
1255,14:53:46,6.36,-0.01,52,33072,卖盘
1256,14:53:54,6.36,0.0,110,69960,卖盘
1257,14:53:58,6.36,0.0,19,12084,买盘
1258,14:54:01,6.36,0.0,1,636,买盘
1259,14:54:07,6.36,0.0,10,6360,买盘
1260,14:54:13,6.36,0.0,20,12720,买盘
1261,14:54:16,6.36,0.0,24,15264,买盘
1262,14:54:19,6.36,0.0,26,16536,买盘
1263,14:54:27,6.36,0.0,20,12720,卖盘
1264,14:54:39,6.36,0.0,120,76320,卖盘
1265,14:54:46,6.36,0.0,18,11448,买盘
1266,14:54:48,6.36,0.0,25,15900,买盘
1267,14:54:55,6.35,-0.01,240,152440,卖盘
1268,14:54:58,6.35,0.0,314,199390,卖盘
1269,14:55:01,6.36,0.01,3,1908,买盘
1270,14:55:07,6.35,-0.01,56,35560,卖盘
1271,14:55:16,6.36,0.01,9,5724,买盘
1272,14:55:21,6.36,0.0,68,43243,买盘
1273,14:55:25,6.36,0.0,15,9540,卖盘
1274,14:55:28,6.36,0.0,5,3180,卖盘
1275,14:55:34,6.36,0.0,17,10812,卖盘
1276,14:55:43,6.36,0.0,100,63600,买盘
1277,14:55:52,6.36,0.0,10,6360,买盘
1278,14:56:00,6.36,0.0,1,636,买盘
1279,14:56:15,6.36,0.0,14,8904,买盘
1280,14:56:18,6.35,-0.01,100,63511,卖盘
1281,14:56:31,6.37,0.02,20,12740,买盘
1282,14:56:34,6.37,0.0,17,10829,买盘
1283,14:56:40,6.36,-0.01,36,22917,卖盘
1284,14:56:43,6.35,-0.01,210,133367,卖盘
1285,14:56:52,6.37,0.02,6,3822,买盘
1286,15:00:04,6.36,-0.01,427,271572,卖盘
