,time,price,change,volume,amount,type
0,09:25:04,3.0,0.0,7,2100,卖盘
1,09:30:04,2.98,-0.02,103,30704,卖盘
2,09:30:07,2.98,0.0,18,5364,卖盘
3,09:30:10,2.98,0.0,92,27416,卖盘
4,09:30:13,2.97,-0.01,11,3276,卖盘
5,09:30:31,2.98,0.01,2,596,买盘
6,09:30:42,2.98,0.0,22,6556,买盘
7,09:30:51,2.98,0.0,1,298,买盘
8,09:31:06,2.98,0.0,4,1192,买盘
9,09:31:10,2.98,0.0,10,2980,买盘
10,09:31:30,2.98,0.0,1,298,买盘
11,09:31:33,2.98,0.0,1,298,买盘
12,09:31:36,2.98,0.0,1,298,买盘
13,09:31:39,2.98,0.0,2,596,买盘
14,09:31:42,2.98,0.0,1,298,买盘
15,09:31:46,2.98,0.0,1,298,买盘
16,09:31:49,2.97,-0.01,11,3271,卖盘
17,09:31:52,2.98,0.01,2,596,买盘
18,09:31:54,2.97,-0.01,51,15148,卖盘
19,09:32:04,2.98,0.01,3,893,买盘
20,09:32:07,2.98,0.0,10,2980,买盘
21,09:32:15,2.98,0.0,9,2682,买盘
22,09:32:19,2.98,0.0,9,2682,买盘
23,09:32:22,2.98,0.0,9,2682,买盘
24,09:32:24,2.98,0.0,10,2980,买盘
25,09:32:31,2.97,-0.01,59,17573,卖盘
26,09:32:34,2.97,0.0,10,2970,卖盘
27,09:32:36,2.98,0.01,2,596,买盘
28,09:32:39,2.98,0.0,43,12814,买盘
29,09:32:49,2.99,0.01,1,299,买盘
30,09:33:30,2.98,-0.01,3,894,卖盘
31,09:33:37,2.98,0.0,3,894,卖盘
32,09:33:46,2.98,0.0,91,27122,卖盘
33,09:33:49,2.99,0.01,108,32292,买盘
34,09:33:52,2.99,0.0,4,1194,买盘
35,09:34:04,2.99,0.0,1,299,买盘
36,09:34:07,2.99,0.0,2,598,买盘
37,09:34:10,2.99,0.0,9,2691,买盘
38,09:34:19,2.99,0.0,4,1196,买盘
39,09:34:22,2.99,0.0,2,598,买盘
40,09:34:37,2.99,0.0,3,896,买盘
41,09:34:40,2.99,0.0,3,897,买盘
42,09:34:49,2.99,0.0,1,299,买盘
43,09:34:52,2.99,0.0,1,299,买盘
44,09:34:55,2.98,-0.01,10,2980,卖盘
45,09:34:58,2.99,0.01,17,5067,买盘
46,09:35:04,2.98,-0.01,19,5662,卖盘
47,09:35:09,2.99,0.01,5,1492,买盘
48,09:35:18,2.99,0.0,100,29900,买盘
49,09:35:27,2.99,0.0,4,1196,买盘
50,09:35:34,2.99,0.0,43,12857,买盘
51,09:35:40,2.99,0.0,4,1196,买盘
52,09:35:48,2.99,0.0,5,1495,买盘
53,09:35:52,2.98,-0.01,11,3278,卖盘
54,09:35:55,2.98,0.0,10,2980,卖盘
55,09:36:07,2.98,0.0,4,1192,卖盘
56,09:36:10,2.99,0.01,32,9540,买盘
57,09:36:19,2.99,0.0,1,299,买盘
58,09:36:43,2.99,0.0,1,299,买盘
59,09:36:46,2.99,0.0,3,897,买盘
60,09:36:49,2.99,0.0,2,598,买盘
61,09:37:07,2.99,0.0,5,1495,买盘
62,09:37:19,2.99,0.0,1,299,买盘
63,09:37:37,2.99,0.0,196,58604,买盘
64,09:37:40,2.99,0.0,4,1196,买盘
65,09:37:43,2.99,0.0,3,897,买盘
66,09:38:01,2.99,0.0,76,22724,买盘
67,09:38:04,2.98,-0.01,62,18478,卖盘
68,09:38:07,2.99,0.01,2,598,买盘
69,09:38:10,2.99,0.0,59,17641,买盘
70,09:38:13,2.99,0.0,3,897,买盘
71,09:38:15,2.99,0.0,2,598,买盘
72,09:38:18,2.99,0.0,12,3588,买盘
73,09:38:43,2.99,0.0,2,598,买盘
74,09:38:45,2.99,0.0,5,1495,买盘
75,09:38:51,2.99,0.0,100,29900,买盘
76,09:39:01,2.99,0.0,1,299,买盘
77,09:39:06,2.99,0.0,1,299,买盘
78,09:39:10,2.99,0.0,2,598,买盘
79,09:39:16,2.99,0.0,1,299,买盘
80,09:39:19,2.99,0.0,3,897,买盘
81,09:39:24,2.99,0.0,8,2392,买盘
82,09:39:27,2.99,0.0,2,598,买盘
83,09:39:34,2.99,0.0,2,598,买盘
84,09:39:40,2.99,0.0,82,24518,买盘
85,09:39:42,2.99,0.0,6,1794,买盘
86,09:39:45,2.99,0.0,2,598,买盘
87,09:39:52,2.99,0.0,2,598,买盘
88,09:39:55,2.98,-0.01,1,298,卖盘
89,09:40:01,2.98,0.0,2,596,卖盘
90,09:40:06,2.98,0.0,15,4470,卖盘
91,09:40:09,2.99,0.01,1,299,买盘
92,09:40:13,2.99,0.0,5,1492,买盘
93,09:40:16,2.99,0.0,5,1495,买盘
94,09:40:22,2.98,-0.01,6,1788,卖盘
95,09:40:52,2.99,0.01,3,897,买盘
96,09:40:55,2.99,0.0,3,897,买盘
97,09:41:01,2.99,0.0,33,9867,买盘
98,09:41:06,2.98,-0.01,1,298,卖盘
99,09:41:22,2.99,0.01,53,15846,买盘
100,09:41:33,2.99,0.0,2,598,买盘
101,09:41:37,2.99,0.0,5,1494,买盘
102,09:42:07,2.99,0.0,6,1794,买盘
103,09:42:10,2.99,0.0,2,598,买盘
104,09:42:12,2.98,-0.01,1,298,卖盘
105,09:42:15,2.98,0.0,1,298,卖盘
106,09:42:22,2.98,0.0,28,8344,卖盘
107,09:42:31,2.98,0.0,3,894,卖盘
108,09:42:33,2.98,0.0,3,895,卖盘
109,09:42:36,2.99,0.01,4,1196,买盘
110,09:42:49,2.98,-0.01,14,4172,卖盘
111,09:42:51,2.98,0.0,2,596,卖盘
112,09:42:55,2.98,0.0,28,8344,卖盘
113,09:42:57,2.98,0.0,2,596,卖盘
114,09:43:00,2.98,0.0,42,12516,卖盘
115,09:43:06,2.98,0.0,33,9837,卖盘
116,09:43:10,2.98,0.0,30,8940,卖盘
117,09:43:16,2.98,0.0,9,2685,卖盘
118,09:43:19,2.98,0.0,7,2087,卖盘
119,09:43:24,2.99,0.01,2,598,买盘
120,09:43:28,2.98,-0.01,1,298,卖盘
121,09:43:34,2.99,0.01,1,299,买盘
122,09:43:40,2.98,-0.01,11,3278,卖盘
123,09:43:43,2.99,0.01,5,1495,买盘
124,09:43:52,2.98,-0.01,1,298,卖盘
125,09:44:04,2.98,0.0,23,6876,卖盘
126,09:44:06,2.99,0.01,2,598,买盘
127,09:44:12,2.98,-0.01,206,61477,卖盘
128,09:44:22,2.99,0.01,3,897,买盘
129,09:44:33,2.99,0.0,1,299,买盘
130,09:44:36,2.99,0.0,1,299,买盘
131,09:44:40,2.99,0.0,4,1195,买盘
132,09:44:48,2.98,-0.01,1,298,卖盘
133,09:45:04,2.98,0.0,5,1494,卖盘
134,09:45:06,2.99,0.01,2,598,买盘
135,09:45:25,2.98,-0.01,1,298,卖盘
136,09:45:28,2.98,0.0,1,298,卖盘
137,09:45:34,2.99,0.01,7,2093,买盘
138,09:45:36,2.99,0.0,2,598,买盘
139,09:45:42,2.98,-0.01,206,61388,卖盘
140,09:46:00,2.98,0.0,15,4470,卖盘
141,09:46:04,2.99,0.01,1,299,买盘
142,09:46:16,2.99,0.0,6,1794,买盘
143,09:46:19,2.98,-0.01,185,55130,卖盘
144,09:46:30,2.99,0.01,1,299,买盘
145,09:46:42,2.99,0.0,1,299,买盘
146,09:46:46,2.99,0.0,6,1794,买盘
147,09:47:00,2.99,0.0,500,149500,买盘
148,09:47:04,2.99,0.0,2,598,买盘
149,09:47:09,2.99,0.0,2,598,买盘
150,09:47:13,2.99,0.0,100,29900,买盘
151,09:47:16,2.99,0.0,5,1495,买盘
152,09:47:30,2.99,0.0,10,2990,买盘
153,09:47:40,2.99,0.0,2,598,买盘
154,09:47:45,2.99,0.0,3,897,买盘
155,09:47:48,2.99,0.0,1,299,买盘
156,09:47:52,2.99,0.0,351,104609,买盘
157,09:47:58,2.99,0.0,8,2392,买盘
158,09:48:00,2.99,0.0,96,28704,卖盘
159,09:48:04,2.99,0.0,6,1794,买盘
160,09:48:06,2.99,0.0,30,8970,买盘
161,09:48:16,2.99,0.0,1,299,买盘
162,09:48:34,2.99,0.0,1,299,买盘
163,09:48:37,2.99,0.0,3,897,买盘
164,09:48:43,2.99,0.0,1,299,买盘
165,09:48:45,2.99,0.0,17,5083,买盘
166,09:48:55,2.99,0.0,2,598,买盘
167,09:49:04,2.99,0.0,1,299,买盘
168,09:49:06,2.99,0.0,3,897,买盘
169,09:49:12,2.98,-0.01,55,16392,卖盘
170,09:49:16,2.99,0.01,12,3588,买盘
171,09:49:34,2.99,0.0,6,1794,买盘
172,09:49:36,2.99,0.0,75,22425,买盘
173,09:49:58,2.99,0.0,1,299,卖盘
174,09:50:04,2.99,0.0,2,599,卖盘
175,09:50:16,3.0,0.01,2,600,买盘
176,09:50:19,2.99,-0.01,2,598,卖盘
177,09:50:22,3.0,0.01,3,900,买盘
178,09:50:24,2.99,-0.01,24,7176,卖盘
179,09:50:31,2.99,0.0,30,8970,买盘
180,09:50:34,2.98,-0.01,15,4470,卖盘
181,09:50:37,2.99,0.01,3,897,买盘
182,09:50:43,2.99,0.0,1,299,买盘
183,09:50:46,2.99,0.0,1,299,买盘
184,09:50:49,2.99,0.0,2,598,买盘
185,09:51:00,2.98,-0.01,2,596,卖盘
186,09:51:04,2.99,0.01,15,4472,买盘
187,09:51:15,2.99,0.0,14,4183,买盘
188,09:51:22,2.99,0.0,4,1196,买盘
189,09:51:33,2.99,0.0,2,598,买盘
190,09:51:37,2.99,0.0,3,897,买盘
191,09:51:43,2.99,0.0,1,299,买盘
192,09:51:45,2.99,0.0,6,1794,买盘
193,09:51:52,2.99,0.0,41,12258,买盘
194,09:52:09,2.99,0.0,3,897,买盘
195,09:52:13,2.99,0.0,1,299,买盘
196,09:52:15,2.99,0.0,1,299,买盘
197,09:52:22,2.98,-0.01,1,298,卖盘
198,09:52:25,2.99,0.01,65,19430,买盘
199,09:52:28,2.98,-0.01,70,20860,卖盘
200,09:52:40,2.98,0.0,100,29800,卖盘
201,09:52:43,2.99,0.01,4,1196,买盘
202,09:52:45,2.99,0.0,4,1196,买盘
203,09:53:10,2.99,0.0,2,598,买盘
204,09:53:12,2.98,-0.01,2,596,卖盘
205,09:53:19,2.98,0.0,7,2089,卖盘
206,09:53:25,2.98,0.0,4,1192,卖盘
207,09:53:27,2.98,0.0,22,6556,卖盘
208,09:53:31,2.98,0.0,13,3874,卖盘
209,09:53:34,2.99,0.01,1,299,买盘
210,09:53:37,2.99,0.0,3,897,买盘
211,09:53:48,2.99,0.0,6,1794,买盘
212,09:54:01,2.99,0.0,1,299,买盘
213,09:54:04,2.98,-0.01,12,3576,卖盘
214,09:54:06,2.99,0.01,4,1193,买盘
215,09:54:12,2.98,-0.01,23,6860,卖盘
216,09:54:34,2.99,0.01,5,1495,买盘
217,09:54:37,2.99,0.0,3,897,买盘
218,09:54:48,2.98,-0.01,1,298,卖盘
219,09:54:57,2.98,0.0,1,298,卖盘
220,09:55:04,2.99,0.01,2,598,买盘
221,09:55:10,2.99,0.0,1,299,买盘
222,09:55:12,2.99,0.0,3,897,买盘
223,09:55:19,2.98,-0.01,10,2980,卖盘
224,09:55:21,2.98,0.0,1,298,卖盘
225,09:55:34,2.99,0.01,1,299,买盘
226,09:55:40,2.99,0.0,1,299,买盘
227,09:55:46,2.98,-0.01,29,8646,卖盘
228,09:55:55,2.99,0.01,5,1495,买盘
229,09:55:58,2.98,-0.01,1,298,卖盘
230,09:56:04,2.99,0.01,2,598,买盘
231,09:56:07,2.98,-0.01,13,3876,卖盘
232,09:56:10,2.99,0.01,3,897,买盘
233,09:56:15,2.99,0.0,10,2990,买盘
234,09:56:33,2.98,-0.01,7,2087,卖盘
235,09:56:36,2.99,0.01,1,299,买盘
236,09:57:04,2.99,0.0,57,17036,买盘
237,09:57:13,2.98,-0.01,1,298,卖盘
238,09:57:22,2.98,0.0,7,2086,卖盘
239,09:57:37,2.99,0.01,1,299,买盘
240,09:57:52,2.99,0.0,9,2691,买盘
241,09:57:55,2.99,0.0,1,299,买盘
242,09:58:09,2.99,0.0,2,598,买盘
243,09:58:54,2.99,0.0,37,11063,买盘
244,09:59:37,2.98,-0.01,44,13112,卖盘
245,10:00:04,2.98,0.0,3,894,卖盘
246,10:00:28,2.98,0.0,1,298,卖盘
247,10:00:40,2.99,0.01,200,59800,买盘
248,10:00:46,2.98,-0.01,1,298,卖盘
249,10:01:04,2.98,0.0,3,894,卖盘
250,10:01:12,2.98,0.0,55,16390,卖盘
251,10:01:15,2.98,0.0,1,298,卖盘
252,10:01:22,2.98,0.0,779,232142,卖盘
253,10:01:51,2.98,0.0,1,298,卖盘
254,10:01:54,2.98,0.0,1,298,卖盘
255,10:01:57,2.98,0.0,1,298,卖盘
256,10:02:04,2.98,0.0,3,894,卖盘
257,10:02:13,2.98,0.0,2,596,卖盘
258,10:02:34,2.98,0.0,26,7748,卖盘
259,10:02:37,2.99,0.01,20,5980,买盘
260,10:02:40,2.98,-0.01,1,298,卖盘
261,10:02:42,2.98,0.0,1,298,卖盘
262,10:03:04,2.98,0.0,3,894,卖盘
263,10:03:06,2.98,0.0,1,298,卖盘
264,10:03:10,2.98,0.0,3,894,卖盘
265,10:03:13,2.98,0.0,1,298,卖盘
266,10:03:16,2.98,0.0,3,894,卖盘
267,10:03:25,2.98,0.0,2,596,卖盘
268,10:03:30,2.98,0.0,1,298,卖盘
269,10:03:36,2.98,0.0,1,298,卖盘
270,10:03:39,2.98,0.0,15,4470,卖盘
271,10:04:04,2.98,0.0,4,1192,卖盘
272,10:04:18,2.98,0.0,2,596,卖盘
273,10:04:43,2.98,0.0,1,298,卖盘
274,10:04:55,2.98,0.0,480,143040,卖盘
275,10:05:04,2.98,0.0,5,1490,卖盘
276,10:05:06,2.98,0.0,1,298,卖盘
277,10:05:13,2.98,0.0,274,81652,卖盘
278,10:05:21,2.98,0.0,1,298,卖盘
279,10:05:34,2.98,0.0,1,298,卖盘
280,10:05:45,2.98,0.0,192,57216,卖盘
281,10:05:48,2.97,-0.01,1,297,卖盘
282,10:06:01,2.97,0.0,1,297,卖盘
283,10:06:04,2.97,0.0,2,594,卖盘
284,10:06:09,2.98,0.01,50,14900,买盘
285,10:06:15,2.98,0.0,50,14900,买盘
286,10:06:18,2.98,0.0,1,298,买盘
287,10:06:21,2.97,-0.01,5,1487,卖盘
288,10:06:25,2.98,0.01,3,894,买盘
289,10:06:36,2.98,0.0,2,596,卖盘
290,10:06:40,2.98,0.0,1,298,买盘
291,10:06:42,2.98,0.0,12,3576,买盘
292,10:06:54,2.98,0.0,22,6556,卖盘
293,10:06:58,2.98,0.0,104,30992,卖盘
294,10:07:04,2.98,0.0,3,894,卖盘
295,10:07:12,2.98,0.0,260,77480,卖盘
296,10:07:31,2.97,-0.01,1,297,卖盘
297,10:08:00,2.98,0.01,2,596,买盘
298,10:08:30,2.98,0.0,2,596,买盘
299,10:08:37,2.97,-0.01,1,297,卖盘
300,10:09:00,2.97,0.0,1,297,卖盘
301,10:09:07,2.97,0.0,2,594,卖盘
302,10:09:18,2.97,0.0,1,297,卖盘
303,10:09:22,2.97,0.0,1,297,卖盘
304,10:09:24,2.97,0.0,2,594,卖盘
305,10:09:30,2.97,0.0,311,92367,卖盘
306,10:09:33,2.97,0.0,17,5049,卖盘
307,10:09:37,2.97,0.0,13,3861,卖盘
308,10:09:40,2.97,0.0,11,3267,卖盘
309,10:09:55,2.97,0.0,3,891,卖盘
310,10:10:04,2.98,0.01,10,2980,买盘
311,10:10:06,2.97,-0.01,25,7425,卖盘
312,10:10:12,2.97,0.0,1,297,卖盘
313,10:10:16,2.98,0.01,16,4753,买盘
314,10:10:19,2.98,0.0,7,2086,买盘
315,10:10:31,2.98,0.0,2,596,买盘
316,10:10:36,2.97,-0.01,1,297,卖盘
317,10:10:42,2.97,0.0,10,2977,卖盘
318,10:10:46,2.98,0.01,5,1490,买盘
319,10:10:49,2.98,0.0,2,596,买盘
320,10:10:58,2.97,-0.01,2,594,卖盘
321,10:11:06,2.97,0.0,60,17820,卖盘
322,10:11:09,2.97,0.0,25,7425,卖盘
323,10:11:12,2.98,0.01,9,2682,买盘
324,10:11:16,2.98,0.0,67,19966,买盘
325,10:11:28,2.97,-0.01,32,9504,卖盘
326,10:11:30,2.98,0.01,101,30098,买盘
327,10:11:45,2.97,-0.01,1,297,卖盘
328,10:11:52,2.98,0.01,138,41124,买盘
329,10:12:07,2.98,0.0,8,2384,买盘
330,10:12:15,2.97,-0.01,500,148500,卖盘
331,10:12:21,2.97,0.0,14,4158,卖盘
332,10:12:24,2.97,0.0,249,73953,卖盘
333,10:12:30,2.97,0.0,1,297,买盘
334,10:12:34,2.97,0.0,1,297,买盘
335,10:12:37,2.97,0.0,10,2970,买盘
336,10:12:43,2.97,0.0,7,2079,买盘
337,10:12:49,2.98,0.01,308,91749,买盘
338,10:12:52,2.98,0.0,4,1192,卖盘
339,10:13:04,2.98,0.0,3,894,卖盘
340,10:13:10,2.99,0.01,2,598,买盘
341,10:13:12,2.99,0.0,7,2093,买盘
342,10:13:40,2.99,0.0,8,2392,买盘
343,10:13:52,2.98,-0.01,1,298,卖盘
344,10:14:04,2.98,0.0,3,894,卖盘
345,10:14:07,2.99,0.01,1,299,买盘
346,10:14:10,2.99,0.0,7,2093,买盘
347,10:14:16,2.98,-0.01,7,2086,卖盘
348,10:14:24,2.98,0.0,1,298,卖盘
349,10:14:31,2.98,0.0,9,2682,卖盘
350,10:14:36,2.99,0.01,9,2691,买盘
351,10:14:43,2.98,-0.01,12,3576,卖盘
352,10:14:46,2.98,0.0,2,596,卖盘
353,10:14:58,2.98,0.0,2,596,卖盘
354,10:15:04,2.98,0.0,3,894,卖盘
355,10:15:06,2.99,0.01,8,2392,买盘
356,10:15:31,2.98,-0.01,2,596,卖盘
357,10:15:37,2.99,0.01,8,2392,买盘
358,10:16:07,2.99,0.0,22,6578,买盘
359,10:16:10,2.99,0.0,519,155181,买盘
360,10:16:13,2.99,0.0,68,20332,卖盘
361,10:16:18,2.98,-0.01,1,298,卖盘
362,10:16:28,2.98,0.0,101,30198,卖盘
363,10:16:31,2.98,0.0,2,596,卖盘
364,10:16:36,2.99,0.01,7,2093,买盘
365,10:16:39,2.99,0.0,1,299,买盘
366,10:16:52,2.97,-0.02,14,4165,卖盘
367,10:17:04,2.97,0.0,4,1188,卖盘
368,10:17:33,2.98,0.01,2,596,买盘
369,10:17:42,2.98,0.0,4,1192,买盘
370,10:18:04,2.98,0.0,3,894,卖盘
371,10:18:13,2.98,0.0,1,298,卖盘
372,10:19:04,2.98,0.0,3,894,卖盘
373,10:19:21,2.98,0.0,2,596,卖盘
374,10:19:39,2.99,0.01,2,598,买盘
375,10:19:51,2.98,-0.01,66,19668,卖盘
376,10:20:04,2.98,0.0,3,894,卖盘
377,10:21:04,2.98,0.0,4,1192,卖盘
378,10:21:42,2.98,0.0,1,298,卖盘
379,10:21:45,2.98,0.0,133,39634,卖盘
380,10:22:13,2.97,-0.01,3,891,卖盘
381,10:22:22,2.97,0.0,3,891,卖盘
382,10:22:42,2.97,0.0,1,297,卖盘
383,10:22:46,2.97,0.0,12,3564,卖盘
384,10:22:48,2.97,0.0,7,2079,卖盘
385,10:22:58,2.97,0.0,1,297,卖盘
386,10:23:04,2.97,0.0,5,1485,卖盘
387,10:23:21,2.98,0.01,68,20264,买盘
388,10:23:48,2.98,0.0,1,298,买盘
389,10:24:01,2.97,-0.01,2,594,卖盘
390,10:24:04,2.97,0.0,3,891,卖盘
391,10:24:16,2.97,0.0,305,90585,卖盘
392,10:24:51,2.97,0.0,1,297,卖盘
393,10:25:04,2.97,0.0,6,1782,卖盘
394,10:25:12,2.97,0.0,1,297,卖盘
395,10:25:24,2.98,0.01,16,4768,买盘
396,10:25:49,2.97,-0.01,1,297,卖盘
397,10:26:04,2.98,0.01,13,3871,买盘
398,10:26:19,2.97,-0.01,8,2383,卖盘
399,10:26:22,2.98,0.01,35,10430,买盘
400,10:26:34,2.98,0.0,51,15198,买盘
401,10:26:39,2.98,0.0,37,11026,买盘
402,10:26:42,2.97,-0.01,3,891,卖盘
403,10:27:04,2.97,0.0,3,891,卖盘
404,10:27:27,2.97,0.0,10,2970,卖盘
405,10:27:36,2.97,0.0,1,297,卖盘
406,10:27:40,2.98,0.01,50,14900,买盘
407,10:27:46,2.98,0.0,2,596,卖盘
408,10:27:57,2.98,0.0,50,14900,买盘
409,10:28:07,2.98,0.0,2,596,买盘
410,10:28:18,2.98,0.0,49,14602,买盘
411,10:28:21,2.98,0.0,3,894,买盘
412,10:28:34,2.98,0.0,10,2980,买盘
413,10:28:40,2.98,0.0,1,298,买盘
414,10:28:42,2.98,0.0,165,49170,买盘
415,10:28:46,2.98,0.0,100,29800,买盘
416,10:28:48,2.98,0.0,2,596,买盘
417,10:28:58,2.98,0.0,137,40826,买盘
418,10:29:04,2.98,0.0,5,1490,中性盘
419,10:29:21,2.99,0.01,333,99627,买盘
420,10:29:43,2.99,0.0,1,299,卖盘
421,10:29:51,3.0,0.01,31,9300,买盘
422,10:30:10,2.99,-0.01,2,598,卖盘
423,10:30:18,2.99,0.0,1,299,卖盘
424,10:30:31,2.99,0.0,1,299,卖盘
425,10:30:34,2.99,0.0,17,5023,卖盘
426,10:31:04,2.99,0.0,1,299,买盘
427,10:31:10,2.99,0.0,20,5980,买盘
428,10:31:30,2.99,0.0,10,2990,买盘
429,10:32:19,2.99,0.0,50,15010,买盘
430,10:33:19,2.99,0.0,41,12259,买盘
431,10:33:25,2.98,-0.01,3,894,卖盘
432,10:33:37,2.98,0.0,1,298,卖盘
433,10:33:42,2.99,0.01,17,5083,买盘
434,10:33:52,2.99,0.0,36,10764,买盘
435,10:34:04,2.99,0.0,4,1196,卖盘
436,10:34:34,2.99,0.0,2,598,卖盘
437,10:35:04,2.99,0.0,3,897,卖盘
438,10:35:10,2.99,0.0,3,897,卖盘
439,10:35:18,2.99,0.0,15,4485,卖盘
440,10:35:33,2.99,0.0,1,299,卖盘
441,10:35:58,3.0,0.01,30,9000,买盘
442,10:36:45,2.99,-0.01,86,25714,卖盘
443,10:36:52,3.0,0.01,300,90000,买盘
444,10:37:19,2.99,-0.01,15,4485,卖盘
445,10:37:28,2.99,0.0,1,299,卖盘
446,10:37:33,3.0,0.01,101,30300,买盘
447,10:37:52,2.99,-0.01,1,299,卖盘
448,10:38:04,3.0,0.01,5,1496,买盘
449,10:38:13,3.0,0.0,1,300,买盘
450,10:38:22,2.99,-0.01,1,299,卖盘
451,10:39:01,2.99,0.0,1,299,卖盘
452,10:39:04,2.99,0.0,3,897,卖盘
453,10:39:15,3.0,0.01,526,157800,买盘
454,10:39:19,3.0,0.0,1,300,买盘
455,10:39:24,3.0,0.0,54,16200,买盘
456,10:39:31,3.0,0.0,55,16500,买盘
457,10:39:39,3.0,0.0,44,13200,买盘
458,10:39:46,3.0,0.0,1,300,买盘
459,10:39:49,3.0,0.0,1,150,卖盘
460,10:40:07,3.0,0.0,3,900,买盘
461,10:40:12,3.0,0.0,38,11400,买盘
462,10:40:16,3.0,0.0,1,300,买盘
463,10:40:24,3.0,0.0,1,300,买盘
464,10:40:46,3.0,0.0,2,600,卖盘
465,10:40:51,3.01,0.01,282,84882,买盘
466,10:40:58,3.01,0.0,1,301,买盘
467,10:41:01,3.01,0.0,259,77989,买盘
468,10:41:04,3.01,0.0,3,903,卖盘
469,10:41:28,3.02,0.01,5,1510,买盘
470,10:41:31,3.02,0.0,28,8455,买盘
471,10:41:39,3.01,-0.01,1,301,卖盘
472,10:41:54,3.01,0.0,1,301,卖盘
473,10:41:58,3.02,0.01,1,302,买盘
474,10:42:01,3.02,0.0,3,906,买盘
475,10:42:28,3.02,0.0,1,302,买盘
476,10:42:33,3.01,-0.01,3,903,卖盘
477,10:42:42,3.01,0.0,16,4819,卖盘
478,10:42:52,3.01,0.0,1,301,卖盘
479,10:42:55,3.01,0.0,23,6923,卖盘
480,10:42:57,3.01,0.0,2,603,卖盘
481,10:43:04,3.01,0.0,3,903,卖盘
482,10:43:09,3.01,0.0,100,30100,卖盘
483,10:43:12,3.01,0.0,13,3913,卖盘
484,10:43:16,3.01,0.0,65,19565,卖盘
485,10:43:28,3.02,0.01,2,604,买盘
486,10:43:30,3.01,-0.01,24,7224,卖盘
487,10:43:33,3.01,0.0,38,11438,卖盘
488,10:43:40,3.02,0.01,13,3926,买盘
489,10:43:43,3.01,-0.01,11,3311,卖盘
490,10:43:46,3.01,0.0,2,602,卖盘
491,10:43:52,3.02,0.01,1,302,买盘
492,10:44:00,3.02,0.0,290,87580,买盘
493,10:44:13,3.02,0.0,104,31408,买盘
494,10:44:19,3.02,0.0,1,302,买盘
495,10:44:52,3.02,0.0,2,604,买盘
496,10:45:19,3.02,0.0,1,302,买盘
497,10:45:22,3.02,0.0,71,21442,买盘
498,10:45:51,3.01,-0.01,2,603,卖盘
499,10:46:04,3.01,0.0,3,903,卖盘
500,10:46:18,3.02,0.01,1,302,买盘
501,10:46:33,3.02,0.0,130,39260,买盘
502,10:46:39,3.01,-0.01,1,301,卖盘
503,10:46:48,3.02,0.01,2,604,买盘
504,10:47:18,3.01,-0.01,1,301,卖盘
505,10:47:25,3.02,0.01,1,302,买盘
506,10:47:37,3.02,0.0,92,27784,买盘
507,10:47:48,3.02,0.0,1,302,买盘
508,10:48:24,3.02,0.0,2,604,买盘
509,10:48:28,3.02,0.0,196,59192,买盘
510,10:48:48,3.02,0.0,21,6342,买盘
511,10:49:07,3.02,0.0,442,133481,买盘
512,10:49:21,3.03,0.01,1,303,买盘
513,10:49:33,3.02,-0.01,20,6040,卖盘
514,10:49:52,3.02,0.0,21,6343,卖盘
515,10:50:21,3.02,0.0,2,604,买盘
516,10:51:10,3.02,0.0,25,7550,买盘
517,10:51:12,3.02,0.0,1,302,买盘
518,10:51:24,3.02,0.0,24,7248,买盘
519,10:51:37,3.02,0.0,10,3020,买盘
520,10:51:42,3.02,0.0,1,302,买盘
521,10:52:04,3.02,0.0,190,57380,买盘
522,10:52:09,3.02,0.0,2,604,买盘
523,10:52:18,3.02,0.0,34,10251,买盘
524,10:52:36,3.02,0.0,24,7248,买盘
525,10:52:42,3.02,0.0,1,302,买盘
526,10:52:55,3.02,0.0,3,906,买盘
527,10:53:04,3.02,0.0,1,302,买盘
528,10:53:10,3.02,0.0,1,302,买盘
529,10:53:28,3.02,0.0,176,53152,买盘
530,10:53:40,3.02,0.0,22,6644,买盘
531,10:53:43,3.02,0.0,102,30804,买盘
532,10:54:12,3.02,0.0,2,604,买盘
533,10:54:43,3.02,0.0,1,302,买盘
534,10:54:52,3.01,-0.01,1,301,卖盘
535,10:55:03,3.01,0.0,14,4214,卖盘
536,10:55:10,3.02,0.01,1,302,买盘
537,10:55:12,3.02,0.0,168,50736,买盘
538,10:55:43,3.02,0.0,1,302,买盘
539,10:55:58,3.02,0.0,11,3322,买盘
540,10:56:00,3.01,-0.01,3,903,卖盘
541,10:56:12,3.01,0.0,2,603,卖盘
542,10:56:28,3.01,0.0,2,602,卖盘
543,10:56:33,3.02,0.01,284,85768,买盘
544,10:56:42,3.02,0.0,2,604,买盘
545,10:57:12,3.02,0.0,11,3322,买盘
546,10:57:43,3.02,0.0,1,302,买盘
547,10:58:00,3.02,0.0,57,17214,买盘
548,10:58:10,3.02,0.0,1,302,买盘
549,10:58:18,3.02,0.0,3,906,买盘
550,10:58:24,3.01,-0.01,2,602,卖盘
551,10:58:43,3.02,0.01,2,604,买盘
552,10:59:04,3.01,-0.01,4,1204,卖盘
553,10:59:13,3.02,0.01,1,302,买盘
554,10:59:43,3.02,0.0,1,302,买盘
555,10:59:48,3.02,0.0,399,120664,买盘
556,10:59:57,3.02,0.0,534,161268,卖盘
557,11:00:00,3.02,0.0,7,2114,卖盘
558,11:00:04,3.02,0.0,6,1812,卖盘
559,11:00:06,3.02,0.0,5,1510,卖盘
560,11:00:09,3.02,0.0,5,1510,卖盘
561,11:00:13,3.02,0.0,152,45739,卖盘
562,11:00:40,3.02,0.0,64,19265,买盘
563,11:00:49,3.02,0.0,7,2114,买盘
564,11:01:12,3.02,0.0,2,604,买盘
565,11:01:42,3.02,0.0,161,48622,买盘
566,11:01:46,3.02,0.0,312,94224,买盘
567,11:02:00,3.01,-0.01,69,20774,卖盘
568,11:02:13,3.02,0.01,3,904,买盘
569,11:02:42,3.02,0.0,1,302,买盘
570,11:03:12,3.02,0.0,2,604,买盘
571,11:03:25,3.01,-0.01,63,18963,卖盘
572,11:03:42,3.02,0.01,1,302,买盘
573,11:03:45,3.01,-0.01,1,301,卖盘
574,11:04:12,3.02,0.01,1,302,买盘
575,11:04:43,3.02,0.0,1,302,买盘
576,11:04:46,3.02,0.0,342,103450,买盘
577,11:04:52,3.02,0.0,51,15236,卖盘
578,11:05:16,3.02,0.0,1,302,买盘
579,11:05:43,3.02,0.0,2,604,买盘
580,11:06:13,3.02,0.0,15,4696,买盘
581,11:06:18,3.02,0.0,63,19026,卖盘
582,11:06:37,3.03,0.01,100,30300,买盘
583,11:06:43,3.03,0.0,1,303,买盘
584,11:06:48,3.02,-0.01,9,2718,卖盘
585,11:07:13,3.03,0.01,1,303,买盘
586,11:07:15,3.02,-0.01,5,1510,卖盘
587,11:07:27,3.03,0.01,5,1515,买盘
588,11:07:42,3.02,-0.01,64,19328,卖盘
589,11:07:45,3.03,0.01,1,303,买盘
590,11:07:57,3.02,-0.01,10,3020,卖盘
591,11:08:16,3.03,0.01,2,606,买盘
592,11:08:46,3.03,0.0,1,303,买盘
593,11:09:10,3.02,-0.01,63,19026,卖盘
594,11:09:12,3.03,0.01,1,303,买盘
595,11:09:40,3.03,0.0,552,167256,买盘
596,11:09:42,3.03,0.0,5,1515,买盘
597,11:10:16,3.03,0.0,2,606,买盘
598,11:10:30,3.02,-0.01,64,19328,卖盘
599,11:10:46,3.02,0.0,2,605,卖盘
600,11:11:15,3.02,0.0,2,605,卖盘
601,11:11:28,3.02,0.0,15,4530,卖盘
602,11:11:36,3.02,0.0,1,302,卖盘
603,11:11:46,3.03,0.01,1,303,买盘
604,11:11:49,3.02,-0.01,5,1510,卖盘
605,11:11:55,3.02,0.0,73,22046,卖盘
606,11:12:07,3.02,0.0,37,11174,卖盘
607,11:12:10,3.02,0.0,10,3020,卖盘
608,11:12:16,3.03,0.01,1,303,买盘
609,11:12:19,3.02,-0.01,4,1208,卖盘
610,11:12:25,3.02,0.0,1,302,卖盘
611,11:12:36,3.02,0.0,20,6040,卖盘
612,11:12:40,3.03,0.01,31,9393,买盘
613,11:12:46,3.03,0.0,2,606,买盘
614,11:12:49,3.02,-0.01,2,604,卖盘
615,11:13:04,3.02,0.0,82,24764,卖盘
616,11:13:15,3.03,0.01,1,303,买盘
617,11:13:18,3.02,-0.01,2,604,卖盘
618,11:13:21,3.02,0.0,64,19328,卖盘
619,11:13:31,3.02,0.0,64,19162,卖盘
620,11:13:42,3.01,-0.01,1,301,卖盘
621,11:13:46,3.02,0.01,115,34896,买盘
622,11:13:58,3.02,0.0,50,15100,卖盘
623,11:14:16,3.03,0.01,1,303,买盘
624,11:14:42,3.03,0.0,1097,332391,买盘
625,11:14:45,3.03,0.0,2,606,买盘
626,11:14:48,3.02,-0.01,63,19026,卖盘
627,11:14:58,3.02,0.0,1,302,卖盘
628,11:15:16,3.03,0.01,1,303,买盘
629,11:15:31,3.03,0.0,236,71356,买盘
630,11:15:42,3.03,0.0,100,30300,卖盘
631,11:15:45,3.04,0.01,1,304,买盘
632,11:15:48,3.03,-0.01,20,6060,卖盘
633,11:15:55,3.04,0.01,3,912,买盘
634,11:16:10,3.03,-0.01,63,19089,卖盘
635,11:16:19,3.04,0.01,1,304,买盘
636,11:16:36,3.03,-0.01,20,6060,卖盘
637,11:16:46,3.03,0.0,10,3030,卖盘
638,11:16:49,3.04,0.01,1,304,买盘
639,11:17:16,3.03,-0.01,30,9090,卖盘
640,11:17:19,3.04,0.01,2,608,买盘
641,11:17:21,3.03,-0.01,60,18180,卖盘
642,11:17:34,3.03,0.0,64,19392,卖盘
643,11:17:45,3.04,0.01,550,167200,买盘
644,11:17:49,3.04,0.0,1,304,买盘
645,11:18:04,3.04,0.0,10,3040,买盘
646,11:18:10,3.03,-0.01,11,3333,卖盘
647,11:18:12,3.04,0.01,208,63134,买盘
648,11:18:19,3.04,0.0,1,304,买盘
649,11:18:22,3.04,0.0,524,159296,买盘
650,11:18:39,3.04,0.0,60,18240,买盘
651,11:18:42,3.04,0.0,106,32224,买盘
652,11:18:45,3.04,0.0,89,27056,卖盘
653,11:18:49,3.04,0.0,1,304,买盘
654,11:18:51,3.04,0.0,21,6384,买盘
655,11:19:00,3.03,-0.01,63,19089,卖盘
656,11:19:04,3.04,0.01,97,29488,买盘
657,11:19:10,3.04,0.0,20,6080,卖盘
658,11:19:18,3.04,0.0,4,1218,卖盘
659,11:19:30,3.04,0.0,19,5776,卖盘
660,11:19:49,3.05,0.01,1,305,买盘
661,11:19:54,3.04,-0.01,30,9120,卖盘
662,11:20:01,3.04,0.0,20,6080,卖盘
663,11:20:10,3.04,0.0,100,30400,卖盘
664,11:20:15,3.04,0.0,51,15554,卖盘
665,11:20:18,3.04,0.0,186,56545,卖盘
666,11:20:21,3.04,0.0,1,304,卖盘
667,11:20:27,3.04,0.0,64,19456,卖盘
668,11:20:30,3.04,0.0,41,12464,卖盘
669,11:20:33,3.04,0.0,2,608,卖盘
670,11:20:36,3.04,0.0,2,608,卖盘
671,11:20:39,3.04,0.0,1,304,卖盘
672,11:20:42,3.04,0.0,1,304,卖盘
673,11:20:49,3.04,0.0,25,7601,卖盘
674,11:21:06,3.04,0.0,48,14592,买盘
675,11:21:13,3.04,0.0,20,6080,卖盘
676,11:21:18,3.04,0.0,4,1217,卖盘
677,11:21:25,3.04,0.0,28,8512,卖盘
678,11:21:30,3.05,0.01,37,11285,买盘
679,11:21:37,3.04,-0.01,86,26144,卖盘
680,11:21:42,3.05,0.01,13,3965,买盘
681,11:21:48,3.05,0.0,2,610,买盘
682,11:21:52,3.04,-0.01,63,19152,卖盘
683,11:21:54,3.05,0.01,1,305,买盘
684,11:21:57,3.05,0.0,95,28975,买盘
685,11:22:12,3.04,-0.01,2,608,卖盘
686,11:22:18,3.05,0.01,51,15505,买盘
687,11:22:43,3.05,0.0,1,305,买盘
688,11:22:49,3.05,0.0,1,305,买盘
689,11:22:51,3.05,0.0,28,8540,买盘
690,11:22:55,3.05,0.0,10,3050,买盘
691,11:23:03,3.05,0.0,35,10675,买盘
692,11:23:16,3.04,-0.01,64,19456,卖盘
693,11:23:19,3.05,0.01,1,305,买盘
694,11:23:24,3.04,-0.01,40,12160,卖盘
695,11:23:27,3.05,0.01,216,65880,买盘
696,11:23:33,3.05,0.0,30,9150,买盘
697,11:23:49,3.05,0.0,2,610,买盘
698,11:24:19,3.04,-0.01,30,9120,卖盘
699,11:24:22,3.04,0.0,1,304,买盘
700,11:24:31,3.05,0.01,508,154880,买盘
701,11:24:40,3.04,-0.01,64,19456,买盘
702,11:24:49,3.05,0.01,1,305,买盘
703,11:25:18,3.05,0.0,1,305,买盘
704,11:25:31,3.04,-0.01,74,22496,卖盘
705,11:25:48,3.05,0.01,1,305,买盘
706,11:25:51,3.04,-0.01,48,14592,卖盘
707,11:25:55,3.04,0.0,2,608,买盘
708,11:26:04,3.04,0.0,49,14896,卖盘
709,11:26:06,3.04,0.0,15,4560,买盘
710,11:26:19,3.05,0.01,2,610,买盘
711,11:26:49,3.05,0.0,1,305,买盘
712,11:26:51,3.04,-0.01,1,304,卖盘
713,11:27:10,3.05,0.01,1,305,买盘
714,11:27:19,3.05,0.0,1,305,买盘
715,11:27:31,3.04,-0.01,1,304,卖盘
716,11:27:34,3.04,0.0,63,19152,卖盘
717,11:27:43,3.04,0.0,1,304,卖盘
718,11:27:51,3.05,0.01,1,305,买盘
719,11:28:09,3.04,-0.01,1,304,卖盘
720,11:28:19,3.05,0.01,2,610,买盘
721,11:28:33,3.05,0.0,33,10065,买盘
722,11:28:39,3.05,0.0,28,8540,买盘
723,11:28:52,3.05,0.0,1,305,买盘
724,11:29:06,3.05,0.0,371,113155,买盘
725,11:29:22,3.05,0.0,1,305,买盘
726,11:29:57,3.04,-0.01,15,4560,卖盘
727,13:00:04,3.05,0.01,228,69515,买盘
728,13:00:07,3.04,-0.01,18,5472,卖盘
729,13:00:09,3.04,0.0,1,304,卖盘
730,13:00:13,3.04,0.0,13,3952,卖盘
731,13:00:25,3.04,0.0,15,4560,卖盘
732,13:00:46,3.04,0.0,22,6688,卖盘
733,13:00:57,3.04,0.0,61,18544,卖盘
734,13:01:33,3.04,0.0,2,608,卖盘
735,13:01:42,3.04,0.0,248,75392,卖盘
736,13:01:54,3.04,0.0,30,9120,卖盘
737,13:02:09,3.04,0.0,65,19608,卖盘
738,13:02:31,3.04,0.0,100,30400,买盘
739,13:02:48,3.03,-0.01,3,909,卖盘
740,13:02:55,3.03,0.0,4,1212,卖盘
741,13:03:06,3.03,0.0,1,303,卖盘
742,13:03:18,3.03,0.0,10,3030,卖盘
743,13:03:39,3.04,0.01,6,1823,买盘
744,13:06:42,3.03,-0.01,10,3030,卖盘
745,13:06:45,3.03,0.0,22,6666,卖盘
746,13:06:52,3.03,0.0,3,909,卖盘
747,13:06:54,3.03,0.0,14,4242,卖盘
748,13:07:09,3.03,0.0,2,606,卖盘
749,13:07:51,3.03,0.0,20,6060,卖盘
750,13:08:49,3.04,0.01,20,6080,买盘
751,13:09:15,3.03,-0.01,10,3030,卖盘
752,13:09:33,3.03,0.0,10,3030,卖盘
753,13:10:24,3.04,0.01,16,4864,买盘
754,13:10:27,3.04,0.0,6,1819,买盘
755,13:11:15,3.03,-0.01,10,3030,卖盘
756,13:11:42,3.04,0.01,100,30400,买盘
757,13:11:58,3.03,-0.01,3,909,卖盘
758,13:12:13,3.03,0.0,2,606,卖盘
759,13:12:16,3.03,0.0,27,8181,卖盘
760,13:13:36,3.03,0.0,1,303,卖盘
761,13:13:39,3.03,0.0,25,7575,卖盘
762,13:13:49,3.03,0.0,1,303,卖盘
763,13:14:07,3.03,0.0,4,1212,卖盘
764,13:14:45,3.04,0.01,1,304,买盘
765,13:14:55,3.03,-0.01,6,1818,卖盘
766,13:15:01,3.03,0.0,228,69084,卖盘
767,13:15:12,3.03,0.0,3,909,卖盘
768,13:15:15,3.03,0.0,10,3030,卖盘
769,13:16:30,3.03,0.0,8,2424,卖盘
770,13:17:03,3.03,0.0,33,9999,卖盘
771,13:17:22,3.03,0.0,100,30300,卖盘
772,13:17:27,3.03,0.0,5,1515,卖盘
773,13:17:42,3.03,0.0,10,3030,卖盘
774,13:18:27,3.03,0.0,19,5757,卖盘
775,13:18:39,3.03,0.0,3,909,卖盘
776,13:18:45,3.03,0.0,162,49086,卖盘
777,13:18:48,3.03,0.0,2,606,卖盘
778,13:18:51,3.03,0.0,2,606,卖盘
779,13:18:54,3.03,0.0,1,303,卖盘
780,13:18:57,3.03,0.0,1,303,卖盘
781,13:19:01,3.03,0.0,1,303,卖盘
782,13:19:04,3.03,0.0,1,303,卖盘
783,13:19:07,3.03,0.0,1,303,卖盘
784,13:19:10,3.03,0.0,1,303,卖盘
785,13:19:24,3.03,0.0,10,3030,卖盘
786,13:19:36,3.04,0.01,5,1520,买盘
787,13:20:10,3.03,-0.01,4,1212,卖盘
788,13:20:27,3.04,0.01,200,60800,买盘
789,13:20:30,3.03,-0.01,96,29088,卖盘
790,13:20:39,3.03,0.0,2,606,卖盘
791,13:20:45,3.03,0.0,100,30300,卖盘
792,13:20:51,3.03,0.0,2,606,卖盘
793,13:20:54,3.03,0.0,10,3030,卖盘
794,13:21:15,3.03,0.0,5,1515,卖盘
795,13:21:18,3.03,0.0,2,606,卖盘
796,13:21:55,3.03,0.0,10,3030,卖盘
797,13:22:22,3.04,0.01,200,60800,买盘
798,13:23:36,3.03,-0.01,11,3333,卖盘
799,13:24:15,3.03,0.0,350,106050,卖盘
800,13:24:18,3.03,0.0,6,1818,卖盘
801,13:24:27,3.03,0.0,1,303,卖盘
802,13:24:34,3.03,0.0,10,3030,卖盘
803,13:24:39,3.03,0.0,41,12423,卖盘
804,13:24:48,3.03,0.0,10,3030,卖盘
805,13:24:51,3.03,0.0,2,606,卖盘
806,13:24:57,3.03,0.0,1,303,卖盘
807,13:25:00,3.03,0.0,10,3030,卖盘
808,13:25:36,3.03,0.0,4,1212,卖盘
809,13:25:52,3.03,0.0,11,3333,卖盘
810,13:26:10,3.02,-0.01,11,3322,卖盘
811,13:27:07,3.02,0.0,4,1208,卖盘
812,13:27:34,3.02,0.0,1,302,卖盘
813,13:27:36,3.02,0.0,2,604,卖盘
814,13:27:39,3.02,0.0,1,302,卖盘
815,13:28:55,3.03,0.01,200,60600,买盘
816,13:29:01,3.03,0.0,1,303,买盘
817,13:29:48,3.03,0.0,100,30300,买盘
818,13:29:54,3.03,0.0,38,11514,买盘
819,13:30:22,3.03,0.0,1,303,卖盘
820,13:30:34,3.02,-0.01,20,6057,卖盘
821,13:30:45,3.03,0.01,1,303,卖盘
822,13:31:04,3.03,0.0,7,2121,卖盘
823,13:31:19,3.03,0.0,1,303,卖盘
824,13:31:46,3.03,0.0,1,303,卖盘
825,13:32:19,3.03,0.0,2,606,卖盘
826,13:32:45,3.03,0.0,21,6363,卖盘
827,13:32:48,3.03,0.0,60,18180,卖盘
828,13:32:54,3.03,0.0,10,3030,卖盘
829,13:33:06,3.03,0.0,10,3030,买盘
830,13:33:10,3.03,0.0,7,2121,卖盘
831,13:33:18,3.03,0.0,1,303,卖盘
832,13:33:25,3.03,0.0,1,303,卖盘
833,13:33:42,3.03,0.0,20,6060,卖盘
834,13:33:46,3.03,0.0,1,303,卖盘
835,13:34:19,3.03,0.0,1,303,卖盘
836,13:34:22,3.03,0.0,3,909,卖盘
837,13:34:25,3.03,0.0,3,909,卖盘
838,13:34:28,3.03,0.0,1,303,卖盘
839,13:34:49,3.04,0.01,50,15200,买盘
840,13:34:52,3.03,-0.01,2,606,卖盘
841,13:35:16,3.03,0.0,50,15150,卖盘
842,13:35:18,3.03,0.0,18,5454,卖盘
843,13:35:36,3.04,0.01,6,1824,买盘
844,13:35:51,3.04,0.0,9,2736,买盘
845,13:35:54,3.03,-0.01,30,9090,卖盘
846,13:36:16,3.03,0.0,30,9090,卖盘
847,13:36:34,3.03,0.0,10,3030,卖盘
848,13:37:01,3.03,0.0,47,14241,卖盘
849,13:37:04,3.03,0.0,6,1818,卖盘
850,13:37:34,3.02,-0.01,120,36240,卖盘
851,13:38:10,3.03,0.01,6,1818,买盘
852,13:38:25,3.02,-0.01,15,4530,卖盘
853,13:38:49,3.03,0.01,10,3030,买盘
854,13:39:06,3.02,-0.01,1,302,卖盘
855,13:40:04,3.02,0.0,10,3020,卖盘
856,13:40:10,3.02,0.0,50,15100,卖盘
857,13:41:19,3.02,0.0,1,302,卖盘
858,13:43:54,3.02,0.0,1,302,卖盘
859,13:44:22,3.02,0.0,14,4228,卖盘
860,13:44:40,3.03,0.01,157,47571,买盘
861,13:45:04,3.03,0.0,1,303,买盘
862,13:45:28,3.03,0.0,19,5757,买盘
863,13:46:00,3.02,-0.01,3,906,卖盘
864,13:46:39,3.02,0.0,1,302,卖盘
865,13:46:43,3.03,0.01,94,28482,买盘
866,13:47:27,3.03,0.0,6,1818,卖盘
867,13:48:40,3.02,-0.01,4,1208,卖盘
868,13:49:36,3.02,0.0,7,2114,卖盘
869,13:49:55,3.02,0.0,7,2114,卖盘
870,13:50:00,3.02,0.0,50,15100,卖盘
871,13:51:00,3.02,0.0,1,302,卖盘
872,13:51:57,3.02,0.0,22,6644,卖盘
873,13:53:21,3.02,0.0,1,302,卖盘
874,13:54:01,3.03,0.01,1,303,买盘
875,13:55:04,3.03,0.0,3,909,买盘
876,13:56:52,3.03,0.0,19,5757,买盘
877,13:58:33,3.03,0.0,150,45450,买盘
878,13:59:10,3.02,-0.01,1,302,卖盘
879,14:00:24,3.02,0.0,4,1208,卖盘
880,14:01:04,3.03,0.01,126,38178,买盘
881,14:02:01,3.03,0.0,81,24543,买盘
882,14:02:28,3.02,-0.01,20,6282,卖盘
883,14:03:40,3.03,0.01,30,9090,买盘
884,14:04:54,3.03,0.0,1,303,买盘
885,14:05:07,3.03,0.0,3,909,买盘
886,14:06:07,3.02,-0.01,1,302,卖盘
887,14:06:10,3.02,0.0,200,60400,卖盘
888,14:06:16,3.02,0.0,20,6040,卖盘
889,14:06:25,3.03,0.01,104,31512,买盘
890,14:06:52,3.02,-0.01,1,302,卖盘
891,14:07:55,3.03,0.01,200,60600,买盘
892,14:08:19,3.03,0.0,117,35451,买盘
893,14:08:22,3.03,0.0,109,33027,买盘
894,14:08:42,3.04,0.01,20,6080,买盘
895,14:09:04,3.03,-0.01,1,303,卖盘
896,14:09:31,3.03,0.0,50,15150,卖盘
897,14:09:58,3.03,0.0,1,303,卖盘
898,14:10:21,3.03,0.0,1,303,卖盘
899,14:10:40,3.03,0.0,1,303,卖盘
900,14:12:45,3.03,0.0,1,303,卖盘
901,14:12:48,3.03,0.0,1,303,卖盘
902,14:13:15,3.03,0.0,1,303,卖盘
903,14:13:36,3.03,0.0,260,78780,卖盘
904,14:13:54,3.03,0.0,7,2121,卖盘
905,14:13:58,3.03,0.0,3,909,卖盘
906,14:14:36,3.03,0.0,21,6363,卖盘
907,14:14:49,3.03,0.0,2,606,卖盘
908,14:15:01,3.03,0.0,4,1212,卖盘
909,14:15:15,3.03,0.0,1,303,卖盘
910,14:15:28,3.03,0.0,54,16362,卖盘
911,14:15:34,3.03,0.0,1,303,卖盘
912,14:15:40,3.03,0.0,2,606,卖盘
913,14:15:51,3.03,0.0,1,303,卖盘
914,14:15:57,3.03,0.0,1,303,卖盘
915,14:16:19,3.03,0.0,19,5757,卖盘
916,14:16:49,3.03,0.0,2,606,卖盘
917,14:16:52,3.03,0.0,31,9393,卖盘
918,14:16:55,3.03,0.0,24,7272,卖盘
919,14:17:12,3.03,0.0,1,303,卖盘
920,14:17:16,3.03,0.0,1,303,卖盘
921,14:17:27,3.03,0.0,1,303,卖盘
922,14:17:43,3.03,0.0,10,3030,卖盘
923,14:18:04,3.03,0.0,18,5454,卖盘
924,14:18:13,3.03,0.0,1,303,卖盘
925,14:19:48,3.03,0.0,1,303,卖盘
926,14:19:57,3.03,0.0,1,303,卖盘
927,14:20:27,3.03,0.0,1,303,卖盘
928,14:20:46,3.03,0.0,3,909,卖盘
929,14:20:52,3.03,0.0,63,19089,卖盘
930,14:21:06,3.03,0.0,1,303,卖盘
931,14:21:10,3.03,0.0,8,2424,卖盘
932,14:21:13,3.03,0.0,1,303,买盘
933,14:21:16,3.03,0.0,7,2121,买盘
934,14:21:19,3.03,0.0,22,6666,买盘
935,14:21:24,3.03,0.0,20,6060,卖盘
936,14:21:34,3.03,0.0,1,303,卖盘
937,14:21:51,3.03,0.0,1,303,卖盘
938,14:21:54,3.03,0.0,2,606,卖盘
939,14:22:10,3.04,0.01,34,10336,买盘
940,14:22:34,3.03,-0.01,2,606,卖盘
941,14:22:45,3.03,0.0,1,303,卖盘
942,14:23:07,3.03,0.0,2,606,卖盘
943,14:23:10,3.03,0.0,4,1212,卖盘
944,14:23:28,3.03,0.0,9,2727,卖盘
945,14:23:31,3.03,0.0,3,909,卖盘
946,14:24:19,3.03,0.0,10,3030,卖盘
947,14:24:22,3.03,0.0,3,909,卖盘
948,14:24:28,3.03,0.0,1,303,卖盘
949,14:24:46,3.03,0.0,8,2424,卖盘
950,14:24:49,3.03,0.0,1,303,卖盘
951,14:25:24,3.03,0.0,1,303,卖盘
952,14:25:31,3.03,0.0,5,1515,卖盘
953,14:25:46,3.03,0.0,1,303,卖盘
954,14:26:30,3.03,0.0,1,303,卖盘
955,14:26:39,3.03,0.0,1,303,卖盘
956,14:26:54,3.04,0.01,100,30400,买盘
957,14:28:36,3.04,0.0,50,15200,买盘
958,14:28:51,3.04,0.0,287,87248,买盘
959,14:29:19,3.04,0.0,47,14288,买盘
960,14:29:46,3.04,0.0,42,12768,买盘
961,14:30:03,3.03,-0.01,5,1515,卖盘
962,14:30:25,3.03,0.0,4,1212,卖盘
963,14:30:34,3.04,0.01,300,91200,买盘
964,14:32:13,3.04,0.0,90,27360,买盘
965,14:33:36,3.04,0.0,18,5472,买盘
966,14:33:43,3.04,0.0,16,4853,买盘
967,14:33:46,3.04,0.0,21,6384,买盘
968,14:34:09,3.04,0.0,10,3040,买盘
969,14:34:27,3.04,0.0,1,304,买盘
970,14:34:37,3.03,-0.01,10,3030,卖盘
971,14:35:07,3.04,0.01,99,30096,买盘
972,14:35:13,3.04,0.0,2,608,买盘
973,14:35:15,3.04,0.0,6,1824,买盘
974,14:35:21,3.03,-0.01,1,303,卖盘
975,14:35:34,3.04,0.01,221,67184,买盘
976,14:35:37,3.04,0.0,1,304,买盘
977,14:35:46,3.04,0.0,18,5472,买盘
978,14:35:49,3.04,0.0,75,22800,买盘
979,14:36:51,3.03,-0.01,7,2121,卖盘
980,14:37:21,3.03,0.0,4,1212,卖盘
981,14:37:37,3.04,0.01,10,3040,买盘
982,14:38:16,3.04,0.0,1,304,买盘
983,14:38:43,3.04,0.0,15,4560,买盘
984,14:40:45,3.04,0.0,15,4560,买盘
985,14:42:27,3.04,0.0,50,15200,买盘
986,14:42:58,3.03,-0.01,29,8807,卖盘
987,14:43:10,3.03,0.0,2,606,卖盘
988,14:43:16,3.03,0.0,10,3030,卖盘
989,14:43:21,3.03,0.0,1,303,卖盘
990,14:43:25,3.03,0.0,8,2424,卖盘
991,14:43:31,3.03,0.0,2,606,卖盘
992,14:43:54,3.03,0.0,4,1212,卖盘
993,14:44:28,3.03,0.0,5,1515,卖盘
994,14:44:58,3.03,0.0,8,2424,卖盘
995,14:45:10,3.03,0.0,20,6060,卖盘
996,14:46:01,3.03,0.0,1,303,卖盘
997,14:46:18,3.04,0.01,1,304,买盘
998,14:46:24,3.03,-0.01,1,303,卖盘
999,14:47:04,3.04,0.01,2,608,买盘
1000,14:47:46,3.03,-0.01,45,13635,卖盘
1001,14:47:58,3.03,0.0,200,60600,卖盘
1002,14:49:01,3.03,0.0,52,15756,卖盘
1003,14:49:13,3.04,0.01,10,3040,买盘
1004,14:49:34,3.03,-0.01,1,303,卖盘
1005,14:49:52,3.03,0.0,15,4545,卖盘
1006,14:49:57,3.03,0.0,3,909,卖盘
1007,14:50:30,3.03,0.0,1,303,卖盘
1008,14:50:33,3.03,0.0,50,15150,卖盘
1009,14:50:42,3.03,0.0,1,303,卖盘
1010,14:50:51,3.03,0.0,7,2121,卖盘
1011,14:51:07,3.03,0.0,2,606,卖盘
1012,14:51:39,3.04,0.01,27,8208,买盘
1013,14:52:18,3.03,-0.01,110,33330,卖盘
1014,14:52:31,3.03,0.0,1,303,卖盘
1015,14:52:39,3.03,0.0,1,303,卖盘
1016,14:53:10,3.03,0.0,60,18180,卖盘
1017,14:53:22,3.03,0.0,5,1515,卖盘
1018,14:53:48,3.03,0.0,26,7898,卖盘
1019,14:54:04,3.03,0.0,78,23634,卖盘
1020,14:54:10,3.03,0.0,200,60600,卖盘
1021,14:54:25,3.03,0.0,1,303,卖盘
1022,14:54:28,3.04,0.01,20,6080,买盘
1023,14:54:31,3.04,0.0,1,304,买盘
1024,14:54:37,3.03,-0.01,3,909,卖盘
1025,14:54:42,3.03,0.0,10,3030,卖盘
1026,14:54:51,3.03,0.0,20,6060,卖盘
1027,14:55:27,3.03,0.0,23,6969,卖盘
1028,14:55:30,3.04,0.01,150,45600,买盘
1029,14:55:36,3.03,-0.01,50,15150,卖盘
1030,14:55:39,3.03,0.0,380,115140,卖盘
1031,14:56:19,3.04,0.01,74,22480,买盘
1032,14:56:43,3.03,-0.01,32,9696,卖盘
1033,15:00:04,3.03,0.0,349,105747,卖盘
