,time,price,change,volume,amount,type
0,09:25:04,19.0,0.04,7,13300,卖盘
1,09:30:04,19.23,0.23,1,1923,买盘
2,09:30:08,19.1,-0.13,39,74844,卖盘
3,09:30:13,19.18,0.08,2,3836,买盘
4,09:30:16,19.05,-0.13,40,76277,卖盘
5,09:30:49,19.19,0.14,14,26854,买盘
6,09:30:52,19.18,-0.01,2,3836,卖盘
7,09:30:55,19.07,-0.11,18,34506,卖盘
8,09:31:13,19.19,0.12,8,15345,买盘
9,09:31:22,19.16,-0.03,9,17242,买盘
10,09:31:28,19.13,-0.03,10,19125,买盘
11,09:31:40,19.1,-0.03,3,5730,卖盘
12,09:31:43,19.16,0.06,13,24905,买盘
13,09:31:46,19.19,0.03,27,51762,买盘
14,09:31:49,19.16,-0.03,2,3832,卖盘
15,09:32:10,19.17,0.01,4,7666,买盘
16,09:32:16,19.19,0.02,9,17266,买盘
17,09:32:22,19.17,-0.02,5,9585,买盘
18,09:32:31,19.09,-0.08,10,19099,卖盘
19,09:32:37,19.1,0.01,4,7641,卖盘
20,09:32:49,19.17,0.07,9,17253,买盘
21,09:32:55,19.11,-0.06,12,22942,卖盘
22,09:33:01,19.11,0.0,8,15288,买盘
23,09:33:07,19.1,-0.01,12,22990,中性盘
24,09:33:16,19.1,0.0,8,15281,卖盘
25,09:33:25,19.17,0.07,23,44087,买盘
26,09:33:28,19.18,0.01,8,15344,买盘
27,09:33:31,19.17,-0.01,5,9585,卖盘
28,09:33:34,19.15,-0.02,10,19150,买盘
29,09:33:46,19.17,0.02,22,42154,买盘
30,09:33:55,19.16,-0.01,5,9580,卖盘
31,09:33:58,19.17,0.01,9,17248,买盘
32,09:34:01,19.17,0.0,6,11502,买盘
33,09:34:04,19.17,0.0,11,21087,卖盘
34,09:34:10,19.15,-0.02,2,3830,卖盘
35,09:34:16,19.15,0.0,10,19150,卖盘
36,09:34:19,19.15,0.0,15,28725,卖盘
37,09:34:28,19.15,0.0,8,15320,买盘
38,09:34:31,19.1,-0.05,1,1910,卖盘
39,09:34:34,19.1,0.0,2,3820,买盘
40,09:34:43,19.18,0.08,14,26820,买盘
41,09:34:46,19.1,-0.08,3,5730,卖盘
42,09:35:19,19.12,0.02,2,3824,卖盘
43,09:35:25,19.15,0.03,11,21050,买盘
44,09:35:34,19.1,-0.05,10,19100,卖盘
45,09:35:37,19.15,0.05,10,19150,买盘
46,09:35:43,19.1,-0.05,70,133700,卖盘
47,09:35:52,19.15,0.05,4,7660,买盘
48,09:36:04,19.13,-0.02,32,61273,卖盘
49,09:36:07,19.13,0.0,2,3826,卖盘
50,09:36:19,19.1,-0.03,9,17190,卖盘
51,09:36:25,19.1,0.0,2,3820,买盘
52,09:36:52,19.1,0.0,10,19107,卖盘
53,09:36:55,19.12,0.02,2,3824,买盘
54,09:37:19,19.12,0.0,12,22945,卖盘
55,09:37:40,19.14,0.02,5,9570,买盘
56,09:37:49,19.12,-0.02,8,15296,卖盘
57,09:38:25,19.15,0.03,13,24895,买盘
58,09:38:31,19.12,-0.03,19,36366,卖盘
59,09:38:37,19.15,0.03,6,11490,卖盘
60,09:38:40,19.18,0.03,17,32577,买盘
61,09:38:55,19.18,0.0,34,65212,买盘
62,09:39:31,19.18,0.0,1,1918,买盘
63,09:39:37,19.18,0.0,12,23015,买盘
64,09:39:43,19.18,0.0,7,13411,买盘
65,09:39:55,19.18,0.0,50,95885,买盘
66,09:39:58,19.18,0.0,42,80556,买盘
67,09:40:04,19.18,0.0,18,34520,买盘
68,09:40:16,19.18,0.0,10,19180,买盘
69,09:40:19,19.18,0.0,18,34524,买盘
70,09:40:43,19.17,-0.01,1,1917,买盘
71,09:40:55,19.16,-0.01,2,3832,卖盘
72,09:41:10,19.16,0.0,1,1916,卖盘
73,09:41:16,19.16,0.0,6,11496,卖盘
74,09:41:19,19.16,0.0,2,3832,卖盘
75,09:41:28,19.15,-0.01,6,11490,卖盘
76,09:41:43,19.15,0.0,9,17235,卖盘
77,09:41:49,19.14,-0.01,5,9570,卖盘
78,09:41:52,19.14,0.0,2,3828,卖盘
79,09:42:04,19.15,0.01,2,3830,买盘
80,09:42:13,19.15,0.0,5,9575,买盘
81,09:42:16,19.14,-0.01,12,22968,卖盘
82,09:42:25,19.15,0.01,2,3830,买盘
83,09:42:37,19.15,0.0,1,1915,卖盘
84,09:42:43,19.16,0.01,15,28731,买盘
85,09:42:52,19.15,-0.01,21,40215,卖盘
86,09:42:55,19.15,0.0,6,11490,买盘
87,09:42:58,19.15,0.0,4,7660,买盘
88,09:43:07,19.15,0.0,4,7660,买盘
89,09:43:28,19.15,0.0,1,1915,买盘
90,09:43:37,19.14,-0.01,5,9570,卖盘
91,09:43:46,19.14,0.0,8,15312,卖盘
92,09:43:55,19.16,0.02,2,3832,买盘
93,09:44:10,19.14,-0.02,17,32538,卖盘
94,09:44:13,19.14,0.0,11,21046,买盘
95,09:44:16,19.13,-0.01,42,80346,卖盘
96,09:44:19,19.12,-0.01,8,15296,卖盘
97,09:44:28,19.11,-0.01,3,5733,买盘
98,09:44:43,19.08,-0.03,5,9540,卖盘
99,09:44:52,19.08,0.0,48,91584,卖盘
100,09:44:55,19.08,0.0,2,3816,买盘
101,09:44:58,19.07,-0.01,5,9535,卖盘
102,09:45:01,19.07,0.0,8,15256,卖盘
103,09:45:16,19.05,-0.02,5,9525,卖盘
104,09:45:19,19.05,0.0,1,1905,卖盘
105,09:45:22,19.05,0.0,21,40005,卖盘
106,09:45:25,19.05,0.0,21,40005,买盘
107,09:45:31,19.05,0.0,25,47625,买盘
108,09:45:37,19.07,0.02,1,1907,买盘
109,09:45:40,19.06,-0.01,1,1906,卖盘
110,09:45:46,19.06,0.0,5,9530,卖盘
111,09:45:58,19.07,0.01,1,1907,买盘
112,09:46:01,19.06,-0.01,1,1906,卖盘
113,09:46:04,19.07,0.01,9,17163,买盘
114,09:46:10,19.07,0.0,7,13349,买盘
115,09:46:19,19.07,0.0,4,7628,卖盘
116,09:46:28,19.1,0.03,2,3820,买盘
117,09:46:37,19.1,0.0,3,5730,卖盘
118,09:46:43,19.1,0.0,3,5730,买盘
119,09:46:55,19.08,-0.02,12,22898,卖盘
120,09:46:58,19.08,0.0,22,41976,卖盘
121,09:47:01,19.07,-0.01,27,51509,卖盘
122,09:47:13,19.07,0.0,56,106792,卖盘
123,09:47:16,19.06,-0.01,49,93431,卖盘
124,09:47:25,19.07,0.01,25,47656,买盘
125,09:47:28,19.06,-0.01,7,13342,卖盘
126,09:47:31,19.06,0.0,61,116366,卖盘
127,09:47:43,19.05,-0.01,2,3810,卖盘
128,09:47:49,19.05,0.0,1,1905,卖盘
129,09:47:52,19.05,0.0,2,3810,卖盘
130,09:47:55,19.05,0.0,2,3810,卖盘
131,09:47:58,19.05,0.0,1,1905,卖盘
132,09:48:04,19.05,0.0,3,5715,买盘
133,09:48:07,19.04,-0.01,4,7618,卖盘
134,09:48:10,19.04,0.0,1,1904,卖盘
135,09:48:13,19.04,0.0,1,1904,卖盘
136,09:48:16,19.04,0.0,12,22848,卖盘
137,09:48:28,19.04,0.0,5,9520,买盘
138,09:48:34,19.03,-0.01,10,19030,卖盘
139,09:48:43,19.05,0.02,29,55217,买盘
140,09:48:52,19.06,0.01,4,7624,买盘
141,09:49:04,19.05,-0.01,23,43822,卖盘
142,09:49:19,19.06,0.01,18,34308,买盘
143,09:49:25,19.06,0.0,14,26684,买盘
144,09:50:01,19.07,0.01,4,7628,卖盘
145,09:50:28,19.1,0.03,1,1910,买盘
146,09:50:40,19.1,0.0,5,9550,买盘
147,09:50:49,19.1,0.0,18,34380,买盘
148,09:50:58,19.11,0.01,4,7644,买盘
149,09:51:04,19.11,0.0,7,13377,买盘
150,09:51:07,19.11,0.0,17,32471,买盘
151,09:51:13,19.11,0.0,10,19110,买盘
152,09:51:25,19.14,0.03,2,3828,买盘
153,09:51:28,19.14,0.0,5,9570,买盘
154,09:51:43,19.14,0.0,4,7656,买盘
155,09:51:55,19.15,0.01,3,5743,买盘
156,09:51:58,19.15,0.0,6,11490,买盘
157,09:52:16,19.11,-0.04,10,19110,卖盘
158,09:52:28,19.11,0.0,1,1911,买盘
159,09:52:58,19.14,0.03,16,30594,买盘
160,09:53:37,19.13,-0.01,17,32521,买盘
161,09:53:58,19.11,-0.02,8,15290,中性盘
162,09:54:04,19.11,0.0,1,1911,卖盘
163,09:54:07,19.11,0.0,1,1911,卖盘
164,09:54:13,19.11,0.0,1,1911,卖盘
165,09:54:16,19.13,0.02,17,32497,买盘
166,09:54:28,19.11,-0.02,2,3822,买盘
167,09:54:31,19.11,0.0,3,5733,买盘
168,09:54:40,19.1,-0.01,12,22920,中性盘
169,09:54:55,19.1,0.0,6,11460,卖盘
170,09:55:01,19.1,0.0,5,9550,卖盘
171,09:55:04,19.11,0.01,5,9555,买盘
172,09:55:07,19.11,0.0,3,5733,买盘
173,09:55:13,19.1,-0.01,10,19102,卖盘
174,09:55:37,19.09,-0.01,1,1909,卖盘
175,09:55:40,19.07,-0.02,20,38150,卖盘
176,09:55:43,19.1,0.03,5,9550,买盘
177,09:55:52,19.1,0.0,4,7640,买盘
178,09:56:52,19.1,0.0,13,24830,买盘
179,09:57:01,19.1,0.0,20,38208,卖盘
180,09:57:04,19.12,0.02,15,28680,买盘
181,09:57:16,19.13,0.01,14,26782,买盘
182,09:57:25,19.13,0.0,3,5739,买盘
183,09:57:28,19.13,0.0,25,47825,买盘
184,09:57:34,19.13,0.0,2,3826,卖盘
185,09:57:43,19.14,0.01,8,15312,买盘
186,09:57:58,19.16,0.02,70,134075,买盘
187,09:58:13,19.17,0.02,3,5751,买盘
188,09:58:19,19.18,0.01,29,55619,买盘
189,09:58:22,19.19,0.01,36,69051,买盘
190,09:58:28,19.2,0.01,93,178532,买盘
191,09:58:37,19.21,0.01,3,5763,买盘
192,09:58:43,19.23,0.02,13,24993,买盘
193,09:58:46,19.24,0.01,8,15389,买盘
194,09:58:55,19.25,0.01,27,51975,买盘
195,09:58:58,19.25,0.0,8,15400,买盘
196,09:59:01,19.25,0.0,4,7700,卖盘
197,09:59:04,19.25,0.0,15,28888,卖盘
198,09:59:10,19.26,0.01,5,9630,卖盘
199,09:59:13,19.3,0.04,172,331680,买盘
200,09:59:16,19.26,-0.04,30,57789,卖盘
201,09:59:19,19.3,0.04,15,28927,买盘
202,09:59:22,19.27,-0.03,1,1927,买盘
203,09:59:25,19.27,0.0,1,1927,卖盘
204,09:59:28,19.34,0.07,140,270425,买盘
205,09:59:31,19.34,0.0,30,58020,卖盘
206,09:59:34,19.34,0.0,1,1934,卖盘
207,09:59:37,19.35,0.01,22,42575,买盘
208,09:59:40,19.35,0.0,16,30963,卖盘
209,09:59:43,19.36,0.01,10,19358,买盘
210,09:59:46,19.36,0.0,15,29030,买盘
211,09:59:49,19.34,-0.02,18,34812,卖盘
212,09:59:52,19.35,0.01,60,116101,买盘
213,09:59:55,19.35,0.0,31,59985,卖盘
214,09:59:58,19.35,0.0,108,208985,卖盘
215,10:00:01,19.34,-0.01,18,34828,卖盘
216,10:00:04,19.35,0.01,1,1935,买盘
217,10:00:07,19.34,-0.01,81,156654,卖盘
218,10:00:10,19.34,0.0,15,29010,卖盘
219,10:00:13,19.34,0.0,2,3868,买盘
220,10:00:16,19.34,0.0,10,19340,买盘
221,10:00:25,19.34,0.0,2,3867,买盘
222,10:00:31,19.25,-0.09,11,21255,卖盘
223,10:00:34,19.3,0.05,1,1930,买盘
224,10:00:58,19.29,-0.01,2,3858,买盘
225,10:01:01,19.29,0.0,13,25077,买盘
226,10:01:10,19.3,0.01,2,3860,买盘
227,10:01:13,19.29,-0.01,7,13509,卖盘
228,10:01:16,19.29,0.0,1,1929,卖盘
229,10:01:22,19.3,0.01,6,11580,买盘
230,10:01:25,19.3,0.0,83,160190,买盘
231,10:01:28,19.3,0.0,10,19300,卖盘
232,10:01:37,19.3,0.0,2,3860,卖盘
233,10:01:40,19.32,0.02,31,59866,买盘
234,10:01:46,19.3,-0.02,1,1930,中性盘
235,10:01:49,19.3,0.0,19,36675,卖盘
236,10:01:52,19.29,-0.01,10,19290,卖盘
237,10:02:07,19.3,0.01,10,19300,买盘
238,10:02:10,19.29,-0.01,10,19290,卖盘
239,10:02:16,19.29,0.0,5,9645,卖盘
240,10:02:19,19.29,0.0,5,9646,卖盘
241,10:02:28,19.28,-0.01,4,7712,买盘
242,10:02:43,19.28,0.0,10,19280,买盘
243,10:02:58,19.28,0.0,10,19271,买盘
244,10:03:01,19.26,-0.02,40,77080,卖盘
245,10:03:04,19.26,0.0,5,9630,卖盘
246,10:03:16,19.25,-0.01,1,1925,卖盘
247,10:03:19,19.26,0.01,3,5778,买盘
248,10:03:31,19.26,0.0,6,11556,卖盘
249,10:03:34,19.25,-0.01,15,27980,卖盘
250,10:03:52,19.25,0.0,11,22080,卖盘
251,10:03:58,19.25,0.0,30,57750,买盘
252,10:04:19,19.25,0.0,31,58770,买盘
253,10:04:22,19.25,0.0,9,18230,卖盘
254,10:04:34,19.25,0.0,11,20270,买盘
255,10:04:46,19.26,0.01,2,3852,买盘
256,10:04:55,19.25,-0.01,6,11552,卖盘
257,10:05:04,19.25,0.0,2,3850,卖盘
258,10:05:10,19.26,0.01,5,9630,买盘
259,10:05:16,19.26,0.0,5,9630,买盘
260,10:05:25,19.26,0.0,1,1926,卖盘
261,10:05:31,19.27,0.01,3,5781,买盘
262,10:05:34,19.26,-0.01,1,1926,卖盘
263,10:05:37,19.26,0.0,45,86670,卖盘
264,10:05:40,19.26,0.0,4,7704,卖盘
265,10:05:46,19.25,-0.01,6,11552,卖盘
266,10:05:49,19.25,0.0,4,7700,卖盘
267,10:05:52,19.25,0.0,2,4755,卖盘
268,10:05:58,19.25,0.0,1,1925,买盘
269,10:06:04,19.23,-0.02,17,32701,卖盘
270,10:06:07,19.23,0.0,3,5769,卖盘
271,10:06:10,19.23,0.0,5,9615,卖盘
272,10:06:25,19.23,0.0,40,76920,买盘
273,10:06:28,19.23,0.0,20,38470,卖盘
274,10:06:31,19.25,0.02,10,19250,卖盘
275,10:06:52,19.26,0.01,30,57760,买盘
276,10:07:01,19.25,-0.01,2,3850,买盘
277,10:07:10,19.26,0.01,1,1926,买盘
278,10:07:22,19.25,-0.01,14,26963,卖盘
279,10:07:25,19.26,0.01,43,82814,买盘
280,10:07:43,19.26,0.0,21,40468,卖盘
281,10:07:52,19.28,0.02,1,1928,中性盘
282,10:07:58,19.29,0.01,5,9644,买盘
283,10:08:10,19.28,-0.01,3,5784,买盘
284,10:08:22,19.26,-0.02,2,3852,卖盘
285,10:08:52,19.26,0.0,3,5778,卖盘
286,10:09:01,19.26,0.0,5,9630,买盘
287,10:09:04,19.26,0.0,1,1926,买盘
288,10:09:07,19.25,-0.01,8,15400,卖盘
289,10:09:16,19.25,0.0,2,3850,买盘
290,10:09:28,19.25,0.0,1,1925,买盘
291,10:09:31,19.24,-0.01,5,9620,卖盘
292,10:09:40,19.24,0.0,4,7697,卖盘
293,10:09:46,19.24,0.0,8,15392,卖盘
294,10:10:13,19.24,0.0,1,1924,买盘
295,10:10:31,19.25,0.01,4,7699,买盘
296,10:10:40,19.25,0.0,21,40425,买盘
297,10:10:49,19.25,0.0,10,19250,卖盘
298,10:10:58,19.28,0.03,5,9640,买盘
299,10:11:16,19.26,-0.02,3,5778,卖盘
300,10:11:22,19.25,-0.01,16,30811,卖盘
301,10:11:28,19.28,0.03,5,9624,买盘
302,10:12:13,19.25,-0.03,2,3849,买盘
303,10:12:52,19.25,0.0,1,1925,买盘
304,10:13:43,19.25,0.0,4,7700,买盘
305,10:13:52,19.23,-0.02,2,3846,卖盘
306,10:13:55,19.23,0.0,4,7692,卖盘
307,10:14:01,19.21,-0.02,1,1921,卖盘
308,10:14:04,19.21,0.0,6,11526,卖盘
309,10:14:07,19.21,0.0,4,7684,卖盘
310,10:14:10,19.21,0.0,5,9605,卖盘
311,10:14:13,19.21,0.0,2,3843,卖盘
312,10:14:22,19.2,-0.01,8,15360,卖盘
313,10:14:25,19.21,0.01,13,24973,买盘
314,10:14:28,19.21,0.0,11,21131,卖盘
315,10:14:31,19.21,0.0,1,1921,卖盘
316,10:14:34,19.21,0.0,1,1921,卖盘
317,10:14:37,19.21,0.0,2,3842,卖盘
318,10:14:40,19.21,0.0,12,23052,卖盘
319,10:14:43,19.21,0.0,5,9605,买盘
320,10:14:46,19.21,0.0,1,1921,卖盘
321,10:14:52,19.19,-0.02,6,11520,卖盘
322,10:14:55,19.21,0.02,5,9605,买盘
323,10:15:04,19.19,-0.02,19,36493,卖盘
324,10:15:36,19.19,0.0,9,17273,卖盘
325,10:15:48,19.18,-0.01,31,59458,卖盘
326,10:15:55,19.19,0.01,20,38380,买盘
327,10:16:49,19.22,0.03,1,1922,买盘
328,10:17:07,19.22,0.0,8,15376,卖盘
329,10:17:22,19.22,0.0,1,1922,买盘
330,10:17:25,19.22,0.0,6,11532,卖盘
331,10:17:40,19.22,0.0,15,28830,卖盘
332,10:17:58,19.23,0.01,5,9615,买盘
333,10:18:19,19.22,-0.01,12,23064,卖盘
334,10:18:28,19.23,0.01,5,9615,买盘
335,10:18:40,19.22,-0.01,7,13454,卖盘
336,10:19:18,19.19,-0.03,8,15352,卖盘
337,10:19:40,19.22,0.03,10,19220,买盘
338,10:20:16,19.22,0.0,5,9610,买盘
339,10:20:25,19.22,0.0,2,3844,买盘
340,10:20:55,19.22,0.0,3,5766,卖盘
341,10:21:25,19.22,0.0,3,5766,买盘
342,10:21:31,19.2,-0.02,3,5760,卖盘
343,10:21:34,19.22,0.02,6,11528,买盘
344,10:22:13,19.22,0.0,16,30752,卖盘
345,10:22:22,19.23,0.01,1,1923,买盘
346,10:22:46,19.24,0.01,3,5772,买盘
347,10:22:52,19.24,0.0,11,21164,买盘
348,10:22:55,19.23,-0.01,34,65382,卖盘
349,10:22:58,19.24,0.01,7,13468,买盘
350,10:23:07,19.23,-0.01,21,40390,卖盘
351,10:23:28,19.23,0.0,5,9615,卖盘
352,10:23:40,19.23,0.0,1,1923,卖盘
353,10:23:55,19.25,0.02,9,17315,买盘
354,10:24:04,19.23,-0.02,21,40383,卖盘
355,10:24:15,19.22,-0.01,3,5766,卖盘
356,10:24:25,19.23,0.01,9,17307,买盘
357,10:24:31,19.22,-0.01,6,11532,卖盘
358,10:24:37,19.22,0.0,50,96100,卖盘
359,10:24:40,19.22,0.0,2,3844,卖盘
360,10:24:51,19.22,0.0,10,19220,卖盘
361,10:25:12,19.22,0.0,7,13454,卖盘
362,10:25:30,19.19,-0.03,12,23028,卖盘
363,10:25:42,19.19,0.0,6,11514,买盘
364,10:26:25,19.18,-0.01,4,7672,卖盘
365,10:26:30,19.18,0.0,19,36442,卖盘
366,10:26:40,19.17,-0.01,1,1917,卖盘
367,10:26:51,19.17,0.0,6,11502,卖盘
368,10:27:10,19.16,-0.01,1,1916,卖盘
369,10:27:16,19.17,0.01,10,19170,买盘
370,10:27:39,19.16,-0.01,22,42152,卖盘
371,10:27:43,19.16,0.0,21,40236,买盘
372,10:27:54,19.16,0.0,5,9580,买盘
373,10:27:58,19.16,0.0,20,38320,买盘
374,10:28:07,19.16,0.0,5,9580,买盘
375,10:28:10,19.16,0.0,5,9580,买盘
376,10:28:13,19.16,0.0,3,5748,卖盘
377,10:28:30,19.17,0.01,9,17253,买盘
378,10:28:43,19.18,0.01,8,15344,买盘
379,10:29:33,19.18,0.0,6,11508,卖盘
380,10:29:40,19.18,0.0,23,44114,卖盘
381,10:29:46,19.18,0.0,11,21098,卖盘
382,10:29:52,19.18,0.0,1,1918,卖盘
383,10:30:10,19.15,-0.03,27,51736,卖盘
384,10:30:28,19.15,0.0,5,9575,卖盘
385,10:30:34,19.14,-0.01,25,47850,卖盘
386,10:30:37,19.15,0.01,5,9575,买盘
387,10:30:52,19.15,0.0,11,21065,买盘
388,10:30:58,19.14,-0.01,3,5742,卖盘
389,10:31:25,19.14,0.0,17,32538,卖盘
390,10:31:31,19.13,-0.01,15,28695,卖盘
391,10:31:40,19.13,0.0,2,3826,卖盘
392,10:32:07,19.13,0.0,20,38265,卖盘
393,10:32:13,19.13,0.0,14,26782,卖盘
394,10:32:15,19.13,0.0,4,7652,买盘
395,10:32:19,19.13,0.0,1,1913,买盘
396,10:32:40,19.1,-0.03,16,30563,卖盘
397,10:33:07,19.1,0.0,3,5730,卖盘
398,10:33:46,19.1,0.0,3,5730,买盘
399,10:34:10,19.1,0.0,4,7640,买盘
400,10:34:43,19.07,-0.03,50,95413,卖盘
401,10:35:07,19.06,-0.01,6,11436,卖盘
402,10:35:10,19.06,0.0,15,28590,买盘
403,10:35:19,19.06,0.0,11,20966,买盘
404,10:35:39,19.07,0.01,6,11442,买盘
405,10:36:13,19.12,0.05,15,28680,买盘
406,10:36:25,19.12,0.0,6,11472,卖盘
407,10:36:28,19.07,-0.05,4,7633,卖盘
408,10:37:19,19.11,0.04,12,22932,买盘
409,10:37:22,19.1,-0.01,6,11460,卖盘
410,10:37:49,19.11,0.01,6,11466,买盘
411,10:38:19,19.12,0.01,2,3824,买盘
412,10:38:31,19.11,-0.01,5,9555,卖盘
413,10:38:46,19.12,0.01,1,1912,买盘
414,10:39:04,19.12,0.0,1,1912,买盘
415,10:39:43,19.12,0.0,2,3824,买盘
416,10:39:52,19.12,0.0,4,7648,买盘
417,10:39:57,19.12,0.0,1,1912,买盘
418,10:40:13,19.11,-0.01,10,19110,卖盘
419,10:40:52,19.11,0.0,3,5733,买盘
420,10:41:07,19.11,0.0,5,9555,买盘
421,10:41:57,19.11,0.0,6,11466,买盘
422,10:42:16,19.11,0.0,16,30576,买盘
423,10:42:49,19.09,-0.02,18,34376,卖盘
424,10:43:04,19.09,0.0,6,11454,买盘
425,10:43:07,19.08,-0.01,50,95400,卖盘
426,10:43:16,19.08,0.0,4,7632,卖盘
427,10:44:04,19.08,0.0,2,3816,卖盘
428,10:44:13,19.11,0.03,3,5733,买盘
429,10:44:30,19.07,-0.04,55,104915,卖盘
430,10:45:21,19.06,-0.01,15,28590,卖盘
431,10:45:43,19.05,-0.01,1,1905,卖盘
432,10:45:46,19.06,0.01,3,5718,买盘
433,10:45:49,19.05,-0.01,2,3811,卖盘
434,10:45:51,19.05,0.0,1,1905,卖盘
435,10:45:55,19.05,0.0,6,11430,卖盘
436,10:45:58,19.05,0.0,13,24765,卖盘
437,10:46:04,19.04,-0.01,10,19040,卖盘
438,10:46:13,19.04,0.0,7,13325,买盘
439,10:46:19,19.03,-0.01,8,15224,卖盘
440,10:46:40,19.03,0.0,7,13321,买盘
441,10:46:43,19.03,0.0,8,15224,卖盘
442,10:47:31,19.04,0.01,9,17136,买盘
443,10:48:01,19.05,0.01,6,11430,买盘
444,10:48:12,19.05,0.0,6,11430,卖盘
445,10:48:25,19.06,0.01,11,20966,买盘
446,10:49:07,19.11,0.05,2,3822,买盘
447,10:49:16,19.11,0.0,5,9555,卖盘
448,10:49:22,19.11,0.0,1,1911,买盘
449,10:49:54,19.11,0.0,4,7644,买盘
450,10:50:13,19.07,-0.04,10,19070,卖盘
451,10:50:40,19.11,0.04,2,3822,买盘
452,10:50:58,19.11,0.0,5,9555,卖盘
453,10:51:12,19.11,0.0,1,1911,卖盘
454,10:51:55,19.08,-0.03,6,11448,卖盘
455,10:51:58,19.08,0.0,10,19080,卖盘
456,10:52:01,19.11,0.03,40,76425,买盘
457,10:52:07,19.07,-0.04,10,19070,卖盘
458,10:52:10,19.07,0.0,9,17163,卖盘
459,10:52:12,19.07,0.0,3,5721,卖盘
460,10:52:16,19.07,0.0,2,3814,卖盘
461,10:53:07,19.05,-0.02,25,47650,卖盘
462,10:53:37,19.07,0.02,20,38140,中性盘
463,10:54:21,19.07,0.0,10,19070,卖盘
464,10:54:40,19.03,-0.04,83,158024,卖盘
465,10:55:01,19.03,0.0,10,19030,买盘
466,10:55:28,19.03,0.0,11,20933,买盘
467,10:55:34,19.01,-0.02,37,70368,卖盘
468,10:55:37,19.01,0.0,113,214813,买盘
469,10:55:39,19.01,0.0,21,39921,买盘
470,10:55:46,19.01,0.0,16,30416,买盘
471,10:55:49,19.01,0.0,11,20911,买盘
472,10:55:52,19.01,0.0,5,9505,买盘
473,10:55:54,19.01,0.0,3,5703,买盘
474,10:56:07,19.03,0.02,2,3806,买盘
475,10:56:13,19.01,-0.02,8,15208,卖盘
476,10:56:18,19.01,0.0,1,1901,买盘
477,10:56:22,19.01,0.0,9,17109,买盘
478,10:56:25,19.01,0.0,2,3802,买盘
479,10:56:55,19.01,0.0,31,58931,卖盘
480,10:56:58,19.01,0.0,13,24713,买盘
481,10:57:07,19.0,-0.01,59,112100,卖盘
482,10:57:10,19.0,0.0,7,13300,卖盘
483,10:57:22,19.01,0.01,93,176793,卖盘
484,10:57:31,19.01,0.0,50,95050,卖盘
485,10:57:37,19.01,0.0,27,51327,卖盘
486,10:57:40,19.01,0.0,9,17109,买盘
487,10:58:16,19.0,-0.01,35,66500,卖盘
488,10:58:34,19.0,0.0,13,24700,卖盘
489,10:58:46,19.0,0.0,7,13300,卖盘
490,10:58:49,19.0,0.0,29,55100,卖盘
491,10:58:58,18.98,-0.02,12,22776,卖盘
492,10:59:13,18.97,-0.01,6,11382,卖盘
493,10:59:54,18.96,-0.01,1,1896,卖盘
494,11:00:01,18.98,0.02,5,9490,买盘
495,11:00:13,18.98,0.0,1,1898,买盘
496,11:00:40,19.0,0.02,70,133000,买盘
497,11:00:43,18.98,-0.02,5,9490,卖盘
498,11:00:51,19.0,0.02,1,1900,买盘
499,11:01:07,19.01,0.01,1,1901,买盘
500,11:01:28,19.01,0.0,2,3802,买盘
501,11:01:34,19.0,-0.01,10,19000,卖盘
502,11:01:40,19.01,0.01,2,3802,买盘
503,11:01:43,19.01,0.0,2,3802,买盘
504,11:01:52,19.01,0.0,2,3802,买盘
505,11:02:01,19.01,0.0,10,19010,卖盘
506,11:02:31,19.01,0.0,10,19010,卖盘
507,11:02:40,19.01,0.0,20,38020,买盘
508,11:02:43,19.01,0.0,10,19010,买盘
509,11:02:58,19.0,-0.01,5,9500,卖盘
510,11:03:01,19.0,0.0,2,3800,卖盘
511,11:03:15,19.0,0.0,10,19000,卖盘
512,11:03:43,19.01,0.01,40,76040,买盘
513,11:03:46,19.01,0.0,34,64634,卖盘
514,11:03:55,19.03,0.02,41,78023,买盘
515,11:04:19,19.03,0.0,3,5709,买盘
516,11:04:25,19.03,0.0,10,19030,买盘
517,11:04:34,19.03,0.0,9,17127,买盘
518,11:04:37,19.03,0.0,31,58993,买盘
519,11:05:01,19.06,0.03,3,5718,买盘
520,11:05:49,19.04,-0.02,29,55254,卖盘
521,11:06:06,19.06,0.02,39,74314,买盘
522,11:06:19,19.06,0.0,15,28590,买盘
523,11:06:28,19.06,0.0,10,19060,买盘
524,11:06:40,19.06,0.0,7,13342,买盘
525,11:07:09,19.06,0.0,6,11436,买盘
526,11:07:12,19.06,0.0,3,5718,买盘
527,11:07:31,19.06,0.0,2,3812,卖盘
528,11:08:01,19.06,0.0,8,15248,买盘
529,11:10:04,19.07,0.01,5,9535,买盘
530,11:10:13,19.11,0.04,17,32473,买盘
531,11:10:34,19.11,0.0,1,1911,卖盘
532,11:10:43,19.12,0.01,1,1912,买盘
533,11:10:52,19.12,0.0,1,1912,买盘
534,11:10:58,19.12,0.0,2,3824,买盘
535,11:11:04,19.12,0.0,1,1912,买盘
536,11:12:19,19.11,-0.01,4,7639,买盘
537,11:12:40,19.11,0.0,7,13377,买盘
538,11:12:46,19.11,0.0,2,3822,卖盘
539,11:13:24,19.12,0.01,5,9560,卖盘
540,11:13:37,19.11,-0.01,1,1911,卖盘
541,11:14:04,19.11,0.0,51,97451,买盘
542,11:16:01,19.11,0.0,1,1911,买盘
543,11:18:18,19.11,0.0,9,17199,买盘
544,11:19:19,19.08,-0.03,1,1908,卖盘
545,11:19:36,19.11,0.03,1,1911,买盘
546,11:19:42,19.08,-0.03,1,1908,卖盘
547,11:19:48,19.08,0.0,1,1908,卖盘
548,11:20:09,19.11,0.03,2,3822,买盘
549,11:21:04,19.11,0.0,40,76440,买盘
550,11:21:07,19.11,0.0,20,38220,买盘
551,11:21:16,19.11,0.0,14,26754,买盘
552,11:21:19,19.11,0.0,2,3822,买盘
553,11:21:25,19.11,0.0,31,59241,买盘
554,11:21:27,19.13,0.02,31,59271,买盘
555,11:21:52,19.16,0.03,12,22986,买盘
556,11:21:57,19.16,0.0,18,34488,卖盘
557,11:22:01,19.18,0.02,5,9590,买盘
558,11:22:31,19.13,-0.05,1,1913,卖盘
559,11:22:51,19.13,0.0,4,7652,卖盘
560,11:23:04,19.11,-0.02,1,1911,卖盘
561,11:23:09,19.11,0.0,1,1911,买盘
562,11:23:39,19.08,-0.03,5,9540,卖盘
563,11:24:12,19.1,0.02,5,9550,卖盘
564,11:25:43,19.09,-0.01,13,24817,卖盘
565,11:25:46,19.09,0.0,3,5727,卖盘
566,11:25:52,19.08,-0.01,12,22896,卖盘
567,11:26:06,19.07,-0.01,11,20977,卖盘
568,11:26:10,19.07,0.0,4,7628,卖盘
569,11:26:13,19.07,0.0,4,7628,卖盘
570,11:26:16,19.08,0.01,4,7629,买盘
571,11:26:19,19.08,0.0,12,22896,卖盘
572,11:26:24,19.06,-0.02,12,22872,卖盘
573,11:26:27,19.06,0.0,3,5718,卖盘
574,11:26:39,19.07,0.01,1,1907,买盘
575,11:26:52,19.06,-0.01,3,5718,卖盘
576,11:27:04,19.07,0.01,30,57210,买盘
577,11:27:13,19.07,0.0,8,15256,买盘
578,11:28:09,19.08,0.01,15,28620,卖盘
579,11:28:22,19.08,0.0,8,15264,买盘
580,11:28:52,19.08,0.0,10,19080,买盘
581,11:29:13,19.08,0.0,7,13356,买盘
582,11:29:37,19.1,0.02,1,1910,买盘
583,11:30:01,19.1,0.0,1,1910,卖盘
584,13:00:06,19.1,0.0,6,11460,买盘
585,13:00:07,19.1,0.0,1,1910,买盘
586,13:00:13,19.1,0.0,3,5730,卖盘
587,13:01:42,19.13,0.03,3,5739,买盘
588,13:02:04,19.14,0.01,8,15312,买盘
589,13:02:33,19.13,-0.01,26,49760,卖盘
590,13:02:48,19.13,0.0,10,19130,买盘
591,13:03:58,19.14,0.01,2,3828,中性盘
592,13:04:07,19.14,0.0,3,5742,卖盘
593,13:04:24,19.14,0.0,4,7656,买盘
594,13:04:28,19.1,-0.04,1,1910,卖盘
595,13:07:55,19.1,0.0,21,40114,卖盘
596,13:08:16,19.1,0.0,22,42020,卖盘
597,13:11:37,19.13,0.03,1,1913,买盘
598,13:12:19,19.11,-0.02,5,9555,卖盘
599,13:12:21,19.11,0.0,9,17199,卖盘
600,13:12:28,19.11,0.0,4,7644,卖盘
601,13:12:34,19.1,-0.01,47,89774,卖盘
602,13:12:36,19.1,0.0,32,61120,卖盘
603,13:12:43,19.09,-0.01,6,11454,卖盘
604,13:12:46,19.09,0.0,18,34362,卖盘
605,13:12:55,19.08,-0.01,2,3816,卖盘
606,13:12:58,19.08,0.0,6,11448,卖盘
607,13:13:01,19.08,0.0,6,11453,卖盘
608,13:13:04,19.07,-0.01,13,24794,卖盘
609,13:13:07,19.07,0.0,2,3814,卖盘
610,13:13:28,19.07,0.0,5,9535,买盘
611,13:13:51,19.07,0.0,3,5721,买盘
612,13:13:54,19.06,-0.01,7,13342,卖盘
613,13:15:06,19.07,0.01,2,3814,买盘
614,13:16:43,19.07,0.0,1,1907,买盘
615,13:16:52,19.07,0.0,1,1907,卖盘
616,13:17:18,19.08,0.01,3,5724,买盘
617,13:17:52,19.08,0.0,6,11448,卖盘
618,13:18:09,19.08,0.0,1,1908,卖盘
619,13:18:15,19.08,0.0,1,1908,卖盘
620,13:18:21,19.08,0.0,1,1908,卖盘
621,13:18:31,19.08,0.0,3,5724,卖盘
622,13:18:45,19.08,0.0,1,1908,卖盘
623,13:19:12,19.08,0.0,1,1908,卖盘
624,13:20:25,19.1,0.02,12,22920,买盘
625,13:21:01,19.11,0.01,7,13377,买盘
626,13:21:28,19.11,0.0,1,1911,卖盘
627,13:21:49,19.13,0.02,10,19130,买盘
628,13:22:12,19.13,0.0,5,9565,买盘
629,13:22:24,19.13,0.0,5,9565,买盘
630,13:22:45,19.13,0.0,1,1913,卖盘
631,13:23:04,19.14,0.01,3,5742,买盘
632,13:23:10,19.13,-0.01,10,19138,卖盘
633,13:23:13,19.13,0.0,7,13391,卖盘
634,13:23:19,19.15,0.02,9,17235,卖盘
635,13:23:43,19.15,0.0,2,3830,买盘
636,13:23:48,19.14,-0.01,6,11484,卖盘
637,13:24:25,19.14,0.0,1,1914,卖盘
638,13:24:31,19.15,0.01,9,17235,买盘
639,13:25:00,19.15,0.0,6,11485,买盘
640,13:25:40,19.15,0.0,2,3830,买盘
641,13:26:31,19.13,-0.02,5,9565,卖盘
642,13:26:45,19.13,0.0,1,1913,卖盘
643,13:26:55,19.14,0.01,3,5742,买盘
644,13:27:06,19.13,-0.01,29,55477,卖盘
645,13:27:09,19.13,0.0,25,47840,卖盘
646,13:27:45,19.12,-0.01,1,1912,买盘
647,13:28:43,19.12,0.0,9,17208,卖盘
648,13:28:55,19.12,0.0,9,17208,买盘
649,13:29:00,19.11,-0.01,5,9555,卖盘
650,13:29:19,19.14,0.03,23,43994,买盘
651,13:29:25,19.12,-0.02,5,9560,卖盘
652,13:29:43,19.12,0.0,1,1912,卖盘
653,13:30:28,19.11,-0.01,10,19116,卖盘
654,13:31:28,19.14,0.03,7,13392,买盘
655,13:31:49,19.12,-0.02,4,7648,卖盘
656,13:32:18,19.12,0.0,4,7648,卖盘
657,13:32:25,19.12,0.0,4,7648,卖盘
658,13:33:06,19.12,0.0,1,1912,买盘
659,13:33:30,19.11,-0.01,12,22932,卖盘
660,13:34:18,19.11,0.0,1,1911,买盘
661,13:34:28,19.11,0.0,1,1911,买盘
662,13:34:49,19.1,-0.01,2,3820,卖盘
663,13:35:07,19.1,0.0,3,5730,卖盘
664,13:35:18,19.1,0.0,2,3820,卖盘
665,13:35:22,19.1,0.0,15,28650,卖盘
666,13:35:31,19.1,0.0,15,28650,卖盘
667,13:35:33,19.1,0.0,8,15280,卖盘
668,13:35:37,19.1,0.0,7,13370,卖盘
669,13:35:43,19.08,-0.02,5,9540,卖盘
670,13:35:46,19.08,0.0,10,18183,卖盘
671,13:35:49,19.08,0.0,7,13356,卖盘
672,13:36:01,19.08,0.0,1,1908,买盘
673,13:36:10,19.06,-0.02,20,38120,卖盘
674,13:36:21,19.08,0.02,3,5724,买盘
675,13:37:16,19.09,0.01,10,19082,买盘
676,13:37:42,19.06,-0.03,1,1906,卖盘
677,13:37:48,19.09,0.03,6,10500,买盘
678,13:40:01,19.09,0.0,3,5727,卖盘
679,13:40:07,19.09,0.0,1,2864,卖盘
680,13:40:49,19.06,-0.03,1,1906,卖盘
681,13:41:04,19.06,0.0,1,1906,卖盘
682,13:41:33,19.06,0.0,6,11436,卖盘
683,13:43:33,19.06,0.0,4,7624,卖盘
684,13:44:48,19.05,-0.01,1,1905,卖盘
685,13:45:34,19.06,0.01,1,1906,卖盘
686,13:45:36,19.05,-0.01,30,57158,卖盘
687,13:46:13,19.05,0.0,3,5715,卖盘
688,13:46:16,19.07,0.02,4,7628,买盘
689,13:46:46,19.07,0.0,1,1907,卖盘
690,13:47:33,19.08,0.01,25,47677,买盘
691,13:48:13,19.06,-0.02,11,20966,卖盘
692,13:48:18,19.06,0.0,4,7681,卖盘
693,13:48:22,19.06,0.0,1,1906,卖盘
694,13:48:27,19.06,0.0,4,7567,卖盘
695,13:50:19,19.05,-0.01,2,3810,卖盘
696,13:50:30,19.05,0.0,2,3810,卖盘
697,13:51:01,19.05,0.0,35,66675,卖盘
698,13:51:12,19.05,0.0,1,1905,卖盘
699,13:51:16,19.05,0.0,5,9468,卖盘
700,13:51:46,19.05,0.0,5,9525,买盘
701,13:51:55,19.04,-0.01,13,24752,卖盘
702,13:52:04,19.04,0.0,5,9520,买盘
703,13:53:04,19.05,0.01,8,15240,买盘
704,13:53:10,19.03,-0.02,106,201727,卖盘
705,13:53:21,19.03,0.0,8,15224,买盘
706,13:53:25,19.03,0.0,72,136909,买盘
707,13:53:37,19.03,0.0,6,11418,卖盘
708,13:53:42,19.03,0.0,1,1903,卖盘
709,13:53:45,19.0,-0.03,80,152062,卖盘
710,13:54:04,18.99,-0.01,18,34182,卖盘
711,13:55:01,19.02,0.03,5,9510,卖盘
712,13:55:04,19.02,0.0,6,11412,买盘
713,13:55:28,19.02,0.0,4,7608,卖盘
714,13:55:45,19.02,0.0,18,34246,卖盘
715,13:56:01,19.03,0.01,1,1903,买盘
716,13:56:28,19.02,-0.01,4,7608,卖盘
717,13:56:39,19.01,-0.01,1,1901,卖盘
718,13:56:46,19.01,0.0,24,45624,卖盘
719,13:57:31,19.0,-0.01,1,1900,卖盘
720,13:57:42,19.01,0.01,1,1901,买盘
721,13:58:13,19.01,0.0,6,11406,卖盘
722,13:58:19,19.01,0.0,5,9505,买盘
723,13:58:25,19.02,0.01,5,9510,买盘
724,13:58:28,19.01,-0.01,3,5703,中性盘
725,13:58:31,19.01,0.0,1,1901,买盘
726,13:58:37,19.0,-0.01,20,38000,卖盘
727,13:58:52,19.01,0.01,6,11406,买盘
728,13:58:58,19.0,-0.01,7,13300,卖盘
729,13:59:55,19.0,0.0,1,1900,卖盘
730,14:00:15,19.0,0.0,31,58900,卖盘
731,14:00:28,19.0,0.0,3,5700,买盘
732,14:00:30,19.0,0.0,1,1900,买盘
733,14:01:04,19.02,0.02,26,49452,买盘
734,14:01:36,19.02,0.0,11,20922,买盘
735,14:02:15,19.02,0.0,13,24726,卖盘
736,14:02:21,19.03,0.01,16,30434,买盘
737,14:02:28,19.03,0.0,1,1903,卖盘
738,14:02:51,19.05,0.02,4,7620,买盘
739,14:03:52,19.03,-0.02,20,38064,卖盘
740,14:04:04,19.06,0.03,10,19060,买盘
741,14:04:12,19.06,0.0,10,19060,买盘
742,14:04:16,19.03,-0.03,4,7612,卖盘
743,14:04:31,19.03,0.0,1,1903,卖盘
744,14:04:43,19.03,0.0,20,38060,卖盘
745,14:05:49,19.04,0.01,35,66654,卖盘
746,14:06:07,19.03,-0.01,39,74217,卖盘
747,14:06:12,19.03,0.0,3,5709,卖盘
748,14:06:19,19.04,0.01,5,9520,买盘
749,14:06:22,19.04,0.0,106,201779,卖盘
750,14:06:25,19.04,0.0,50,95200,卖盘
751,14:06:40,19.09,0.05,49,93514,买盘
752,14:06:43,19.04,-0.05,2,3808,卖盘
753,14:07:04,19.04,0.0,50,95200,卖盘
754,14:07:12,19.1,0.06,50,95468,买盘
755,14:07:16,19.04,-0.06,5,9520,卖盘
756,14:07:34,19.05,0.01,50,95250,卖盘
757,14:07:46,19.14,0.09,50,95617,买盘
758,14:08:01,19.05,-0.09,1,1905,卖盘
759,14:08:22,19.05,0.0,6,11430,卖盘
760,14:08:58,19.05,0.0,80,152400,卖盘
761,14:09:34,19.06,0.01,40,76245,卖盘
762,14:09:40,19.06,0.0,4,7624,卖盘
763,14:10:07,19.06,0.0,1,1906,卖盘
764,14:10:16,19.05,-0.01,100,190582,卖盘
765,14:10:28,19.05,0.0,1,1905,中性盘
766,14:10:40,19.08,0.03,2,3816,买盘
767,14:10:46,19.05,-0.03,40,76200,卖盘
768,14:11:00,19.05,0.0,68,129540,卖盘
769,14:11:10,19.05,0.0,2,3810,买盘
770,14:12:10,19.1,0.05,45,85914,买盘
771,14:12:25,19.05,-0.05,1,1905,卖盘
772,14:12:37,19.05,0.0,9,17151,卖盘
773,14:12:46,19.08,0.03,5,9540,买盘
774,14:13:19,19.06,-0.02,5,9530,卖盘
775,14:13:22,19.08,0.02,13,24790,买盘
776,14:13:55,19.12,0.04,17,32490,买盘
777,14:14:01,19.12,0.0,1,1912,卖盘
778,14:14:07,19.13,0.01,19,36347,买盘
779,14:14:10,19.13,0.0,1,1913,买盘
780,14:14:16,19.13,0.0,6,11478,卖盘
781,14:14:25,19.14,0.01,40,76560,买盘
782,14:14:30,19.13,-0.01,54,103313,卖盘
783,14:14:43,19.13,0.0,5,9565,买盘
784,14:14:49,19.13,0.0,4,7652,卖盘
785,14:15:04,19.13,0.0,12,22956,卖盘
786,14:15:34,19.13,0.0,4,7652,买盘
787,14:15:37,19.12,-0.01,3,5737,卖盘
788,14:16:01,19.12,0.0,4,7648,买盘
789,14:16:09,19.12,0.0,1,1912,卖盘
790,14:16:34,19.12,0.0,2,3824,卖盘
791,14:18:25,19.08,-0.04,1,1908,卖盘
792,14:18:37,19.07,-0.01,1,1907,卖盘
793,14:18:52,19.07,0.0,5,9535,卖盘
794,14:19:22,19.06,-0.01,8,15252,卖盘
795,14:19:28,19.06,0.0,5,9530,卖盘
796,14:19:34,19.06,0.0,9,17156,卖盘
797,14:19:55,19.06,0.0,2,3812,买盘
798,14:20:25,19.06,0.0,1,1906,卖盘
799,14:20:27,19.08,0.02,30,57240,买盘
800,14:20:37,19.06,-0.02,10,19060,卖盘
801,14:21:46,19.06,0.0,1,1906,卖盘
802,14:21:49,19.06,0.0,25,47650,卖盘
803,14:22:00,19.05,-0.01,9,17146,卖盘
804,14:22:49,19.05,0.0,6,11430,卖盘
805,14:22:58,19.05,0.0,7,13335,卖盘
806,14:23:04,19.05,0.0,10,19050,卖盘
807,14:23:22,19.05,0.0,1,1905,卖盘
808,14:24:52,19.05,0.0,2,3810,卖盘
809,14:25:55,19.05,0.0,1,1905,卖盘
810,14:26:01,19.04,-0.01,20,38080,卖盘
811,14:27:04,19.04,0.0,1,1904,卖盘
812,14:27:10,19.04,0.0,17,32368,卖盘
813,14:27:19,19.05,0.01,5,9525,买盘
814,14:27:22,19.05,0.0,4,7620,买盘
815,14:28:04,19.06,0.01,2,3812,买盘
816,14:29:24,19.07,0.01,9,17163,买盘
817,14:29:52,19.07,0.0,1,1907,卖盘
818,14:30:24,19.07,0.0,5,9535,卖盘
819,14:30:55,19.06,-0.01,2,3812,卖盘
820,14:31:22,19.05,-0.01,1,1905,卖盘
821,14:32:13,19.05,0.0,5,9525,卖盘
822,14:32:46,19.05,0.0,15,28575,卖盘
823,14:34:10,19.05,0.0,1,1905,卖盘
824,14:34:19,19.05,0.0,17,32385,卖盘
825,14:34:22,19.05,0.0,2,3810,买盘
826,14:34:40,19.04,-0.01,50,95200,卖盘
827,14:34:49,19.04,0.0,10,19040,卖盘
828,14:34:54,19.05,0.01,10,19050,买盘
829,14:35:07,19.04,-0.01,49,93296,卖盘
830,14:35:19,19.05,0.01,5,9525,买盘
831,14:35:49,19.04,-0.01,14,26656,卖盘
832,14:35:57,19.04,0.0,1,1904,卖盘
833,14:36:10,19.04,0.0,27,51408,卖盘
834,14:36:19,19.04,0.0,152,289408,卖盘
835,14:36:33,19.0,-0.04,316,600456,卖盘
836,14:36:37,18.99,-0.01,17,32283,卖盘
837,14:36:49,18.99,0.0,17,32283,卖盘
838,14:36:52,18.99,0.0,13,24687,卖盘
839,14:36:58,18.99,0.0,1,1899,买盘
840,14:37:04,18.98,-0.01,13,24674,卖盘
841,14:37:10,18.99,0.01,33,62639,中性盘
842,14:37:16,18.99,0.0,15,28485,卖盘
843,14:37:31,18.98,-0.01,20,37967,卖盘
844,14:37:43,18.96,-0.02,308,584520,卖盘
845,14:37:49,19.03,0.07,4,7612,买盘
846,14:37:58,18.96,-0.07,48,91028,卖盘
847,14:38:19,19.02,0.06,5,9510,买盘
848,14:38:25,18.98,-0.04,25,47450,卖盘
849,14:38:37,18.98,0.0,21,39859,卖盘
850,14:38:43,19.03,0.05,37,70380,买盘
851,14:38:55,19.03,0.0,3,5709,买盘
852,14:39:07,19.03,0.0,7,13321,卖盘
853,14:39:28,19.04,0.01,12,22848,买盘
854,14:39:58,19.04,0.0,16,30464,买盘
855,14:40:55,19.05,0.01,42,80016,卖盘
856,14:41:22,19.05,0.0,89,169540,买盘
857,14:41:49,19.07,0.02,3,4768,买盘
858,14:42:10,19.1,0.03,3,5729,买盘
859,14:42:34,19.1,0.0,31,59204,买盘
860,14:42:43,19.07,-0.03,20,39094,卖盘
861,14:42:55,19.1,0.03,40,76344,买盘
862,14:43:52,19.1,0.0,110,210012,买盘
863,14:43:58,19.08,-0.02,1,1908,卖盘
864,14:44:31,19.08,0.0,5,9540,卖盘
865,14:44:34,19.12,0.04,83,158666,买盘
866,14:44:37,19.12,0.0,4,7648,卖盘
867,14:44:46,19.12,0.0,5,9560,卖盘
868,14:44:49,19.12,0.0,4,7648,卖盘
869,14:45:16,19.05,-0.07,23,43830,卖盘
870,14:45:30,19.04,-0.01,12,22856,卖盘
871,14:45:34,19.06,0.02,28,53296,买盘
872,14:45:40,19.09,0.03,9,17175,买盘
873,14:46:04,19.1,0.01,5,9550,卖盘
874,14:46:10,19.1,0.0,6,11460,卖盘
875,14:46:31,19.1,0.0,12,22920,卖盘
876,14:46:49,19.1,0.0,5,9548,买盘
877,14:47:04,19.07,-0.03,1,1907,买盘
878,14:47:37,19.07,0.0,15,28605,卖盘
879,14:48:04,19.07,0.0,22,41954,卖盘
880,14:48:31,19.08,0.01,2,3816,卖盘
881,14:49:04,19.08,0.0,10,19080,卖盘
882,14:49:16,19.09,0.01,5,9545,买盘
883,14:49:22,19.08,-0.01,5,9540,卖盘
884,14:49:46,19.1,0.02,102,194813,买盘
885,14:49:49,19.1,0.0,20,38200,卖盘
886,14:49:52,19.1,0.0,26,49660,卖盘
887,14:50:01,19.11,0.01,18,34398,买盘
888,14:50:04,19.1,-0.01,4,7640,卖盘
889,14:50:10,19.02,-0.08,16,30466,卖盘
890,14:50:31,19.1,0.08,15,28650,买盘
891,14:50:58,19.06,-0.04,3,5718,卖盘
892,14:51:31,19.07,0.01,6,11442,卖盘
893,14:52:19,19.06,-0.01,3,5718,买盘
894,14:52:22,19.05,-0.01,43,81917,卖盘
895,14:52:34,19.03,-0.02,2,3806,卖盘
896,14:52:37,19.05,0.02,20,38100,买盘
897,14:52:40,19.05,0.0,17,32385,买盘
898,14:53:07,19.05,0.0,3,5717,卖盘
899,14:53:22,19.05,0.0,13,24765,卖盘
900,14:53:37,19.05,0.0,5,9525,买盘
901,14:53:55,19.04,-0.01,1,1904,卖盘
902,14:53:58,19.05,0.01,10,19050,买盘
903,14:54:13,19.08,0.03,57,108726,买盘
904,14:54:19,19.08,0.0,11,20988,卖盘
905,14:54:31,19.08,0.0,19,36252,卖盘
906,14:54:37,19.09,0.01,20,38180,买盘
907,14:54:55,19.08,-0.01,7,13356,买盘
908,14:55:01,19.05,-0.03,1,1905,卖盘
909,14:55:04,19.08,0.03,26,49608,买盘
910,14:55:10,19.05,-0.03,40,76209,卖盘
911,14:55:28,19.06,0.01,1,1906,卖盘
912,14:55:31,19.08,0.02,4,7632,买盘
913,14:55:34,19.06,-0.02,3,5718,卖盘
914,14:55:46,19.06,0.0,2,3812,卖盘
915,14:55:52,19.06,0.0,3,5718,卖盘
916,14:55:58,19.06,0.0,29,55274,卖盘
917,14:56:04,19.06,0.0,2,3812,买盘
918,14:56:10,19.05,-0.01,20,38100,卖盘
919,14:56:13,19.06,0.01,3,5718,买盘
920,14:56:16,19.06,0.0,7,13342,买盘
921,14:56:28,19.05,-0.01,35,66680,卖盘
922,14:56:34,19.06,0.01,12,22870,买盘
923,14:56:55,19.06,0.0,5,9530,买盘
924,14:56:58,19.06,0.0,5,9530,买盘
925,14:57:04,19.05,-0.01,3,5715,卖盘
926,15:00:04,19.04,-0.01,278,528360,卖盘
