,time,price,change,volume,amount,type
0,09:25:04,3.09,0.0,83,25647,买盘
1,09:30:04,3.08,-0.01,19,5852,卖盘
2,09:30:07,3.09,0.01,251,77559,买盘
3,09:30:10,3.09,0.0,61,18847,买盘
4,09:30:12,3.09,0.0,79,24405,买盘
5,09:30:15,3.09,0.0,49,15141,买盘
6,09:30:19,3.08,-0.01,137,42303,卖盘
7,09:30:22,3.09,0.01,27,8343,买盘
8,09:30:25,3.09,0.0,4,1236,买盘
9,09:30:27,3.09,0.0,23,7107,买盘
10,09:30:34,3.09,0.0,35,10815,卖盘
11,09:30:37,3.08,-0.01,690,212723,卖盘
12,09:30:40,3.08,0.0,16,4928,买盘
13,09:30:43,3.08,0.0,36,11088,买盘
14,09:30:46,3.08,0.0,6,1848,卖盘
15,09:31:01,3.08,0.0,27,8316,卖盘
16,09:31:04,3.09,0.01,5,1545,买盘
17,09:31:09,3.08,-0.01,11,3392,卖盘
18,09:31:16,3.09,0.01,110,33990,买盘
19,09:31:37,3.09,0.0,70,21630,买盘
20,09:31:48,3.09,0.0,8,2472,卖盘
21,09:31:58,3.1,0.01,46,14260,买盘
22,09:32:04,3.1,0.0,4,1240,卖盘
23,09:32:13,3.09,-0.01,3,927,卖盘
24,09:32:19,3.09,0.0,82,25338,卖盘
25,09:32:40,3.09,0.0,2,618,卖盘
26,09:32:46,3.09,0.0,6,1854,卖盘
27,09:32:51,3.1,0.01,5,1550,买盘
28,09:32:58,3.1,0.0,6,1860,买盘
29,09:33:00,3.1,0.0,8,2480,买盘
30,09:33:04,3.09,-0.01,91,28119,卖盘
31,09:33:06,3.1,0.01,7,2170,买盘
32,09:33:10,3.1,0.0,83,25728,买盘
33,09:33:13,3.1,0.0,8,2474,买盘
34,09:33:37,3.1,0.0,4,1240,卖盘
35,09:33:45,3.1,0.0,41,12710,买盘
36,09:33:49,3.1,0.0,1,310,买盘
37,09:33:55,3.1,0.0,41,12710,买盘
38,09:34:00,3.1,0.0,2,620,卖盘
39,09:34:04,3.1,0.0,6,1860,卖盘
40,09:34:06,3.1,0.0,13,4030,买盘
41,09:34:13,3.1,0.0,1,310,买盘
42,09:34:16,3.1,0.0,1,310,买盘
43,09:34:19,3.1,0.0,2,620,买盘
44,09:34:24,3.1,0.0,2,620,买盘
45,09:34:28,3.1,0.0,1,310,买盘
46,09:34:37,3.1,0.0,11,3410,买盘
47,09:34:40,3.1,0.0,8,2480,卖盘
48,09:34:42,3.1,0.0,17,5270,卖盘
49,09:34:46,3.1,0.0,3,930,卖盘
50,09:34:49,3.1,0.0,27,8370,卖盘
51,09:34:58,3.1,0.0,1,310,买盘
52,09:35:00,3.09,-0.01,31,9579,卖盘
53,09:35:04,3.1,0.01,1,310,买盘
54,09:35:07,3.09,-0.01,16,4944,卖盘
55,09:35:31,3.09,0.0,1,309,卖盘
56,09:35:49,3.1,0.01,11,3410,买盘
57,09:35:52,3.11,0.01,2,621,买盘
58,09:35:54,3.1,-0.01,6,1860,卖盘
59,09:36:09,3.09,-0.01,11,3401,卖盘
60,09:36:12,3.1,0.01,2,620,买盘
61,09:36:19,3.09,-0.01,75,23234,卖盘
62,09:36:31,3.1,0.01,1,310,买盘
63,09:36:34,3.09,-0.01,16,4944,卖盘
64,09:36:39,3.09,0.0,29,8963,卖盘
65,09:36:42,3.09,0.0,2,618,卖盘
66,09:36:49,3.11,0.02,3,933,买盘
67,09:37:31,3.1,-0.01,30,9300,卖盘
68,09:37:34,3.1,0.0,6,1860,买盘
69,09:37:40,3.1,0.0,6,1860,买盘
70,09:37:42,3.1,0.0,77,23870,买盘
71,09:37:46,3.1,0.0,2,620,买盘
72,09:37:49,3.1,0.0,2,620,买盘
73,09:37:52,3.1,0.0,1,310,买盘
74,09:37:55,3.09,-0.01,3,927,卖盘
75,09:37:57,3.09,0.0,6,1854,卖盘
76,09:38:01,3.09,0.0,12,3718,卖盘
77,09:38:07,3.11,0.02,16,4976,买盘
78,09:38:16,3.1,-0.01,30,9300,卖盘
79,09:38:22,3.1,0.0,5,1550,卖盘
80,09:38:27,3.1,0.0,4,1240,卖盘
81,09:38:31,3.1,0.0,50,15500,卖盘
82,09:38:37,3.1,0.0,5,1550,买盘
83,09:38:45,3.09,-0.01,32,9888,卖盘
84,09:38:55,3.09,0.0,3,927,卖盘
85,09:39:04,3.09,0.0,109,33681,卖盘
86,09:39:10,3.1,0.01,60,18600,买盘
87,09:39:13,3.09,-0.01,2,618,卖盘
88,09:39:18,3.09,0.0,9,2781,卖盘
89,09:39:34,3.09,0.0,16,4944,卖盘
90,09:39:42,3.09,0.0,44,13637,卖盘
91,09:39:45,3.09,0.0,8,2475,卖盘
92,09:39:48,3.1,0.01,30,9300,买盘
93,09:39:57,3.09,-0.01,80,24721,卖盘
94,09:40:16,3.09,0.0,2,618,卖盘
95,09:40:22,3.09,0.0,9,2781,卖盘
96,09:40:37,3.1,0.01,3,930,买盘
97,09:40:43,3.1,0.0,5,1550,买盘
98,09:40:46,3.1,0.0,7,2170,卖盘
99,09:40:54,3.1,0.0,2,620,卖盘
100,09:41:07,3.11,0.01,12,3732,买盘
101,09:41:10,3.11,0.0,1,311,买盘
102,09:41:13,3.1,-0.01,29,8990,卖盘
103,09:41:16,3.1,0.0,6,1860,卖盘
104,09:41:19,3.1,0.0,5,1550,卖盘
105,09:41:21,3.1,0.0,9,2790,卖盘
106,09:41:27,3.1,0.0,6,1860,卖盘
107,09:41:33,3.11,0.01,6,1866,买盘
108,09:41:37,3.11,0.0,128,39765,买盘
109,09:41:46,3.09,-0.02,5,1545,卖盘
110,09:41:49,3.09,0.0,4,1237,卖盘
111,09:41:52,3.09,0.0,19,5888,卖盘
112,09:42:06,3.1,0.01,60,18600,买盘
113,09:42:10,3.1,0.0,10,3100,买盘
114,09:42:15,3.1,0.0,58,17974,买盘
115,09:42:22,3.1,0.0,2,620,卖盘
116,09:42:24,3.1,0.0,1,310,卖盘
117,09:42:34,3.1,0.0,1,310,卖盘
118,09:42:40,3.1,0.0,16,4960,卖盘
119,09:42:46,3.1,0.0,1,310,卖盘
120,09:42:49,3.1,0.0,3,930,卖盘
121,09:42:52,3.1,0.0,8,2480,卖盘
122,09:43:04,3.1,0.0,58,17980,卖盘
123,09:43:13,3.1,0.0,4,1240,卖盘
124,09:43:15,3.1,0.0,11,3415,卖盘
125,09:43:18,3.1,0.0,5,1550,卖盘
126,09:43:25,3.11,0.01,3,933,买盘
127,09:43:39,3.11,0.0,155,48205,买盘
128,09:43:42,3.1,-0.01,102,31720,卖盘
129,09:43:49,3.1,0.0,2,620,卖盘
130,09:43:54,3.12,0.02,5,1560,买盘
131,09:44:19,3.1,-0.02,2,620,卖盘
132,09:44:22,3.1,0.0,24,7472,卖盘
133,09:44:52,3.12,0.02,11,3432,买盘
134,09:44:58,3.12,0.0,1,312,买盘
135,09:45:09,3.12,0.0,59,18408,买盘
136,09:45:19,3.11,-0.01,6,1866,卖盘
137,09:45:22,3.11,0.0,5,1555,卖盘
138,09:45:31,3.12,0.01,3,936,买盘
139,09:45:33,3.12,0.0,37,11544,买盘
140,09:45:40,3.11,-0.01,21,6536,卖盘
141,09:45:52,3.11,0.0,4,1244,卖盘
142,09:45:55,3.11,0.0,5,1555,卖盘
143,09:46:06,3.12,0.01,5,1560,买盘
144,09:46:16,3.11,-0.01,6,1866,卖盘
145,09:46:19,3.11,0.0,5,1555,卖盘
146,09:46:40,3.12,0.01,60,18720,买盘
147,09:46:45,3.11,-0.01,6,1866,卖盘
148,09:46:48,3.11,0.0,6,1866,卖盘
149,09:47:04,3.12,0.01,11,3432,买盘
150,09:47:13,3.11,-0.01,15,4665,卖盘
151,09:47:19,3.11,0.0,5,1555,卖盘
152,09:47:25,3.11,0.0,5,1555,卖盘
153,09:47:46,3.11,0.0,20,6220,卖盘
154,09:47:52,3.11,0.0,4,1244,卖盘
155,09:47:54,3.11,0.0,333,103563,卖盘
156,09:48:10,3.11,0.0,59,18349,买盘
157,09:48:16,3.1,-0.01,6,1860,卖盘
158,09:48:19,3.1,0.0,3,930,卖盘
159,09:48:22,3.1,0.0,2,620,卖盘
160,09:48:37,3.11,0.01,1,311,买盘
161,09:48:40,3.1,-0.01,16,4960,卖盘
162,09:48:45,3.1,0.0,241,74710,卖盘
163,09:48:52,3.09,-0.01,5,1545,卖盘
164,09:48:55,3.1,0.01,10,3100,买盘
165,09:49:04,3.1,0.0,40,12400,买盘
166,09:49:07,3.1,0.0,13,4030,买盘
167,09:49:19,3.09,-0.01,2,618,卖盘
168,09:49:21,3.1,0.01,19,5884,买盘
169,09:49:39,3.11,0.01,120,37260,买盘
170,09:49:49,3.1,-0.01,6,1860,卖盘
171,09:49:52,3.1,0.0,4,1240,卖盘
172,09:49:57,3.1,0.0,1,310,卖盘
173,09:50:09,3.1,0.0,15,4650,卖盘
174,09:50:13,3.1,0.0,1,310,买盘
175,09:50:25,3.1,0.0,12,3720,买盘
176,09:50:37,3.1,0.0,3,930,买盘
177,09:50:42,3.1,0.0,1,310,卖盘
178,09:50:45,3.1,0.0,8,2485,卖盘
179,09:50:49,3.1,0.0,7,2170,卖盘
180,09:50:52,3.1,0.0,14,4340,卖盘
181,09:50:55,3.11,0.01,4,1243,买盘
182,09:50:58,3.1,-0.01,47,14570,卖盘
183,09:51:01,3.1,0.0,1,310,卖盘
184,09:51:04,3.1,0.0,3,930,卖盘
185,09:51:06,3.1,0.0,1,310,卖盘
186,09:51:10,3.1,0.0,1,310,卖盘
187,09:51:13,3.1,0.0,60,18659,卖盘
188,09:51:16,3.1,0.0,6,1860,卖盘
189,09:51:18,3.1,0.0,6,1860,卖盘
190,09:51:21,3.1,0.0,1,310,卖盘
191,09:51:40,3.09,-0.01,16,4944,卖盘
192,09:51:49,3.09,0.0,6,1854,卖盘
193,09:51:51,3.09,0.0,5,1545,卖盘
194,09:52:25,3.09,0.0,5,1545,卖盘
195,09:52:40,3.1,0.01,59,18290,买盘
196,09:52:45,3.09,-0.01,10,3091,卖盘
197,09:52:48,3.1,0.01,5,1550,买盘
198,09:52:52,3.09,-0.01,2,618,卖盘
199,09:52:54,3.1,0.01,10,3100,买盘
200,09:53:07,3.1,0.0,20,6184,买盘
201,09:53:10,3.09,-0.01,3,927,卖盘
202,09:53:13,3.09,0.0,5,1545,卖盘
203,09:53:15,3.09,0.0,3,928,卖盘
204,09:53:19,3.1,0.01,2,620,买盘
205,09:53:31,3.1,0.0,1,310,买盘
206,09:53:33,3.1,0.0,4,1240,买盘
207,09:53:36,3.09,-0.01,2,618,卖盘
208,09:53:39,3.09,0.0,10,3091,卖盘
209,09:53:46,3.1,0.01,1,310,买盘
210,09:53:49,3.1,0.0,1,310,买盘
211,09:53:55,3.1,0.0,1,310,买盘
212,09:54:10,3.1,0.0,63,19527,买盘
213,09:54:13,3.09,-0.01,7,2163,卖盘
214,09:54:18,3.1,0.01,13,4030,买盘
215,09:54:37,3.09,-0.01,16,4944,卖盘
216,09:54:43,3.09,0.0,5,1545,卖盘
217,09:54:46,3.09,0.0,6,1854,卖盘
218,09:54:48,3.1,0.01,3,930,买盘
219,09:55:04,3.1,0.0,14,4340,买盘
220,09:55:15,3.09,-0.01,5,1545,卖盘
221,09:55:18,3.11,0.02,39,12111,买盘
222,09:55:21,3.09,-0.02,5,1547,卖盘
223,09:55:33,3.1,0.01,2,620,买盘
224,09:55:43,3.11,0.01,59,18348,买盘
225,09:55:46,3.1,-0.01,3,930,买盘
226,09:55:49,3.1,0.0,5,1550,卖盘
227,09:55:51,3.1,0.0,1,310,卖盘
228,09:55:54,3.09,-0.01,6,1854,卖盘
229,09:55:57,3.1,0.01,1,310,买盘
230,09:56:04,3.1,0.0,9,2790,卖盘
231,09:56:16,3.09,-0.01,2,618,卖盘
232,09:56:22,3.1,0.01,20,6192,买盘
233,09:56:28,3.11,0.01,16,4976,买盘
234,09:56:33,3.11,0.0,22,6842,买盘
235,09:56:37,3.11,0.0,11,3421,买盘
236,09:56:45,3.1,-0.01,8,2480,卖盘
237,09:56:49,3.11,0.01,3,933,买盘
238,09:57:00,3.1,-0.01,18,5580,买盘
239,09:57:09,3.1,0.0,12,3725,卖盘
240,09:57:13,3.11,0.01,60,18660,买盘
241,09:57:19,3.11,0.0,10,3110,买盘
242,09:57:22,3.1,-0.01,3,930,卖盘
243,09:57:36,3.1,0.0,16,4960,卖盘
244,09:57:40,3.1,0.0,6,1860,卖盘
245,09:57:46,3.1,0.0,3,930,卖盘
246,09:57:52,3.1,0.0,3,930,卖盘
247,09:57:54,3.11,0.01,1,311,买盘
248,09:58:10,3.1,-0.01,5,1550,卖盘
249,09:58:16,3.11,0.01,4,1244,买盘
250,09:58:19,3.11,0.0,3,933,买盘
251,09:58:22,3.11,0.0,7,2173,买盘
252,09:58:25,3.11,0.0,3,933,买盘
253,09:58:39,3.1,-0.01,96,29854,卖盘
254,09:58:43,3.1,0.0,6,1860,卖盘
255,09:58:46,3.1,0.0,3,930,卖盘
256,09:59:10,3.1,0.0,19,5890,卖盘
257,09:59:12,3.1,0.0,5,1550,卖盘
258,09:59:19,3.1,0.0,2,620,卖盘
259,09:59:45,3.1,0.0,4,1240,卖盘
260,10:00:01,3.1,0.0,3,930,卖盘
261,10:00:04,3.1,0.0,8,2480,卖盘
262,10:00:09,3.11,0.01,53,16483,买盘
263,10:00:16,3.11,0.0,2,622,卖盘
264,10:00:22,3.11,0.0,2,622,卖盘
265,10:00:25,3.11,0.0,174,54114,卖盘
266,10:00:28,3.11,0.0,19,5909,卖盘
267,10:00:37,3.1,-0.01,16,4960,卖盘
268,10:00:40,3.1,0.0,3,930,卖盘
269,10:00:43,3.1,0.0,3,930,卖盘
270,10:00:49,3.1,0.0,3,930,卖盘
271,10:00:55,3.1,0.0,8,2480,卖盘
272,10:00:57,3.1,0.0,2,620,卖盘
273,10:01:01,3.1,0.0,3,930,卖盘
274,10:01:04,3.1,0.0,3,930,卖盘
275,10:01:07,3.1,0.0,3,930,卖盘
276,10:01:10,3.1,0.0,3,930,卖盘
277,10:01:13,3.1,0.0,3,930,卖盘
278,10:01:16,3.1,0.0,3,930,卖盘
279,10:01:18,3.1,0.0,5,1550,卖盘
280,10:01:22,3.11,0.01,16,4964,买盘
281,10:01:25,3.1,-0.01,3,930,卖盘
282,10:01:28,3.1,0.0,3,930,卖盘
283,10:01:31,3.1,0.0,3,930,卖盘
284,10:01:39,3.1,0.0,2,620,卖盘
285,10:01:46,3.1,0.0,2,620,卖盘
286,10:01:52,3.1,0.0,12,3720,卖盘
287,10:01:55,3.11,0.01,18,5598,买盘
288,10:01:58,3.1,-0.01,2,620,卖盘
289,10:02:01,3.1,0.0,2,620,卖盘
290,10:02:04,3.1,0.0,2,620,卖盘
291,10:02:06,3.1,0.0,2,620,卖盘
292,10:02:10,3.1,0.0,18,5580,卖盘
293,10:02:13,3.1,0.0,2,620,卖盘
294,10:02:15,3.1,0.0,2,620,卖盘
295,10:02:18,3.1,0.0,2,620,卖盘
296,10:02:22,3.1,0.0,2,620,卖盘
297,10:02:25,3.1,0.0,17,5285,卖盘
298,10:02:27,3.1,0.0,2,620,卖盘
299,10:02:34,3.1,0.0,2,620,卖盘
300,10:02:39,3.1,0.0,2,620,卖盘
301,10:02:46,3.1,0.0,2,620,卖盘
302,10:02:49,3.1,0.0,2,620,卖盘
303,10:02:51,3.1,0.0,2,620,卖盘
304,10:02:54,3.1,0.0,2,620,卖盘
305,10:02:57,3.1,0.0,2,620,卖盘
306,10:03:01,3.1,0.0,2,620,卖盘
307,10:03:04,3.1,0.0,2,620,卖盘
308,10:03:07,3.1,0.0,1,310,卖盘
309,10:03:10,3.1,0.0,8,2480,卖盘
310,10:03:12,3.1,0.0,1,310,卖盘
311,10:03:16,3.1,0.0,1,310,卖盘
312,10:03:19,3.1,0.0,1,310,卖盘
313,10:03:21,3.1,0.0,1,310,卖盘
314,10:03:24,3.1,0.0,1,310,卖盘
315,10:03:27,3.1,0.0,1,310,卖盘
316,10:03:31,3.1,0.0,1,310,卖盘
317,10:03:34,3.1,0.0,10,3100,卖盘
318,10:03:37,3.1,0.0,17,5270,卖盘
319,10:03:40,3.1,0.0,44,13640,卖盘
320,10:03:43,3.1,0.0,1,310,卖盘
321,10:03:45,3.1,0.0,21,6510,卖盘
322,10:03:49,3.1,0.0,1,310,卖盘
323,10:03:52,3.1,0.0,1,310,卖盘
324,10:03:55,3.1,0.0,1,310,卖盘
325,10:03:58,3.1,0.0,12,3731,卖盘
326,10:04:00,3.1,0.0,1,310,卖盘
327,10:04:04,3.1,0.0,1,310,卖盘
328,10:04:06,3.1,0.0,1,310,卖盘
329,10:04:09,3.1,0.0,7,2170,卖盘
330,10:04:13,3.1,0.0,1,310,卖盘
331,10:04:16,3.1,0.0,1,310,卖盘
332,10:04:19,3.1,0.0,1,310,卖盘
333,10:04:21,3.1,0.0,1,310,卖盘
334,10:04:25,3.1,0.0,1,310,卖盘
335,10:04:28,3.1,0.0,1,310,卖盘
336,10:04:31,3.1,0.0,1,310,卖盘
337,10:04:34,3.1,0.0,1,310,卖盘
338,10:04:37,3.1,0.0,1,310,卖盘
339,10:04:39,3.1,0.0,1,310,卖盘
340,10:04:42,3.1,0.0,1,310,卖盘
341,10:04:46,3.1,0.0,1,310,卖盘
342,10:04:48,3.1,0.0,1,310,卖盘
343,10:04:52,3.1,0.0,1,310,卖盘
344,10:04:55,3.1,0.0,11,3410,卖盘
345,10:04:58,3.1,0.0,1,310,卖盘
346,10:05:01,3.1,0.0,1,310,卖盘
347,10:05:04,3.1,0.0,1,310,卖盘
348,10:05:06,3.1,0.0,16,4960,卖盘
349,10:05:09,3.1,0.0,7,2170,卖盘
350,10:05:42,3.1,0.0,1,310,卖盘
351,10:05:46,3.1,0.0,1,310,卖盘
352,10:05:49,3.1,0.0,3,930,卖盘
353,10:05:51,3.1,0.0,3,930,卖盘
354,10:05:54,3.1,0.0,15,4651,卖盘
355,10:05:58,3.1,0.0,9,2790,卖盘
356,10:06:04,3.1,0.0,12,3720,买盘
357,10:06:07,3.1,0.0,3,930,买盘
358,10:06:10,3.09,-0.01,2,618,卖盘
359,10:06:18,3.1,0.01,1,310,买盘
360,10:06:30,3.09,-0.01,14,4326,卖盘
361,10:06:36,3.1,0.01,1,310,买盘
362,10:06:46,3.1,0.0,1,310,买盘
363,10:06:49,3.1,0.0,1,310,买盘
364,10:06:54,3.1,0.0,1,310,买盘
365,10:07:13,3.1,0.0,1,310,买盘
366,10:07:22,3.09,-0.01,2,618,卖盘
367,10:07:28,3.1,0.01,20,6200,买盘
368,10:07:34,3.1,0.0,4,1240,买盘
369,10:08:04,3.1,0.0,81,25110,买盘
370,10:08:10,3.1,0.0,7,2170,卖盘
371,10:09:25,3.1,0.0,3,930,卖盘
372,10:09:37,3.1,0.0,3,930,卖盘
373,10:10:00,3.1,0.0,3,930,卖盘
374,10:10:31,3.1,0.0,2,620,卖盘
375,10:10:58,3.1,0.0,43,13330,卖盘
376,10:11:00,3.1,0.0,3,930,卖盘
377,10:11:09,3.1,0.0,5,1550,卖盘
378,10:11:22,3.1,0.0,16,4960,卖盘
379,10:11:31,3.1,0.0,301,93310,卖盘
380,10:11:34,3.1,0.0,21,6510,卖盘
381,10:11:37,3.1,0.0,1,310,卖盘
382,10:11:39,3.1,0.0,1,310,卖盘
383,10:11:42,3.1,0.0,29,8990,卖盘
384,10:11:49,3.1,0.0,1,310,买盘
385,10:11:58,3.1,0.0,21,6510,买盘
386,10:12:00,3.1,0.0,20,6200,买盘
387,10:12:04,3.09,-0.01,3,927,卖盘
388,10:12:16,3.1,0.01,9,2790,买盘
389,10:12:19,3.1,0.0,1,310,买盘
390,10:12:34,3.09,-0.01,2,618,卖盘
391,10:12:40,3.1,0.01,96,29760,买盘
392,10:12:45,3.1,0.0,1,310,买盘
393,10:12:52,3.1,0.0,3,930,买盘
394,10:12:58,3.1,0.0,1,310,买盘
395,10:13:03,3.09,-0.01,3,927,卖盘
396,10:13:07,3.09,0.0,2,618,卖盘
397,10:13:13,3.1,0.01,1,310,买盘
398,10:13:16,3.1,0.0,2,620,买盘
399,10:13:30,3.1,0.0,1,310,买盘
400,10:13:33,3.09,-0.01,4,1237,卖盘
401,10:13:37,3.1,0.01,1,310,买盘
402,10:13:43,3.1,0.0,1,310,买盘
403,10:13:48,3.1,0.0,2,620,买盘
404,10:14:04,3.09,-0.01,3,927,卖盘
405,10:14:16,3.1,0.01,1,310,买盘
406,10:14:21,3.1,0.0,2,620,买盘
407,10:14:25,3.1,0.0,1,310,买盘
408,10:14:37,3.09,-0.01,3,927,卖盘
409,10:14:58,3.1,0.01,1,310,买盘
410,10:15:06,3.09,-0.01,2,618,卖盘
411,10:15:33,3.1,0.01,3,930,买盘
412,10:15:37,3.1,0.0,4,1237,买盘
413,10:16:16,3.1,0.0,16,4960,买盘
414,10:16:19,3.09,-0.01,3,927,卖盘
415,10:16:39,3.1,0.01,11,3410,买盘
416,10:16:48,3.09,-0.01,3,927,卖盘
417,10:17:12,3.1,0.01,22,6820,买盘
418,10:17:19,3.09,-0.01,2,618,卖盘
419,10:17:31,3.1,0.01,16,4960,买盘
420,10:17:36,3.1,0.0,1,310,卖盘
421,10:17:42,3.1,0.0,13,4030,卖盘
422,10:17:49,3.1,0.0,4,1237,买盘
423,10:18:07,3.1,0.0,55,17050,买盘
424,10:18:16,3.09,-0.01,3,927,卖盘
425,10:18:49,3.09,0.0,3,927,卖盘
426,10:19:09,3.1,0.01,150,46500,买盘
427,10:19:19,3.09,-0.01,2,618,卖盘
428,10:19:48,3.09,0.0,3,927,卖盘
429,10:19:55,3.1,0.01,23,7130,买盘
430,10:20:18,3.09,-0.01,3,927,卖盘
431,10:20:25,3.1,0.01,1,310,买盘
432,10:20:49,3.09,-0.01,3,927,卖盘
433,10:20:54,3.1,0.01,1,310,买盘
434,10:21:04,3.1,0.0,11,3410,买盘
435,10:21:18,3.09,-0.01,3,927,卖盘
436,10:21:25,3.1,0.01,1,310,买盘
437,10:21:49,3.09,-0.01,2,618,卖盘
438,10:21:55,3.1,0.01,2,620,买盘
439,10:22:00,3.1,0.0,1,310,买盘
440,10:22:19,3.09,-0.01,3,927,卖盘
441,10:22:27,3.1,0.01,200,62000,买盘
442,10:22:34,3.11,0.01,11,3421,买盘
443,10:22:49,3.1,-0.01,3,930,卖盘
444,10:23:06,3.11,0.01,68,21148,买盘
445,10:23:15,3.1,-0.01,854,264740,卖盘
446,10:23:42,3.11,0.01,1,311,买盘
447,10:23:49,3.1,-0.01,25,7750,卖盘
448,10:24:18,3.1,0.0,3,930,卖盘
449,10:24:49,3.1,0.0,3,930,卖盘
450,10:25:07,3.1,0.0,7,2170,卖盘
451,10:25:15,3.11,0.01,10,3110,买盘
452,10:25:18,3.1,-0.01,3,930,卖盘
453,10:25:46,3.11,0.01,3,933,买盘
454,10:25:49,3.1,-0.01,3,930,卖盘
455,10:26:07,3.1,0.0,7,2170,卖盘
456,10:26:19,3.1,0.0,2,620,卖盘
457,10:26:49,3.1,0.0,21,6510,卖盘
458,10:26:51,3.1,0.0,139,43090,卖盘
459,10:26:54,3.1,0.0,20,6200,卖盘
460,10:26:57,3.11,0.01,90,27922,买盘
461,10:27:01,3.1,-0.01,52,16120,卖盘
462,10:27:04,3.1,0.0,13,4030,卖盘
463,10:27:07,3.1,0.0,20,6200,卖盘
464,10:27:10,3.1,0.0,5,1550,卖盘
465,10:27:12,3.11,0.01,19,5909,买盘
466,10:27:21,3.1,-0.01,3,930,卖盘
467,10:27:34,3.1,0.0,1,310,卖盘
468,10:27:52,3.1,0.0,3,930,卖盘
469,10:27:58,3.1,0.0,179,55490,卖盘
470,10:28:06,3.1,0.0,7,2170,卖盘
471,10:28:09,3.1,0.0,1,310,卖盘
472,10:28:19,3.1,0.0,3,930,卖盘
473,10:28:31,3.1,0.0,1,310,卖盘
474,10:28:49,3.1,0.0,2,620,卖盘
475,10:29:06,3.1,0.0,7,2170,卖盘
476,10:29:09,3.11,0.01,5,1555,买盘
477,10:29:15,3.1,-0.01,1,310,卖盘
478,10:29:18,3.1,0.0,3,930,卖盘
479,10:29:33,3.11,0.01,11,3421,买盘
480,10:29:37,3.1,-0.01,2,621,卖盘
481,10:29:49,3.1,0.0,3,930,卖盘
482,10:29:52,3.1,0.0,11,3410,卖盘
483,10:30:07,3.1,0.0,8,2480,卖盘
484,10:30:19,3.1,0.0,3,930,卖盘
485,10:30:30,3.1,0.0,120,37200,卖盘
486,10:30:36,3.1,0.0,257,79670,卖盘
487,10:30:52,3.1,0.0,1,310,卖盘
488,10:30:55,3.1,0.0,2,620,卖盘
489,10:31:06,3.1,0.0,8,2480,卖盘
490,10:31:22,3.1,0.0,3,930,卖盘
491,10:31:27,3.11,0.01,3,933,买盘
492,10:31:40,3.1,-0.01,1336,414163,卖盘
493,10:31:46,3.09,-0.01,1,309,卖盘
494,10:31:49,3.09,0.0,3,927,卖盘
495,10:31:52,3.1,0.01,3,930,买盘
496,10:32:06,3.09,-0.01,1,309,卖盘
497,10:32:22,3.09,0.0,3,927,卖盘
498,10:32:45,3.09,0.0,1,309,卖盘
499,10:32:49,3.09,0.0,3,927,卖盘
500,10:32:55,3.09,0.0,10,3090,卖盘
501,10:33:07,3.09,0.0,7,2163,卖盘
502,10:33:21,3.09,0.0,1,309,卖盘
503,10:33:24,3.09,0.0,2,618,卖盘
504,10:33:40,3.09,0.0,1,309,卖盘
505,10:33:49,3.09,0.0,3,927,卖盘
506,10:34:07,3.09,0.0,7,2163,卖盘
507,10:34:21,3.09,0.0,1,309,卖盘
508,10:34:45,3.09,0.0,1,309,卖盘
509,10:35:07,3.09,0.0,7,2163,卖盘
510,10:35:15,3.1,0.01,3,930,买盘
511,10:35:27,3.09,-0.01,1,309,卖盘
512,10:35:52,3.09,0.0,1,309,卖盘
513,10:36:06,3.09,0.0,14,4326,卖盘
514,10:36:22,3.09,0.0,1,309,卖盘
515,10:36:36,3.09,0.0,6,1854,卖盘
516,10:36:40,3.09,0.0,300,92700,卖盘
517,10:37:04,3.09,0.0,300,92700,卖盘
518,10:37:06,3.09,0.0,13,4017,卖盘
519,10:37:10,3.09,0.0,1,309,卖盘
520,10:37:22,3.09,0.0,1,309,卖盘
521,10:37:40,3.09,0.0,7,2163,卖盘
522,10:37:58,3.1,0.01,12,3719,买盘
523,10:38:06,3.09,-0.01,6,1854,卖盘
524,10:38:28,3.1,0.01,3,930,买盘
525,10:38:31,3.09,-0.01,6,1859,卖盘
526,10:38:36,3.09,0.0,7,2163,卖盘
527,10:38:57,3.1,0.01,34,10540,买盘
528,10:39:01,3.1,0.0,5,1550,买盘
529,10:39:04,3.09,-0.01,1,309,卖盘
530,10:39:06,3.09,0.0,7,2163,卖盘
531,10:39:10,3.09,0.0,14,4326,卖盘
532,10:39:13,3.1,0.01,3,930,买盘
533,10:39:37,3.09,-0.01,6,1854,卖盘
534,10:39:42,3.09,0.0,1,309,卖盘
535,10:39:49,3.1,0.01,5,1550,买盘
536,10:39:52,3.1,0.0,19,5890,买盘
537,10:40:07,3.09,-0.01,8,2472,卖盘
538,10:40:09,3.1,0.01,1,310,买盘
539,10:40:36,3.09,-0.01,7,2163,卖盘
540,10:40:49,3.09,0.0,1,309,卖盘
541,10:41:07,3.09,0.0,12,3708,卖盘
542,10:41:28,3.09,0.0,1,309,卖盘
543,10:41:37,3.09,0.0,7,2163,卖盘
544,10:41:46,3.09,0.0,1,309,卖盘
545,10:42:07,3.09,0.0,14,4326,卖盘
546,10:42:15,3.1,0.01,11,3410,买盘
547,10:42:28,3.1,0.0,2,619,买盘
548,10:42:30,3.09,-0.01,10,3090,卖盘
549,10:42:52,3.09,0.0,1,309,卖盘
550,10:43:04,3.09,0.0,7,2163,卖盘
551,10:43:07,3.09,0.0,7,2163,卖盘
552,10:43:24,3.09,0.0,1,309,卖盘
553,10:43:31,3.09,0.0,6,1854,卖盘
554,10:44:00,3.09,0.0,7,2163,卖盘
555,10:44:04,3.1,0.01,2,620,买盘
556,10:44:07,3.09,-0.01,7,2163,卖盘
557,10:44:15,3.09,0.0,1,309,卖盘
558,10:44:30,3.09,0.0,7,2163,卖盘
559,10:44:33,3.09,0.0,1,309,卖盘
560,10:45:01,3.09,0.0,6,1854,卖盘
561,10:45:07,3.09,0.0,7,2163,卖盘
562,10:45:10,3.09,0.0,1,309,卖盘
563,10:45:30,3.09,0.0,7,2163,卖盘
564,10:45:46,3.09,0.0,1,309,卖盘
565,10:46:01,3.09,0.0,7,2163,卖盘
566,10:46:07,3.09,0.0,6,1854,卖盘
567,10:46:09,3.1,0.01,102,31620,买盘
568,10:46:18,3.09,-0.01,1,309,卖盘
569,10:46:28,3.1,0.01,10,3100,买盘
570,10:46:31,3.09,-0.01,6,1854,卖盘
571,10:46:55,3.09,0.0,1,309,卖盘
572,10:47:01,3.09,0.0,7,2163,卖盘
573,10:47:04,3.09,0.0,5,1545,卖盘
574,10:47:07,3.09,0.0,7,2163,卖盘
575,10:47:10,3.09,0.0,1,309,卖盘
576,10:47:19,3.09,0.0,60,18540,卖盘
577,10:47:21,3.09,0.0,15,4635,卖盘
578,10:47:30,3.09,0.0,9,2782,卖盘
579,10:48:04,3.09,0.0,7,2163,卖盘
580,10:48:07,3.09,0.0,15,4643,卖盘
581,10:48:30,3.09,0.0,7,2163,卖盘
582,10:48:46,3.09,0.0,1,309,卖盘
583,10:49:00,3.09,0.0,7,2163,卖盘
584,10:49:06,3.09,0.0,7,2163,卖盘
585,10:49:19,3.09,0.0,1,309,卖盘
586,10:49:31,3.09,0.0,8,2473,卖盘
587,10:49:55,3.09,0.0,1,309,卖盘
588,10:50:00,3.09,0.0,6,1854,卖盘
589,10:50:07,3.09,0.0,6,1854,卖盘
590,10:50:24,3.09,0.0,1,309,卖盘
591,10:50:31,3.09,0.0,7,2163,卖盘
592,10:50:39,3.1,0.01,11,3410,买盘
593,10:50:58,3.09,-0.01,1,309,卖盘
594,10:51:00,3.09,0.0,1,309,卖盘
595,10:51:06,3.09,0.0,7,2163,卖盘
596,10:51:31,3.09,0.0,18,5562,卖盘
597,10:51:49,3.09,0.0,1,309,卖盘
598,10:52:06,3.09,0.0,7,2163,卖盘
599,10:52:19,3.09,0.0,1,309,卖盘
600,10:52:28,3.1,0.01,20,6200,买盘
601,10:52:42,3.09,-0.01,1,309,卖盘
602,10:53:06,3.09,0.0,7,2163,卖盘
603,10:53:24,3.09,0.0,1,309,卖盘
604,10:53:46,3.1,0.01,16,4960,买盘
605,10:53:49,3.09,-0.01,18,5562,卖盘
606,10:53:57,3.09,0.0,1,309,卖盘
607,10:54:06,3.09,0.0,7,2163,卖盘
608,10:54:33,3.09,0.0,1,309,卖盘
609,10:54:39,3.1,0.01,1,310,买盘
610,10:55:04,3.1,0.0,11,3410,买盘
611,10:55:22,3.09,-0.01,1,309,卖盘
612,10:55:49,3.09,0.0,1,309,卖盘
613,10:56:06,3.09,0.0,7,2163,卖盘
614,10:56:13,3.1,0.01,3,930,买盘
615,10:56:33,3.09,-0.01,1,309,卖盘
616,10:56:39,3.1,0.01,1,310,买盘
617,10:56:49,3.09,-0.01,3,927,卖盘
618,10:57:06,3.09,0.0,7,2163,卖盘
619,10:57:16,3.09,0.0,1,309,卖盘
620,10:57:22,3.09,0.0,246,76014,卖盘
621,10:57:40,3.09,0.0,1,309,卖盘
622,10:57:45,3.09,0.0,53,16377,卖盘
623,10:58:04,3.09,0.0,37,11433,卖盘
624,10:58:07,3.09,0.0,7,2163,卖盘
625,10:58:24,3.09,0.0,1,309,卖盘
626,10:58:45,3.1,0.01,5,1550,买盘
627,10:58:49,3.09,-0.01,3,927,卖盘
628,10:59:00,3.09,0.0,300,92700,卖盘
629,10:59:06,3.09,0.0,7,2163,卖盘
630,10:59:10,3.1,0.01,11,3409,买盘
631,10:59:15,3.09,-0.01,129,39861,卖盘
632,10:59:46,3.09,0.0,336,103824,卖盘
633,10:59:52,3.09,0.0,3,927,卖盘
634,10:59:55,3.09,0.0,82,25338,卖盘
635,10:59:58,3.09,0.0,1,309,卖盘
636,11:00:04,3.09,0.0,26,8034,卖盘
637,11:00:19,3.1,0.01,5,1550,买盘
638,11:00:33,3.1,0.0,9,2790,买盘
639,11:00:36,3.1,0.0,3,930,买盘
640,11:00:52,3.09,-0.01,151,46659,卖盘
641,11:01:01,3.09,0.0,6,1858,卖盘
642,11:01:28,3.1,0.01,8,2480,买盘
643,11:01:54,3.1,0.0,9,2790,买盘
644,11:02:10,3.1,0.0,9,2790,买盘
645,11:02:13,3.09,-0.01,2,618,卖盘
646,11:03:27,3.1,0.01,3,928,买盘
647,11:04:34,3.09,-0.01,2,618,卖盘
648,11:05:40,3.1,0.01,2,620,买盘
649,11:05:49,3.09,-0.01,2,618,卖盘
650,11:06:49,3.1,0.01,1,310,买盘
651,11:06:54,3.09,-0.01,100,30900,卖盘
652,11:07:04,3.09,0.0,2,618,卖盘
653,11:07:07,3.1,0.01,3,930,买盘
654,11:07:39,3.1,0.0,10,3100,买盘
655,11:07:45,3.1,0.0,6,1860,买盘
656,11:07:52,3.1,0.0,3,930,买盘
657,11:07:58,3.1,0.0,1,310,买盘
658,11:08:04,3.09,-0.01,75,23175,卖盘
659,11:08:12,3.09,0.0,2,618,卖盘
660,11:09:24,3.09,0.0,2,618,卖盘
661,11:10:40,3.09,0.0,2,618,卖盘
662,11:11:55,3.09,0.0,2,618,卖盘
663,11:11:58,3.1,0.01,11,3410,买盘
664,11:12:06,3.1,0.0,1,310,买盘
665,11:12:33,3.09,-0.01,7,2163,卖盘
666,11:12:51,3.09,0.0,7,2163,卖盘
667,11:13:10,3.09,0.0,2,618,卖盘
668,11:14:18,3.09,0.0,2,618,卖盘
669,11:14:46,3.1,0.01,4,1240,买盘
670,11:15:27,3.1,0.0,3,930,买盘
671,11:15:33,3.09,-0.01,2,618,卖盘
672,11:15:54,3.1,0.01,9,2790,买盘
673,11:16:10,3.1,0.0,10,3100,买盘
674,11:16:39,3.09,-0.01,2,618,卖盘
675,11:16:42,3.1,0.01,9,2790,买盘
676,11:17:18,3.1,0.0,10,3100,买盘
677,11:17:37,3.1,0.0,13,4030,买盘
678,11:17:45,3.1,0.0,1,310,买盘
679,11:17:55,3.09,-0.01,2,618,卖盘
680,11:18:15,3.1,0.01,3,930,买盘
681,11:18:37,3.1,0.0,6,1860,买盘
682,11:19:15,3.09,-0.01,2,618,卖盘
683,11:19:19,3.1,0.01,1,310,买盘
684,11:19:33,3.1,0.0,1,310,买盘
685,11:20:21,3.09,-0.01,2,618,卖盘
686,11:20:27,3.1,0.01,10,3100,买盘
687,11:20:31,3.1,0.0,1,310,买盘
688,11:21:19,3.09,-0.01,21,6490,卖盘
689,11:21:36,3.09,0.0,2,618,卖盘
690,11:22:49,3.09,0.0,2,618,卖盘
691,11:23:58,3.09,0.0,2,618,卖盘
692,11:24:24,3.09,0.0,300,92700,卖盘
693,11:24:51,3.1,0.01,11,3410,买盘
694,11:25:18,3.09,-0.01,2,618,卖盘
695,11:26:22,3.09,0.0,2,618,卖盘
696,11:27:04,3.1,0.01,11,3410,买盘
697,11:27:13,3.09,-0.01,71,21939,卖盘
698,11:27:36,3.09,0.0,2,618,卖盘
699,11:28:51,3.09,0.0,2,618,卖盘
700,11:29:19,3.1,0.01,1,310,买盘
701,11:30:01,3.09,-0.01,2,618,卖盘
702,13:00:07,3.1,0.01,83,25730,买盘
703,13:01:13,3.09,-0.01,2,618,卖盘
704,13:02:27,3.09,0.0,2,618,卖盘
705,13:03:39,3.09,0.0,2,618,卖盘
706,13:03:54,3.1,0.01,1,310,买盘
707,13:04:12,3.1,0.0,4,1240,买盘
708,13:04:21,3.1,0.0,1,310,买盘
709,13:05:00,3.09,-0.01,2,618,卖盘
710,13:05:45,3.09,0.0,50,15450,卖盘
711,13:06:04,3.09,0.0,6,1854,卖盘
712,13:06:10,3.09,0.0,2,618,卖盘
713,13:06:54,3.09,0.0,10,3090,卖盘
714,13:07:15,3.1,0.01,11,3410,买盘
715,13:07:28,3.09,-0.01,2,618,卖盘
716,13:07:33,3.1,0.01,1,310,买盘
717,13:08:07,3.09,-0.01,14,4326,卖盘
718,13:08:33,3.1,0.01,12,3718,买盘
719,13:09:48,3.09,-0.01,2,618,卖盘
720,13:10:16,3.1,0.01,20,6200,买盘
721,13:10:46,3.1,0.0,20,6200,买盘
722,13:10:49,3.1,0.0,11,3410,买盘
723,13:11:01,3.09,-0.01,2,618,卖盘
724,13:11:09,3.1,0.01,3,930,买盘
725,13:12:07,3.09,-0.01,2,618,卖盘
726,13:12:46,3.1,0.01,49,15190,买盘
727,13:13:04,3.1,0.0,10,3100,买盘
728,13:13:06,3.09,-0.01,25,7725,卖盘
729,13:13:10,3.09,0.0,43,13287,卖盘
730,13:13:18,3.09,0.0,2,618,卖盘
731,13:14:15,3.09,0.0,10,3090,卖盘
732,13:14:33,3.09,0.0,2,618,卖盘
733,13:14:54,3.09,0.0,10,3090,卖盘
734,13:15:18,3.1,0.01,19,5890,买盘
735,13:15:42,3.1,0.0,10,3100,买盘
736,13:15:45,3.09,-0.01,2,618,卖盘
737,13:16:39,3.1,0.01,1,310,买盘
738,13:17:00,3.09,-0.01,2,618,卖盘
739,13:17:09,3.1,0.01,1,310,买盘
740,13:17:34,3.1,0.0,11,3410,买盘
741,13:18:15,3.09,-0.01,2,618,卖盘
742,13:19:04,3.09,0.0,10,3090,卖盘
743,13:19:09,3.1,0.01,10,3100,买盘
744,13:19:34,3.09,-0.01,2,618,卖盘
745,13:19:45,3.1,0.01,3,930,买盘
746,13:19:49,3.1,0.0,10,3100,买盘
747,13:20:01,3.1,0.0,8,2480,买盘
748,13:20:12,3.09,-0.01,8,2472,卖盘
749,13:20:34,3.09,0.0,2,618,卖盘
750,13:21:06,3.09,0.0,1200,370800,卖盘
751,13:21:12,3.08,-0.01,6,1848,卖盘
752,13:21:19,3.08,0.0,5,1540,卖盘
753,13:21:25,3.08,0.0,4,1232,卖盘
754,13:21:49,3.08,0.0,2,616,卖盘
755,13:22:03,3.09,0.01,11,3399,买盘
756,13:22:25,3.09,0.0,4,1236,买盘
757,13:22:52,3.08,-0.01,20,6160,卖盘
758,13:23:00,3.08,0.0,2,616,卖盘
759,13:23:28,3.09,0.01,8,2472,买盘
760,13:24:19,3.09,0.0,13,4015,买盘
761,13:24:21,3.09,0.0,1,309,买盘
762,13:24:48,3.09,0.0,9,2781,买盘
763,13:25:01,3.08,-0.01,528,162624,卖盘
764,13:25:30,3.08,0.0,2,616,卖盘
765,13:25:58,3.09,0.01,1,309,买盘
766,13:26:01,3.08,-0.01,308,94872,卖盘
767,13:26:12,3.09,0.01,9,2781,买盘
768,13:26:33,3.09,0.0,23,7094,买盘
769,13:26:39,3.08,-0.01,91,28028,卖盘
770,13:26:43,3.08,0.0,3,924,卖盘
771,13:27:31,3.08,0.0,10,3080,卖盘
772,13:27:51,3.08,0.0,2,616,卖盘
773,13:27:55,3.08,0.0,86,26488,卖盘
774,13:28:54,3.09,0.01,11,3399,买盘
775,13:29:00,3.09,0.0,1,309,买盘
776,13:29:04,3.08,-0.01,128,39441,卖盘
777,13:29:07,3.08,0.0,16,4942,卖盘
778,13:29:22,3.08,0.0,3,924,卖盘
779,13:30:13,3.08,0.0,5,1540,卖盘
780,13:30:27,3.08,0.0,2,616,卖盘
781,13:30:34,3.08,0.0,13,4004,卖盘
782,13:31:10,3.08,0.0,270,83170,卖盘
783,13:31:13,3.08,0.0,10,3080,买盘
784,13:31:30,3.07,-0.01,2,614,卖盘
785,13:31:45,3.07,0.0,5,1535,卖盘
786,13:31:54,3.07,0.0,3,921,卖盘
787,13:32:04,3.07,0.0,48,14736,卖盘
788,13:32:09,3.07,0.0,7,2149,卖盘
789,13:32:25,3.07,0.0,977,299939,卖盘
790,13:32:31,3.07,0.0,7,2149,买盘
791,13:32:39,3.06,-0.01,4,1224,卖盘
792,13:32:45,3.07,0.01,2,614,买盘
793,13:32:52,3.07,0.0,1,307,买盘
794,13:33:04,3.07,0.0,10,3070,买盘
795,13:33:10,3.07,0.0,101,31007,买盘
796,13:33:15,3.07,0.0,12,3684,买盘
797,13:33:19,3.07,0.0,2,614,买盘
798,13:33:22,3.07,0.0,6,1842,买盘
799,13:33:25,3.07,0.0,11,3377,买盘
800,13:33:36,3.07,0.0,20,6140,买盘
801,13:33:40,3.06,-0.01,413,126378,卖盘
802,13:34:21,3.07,0.01,1,307,买盘
803,13:34:43,3.07,0.0,1,307,买盘
804,13:34:46,3.07,0.0,20,6140,买盘
805,13:34:54,3.07,0.0,141,43287,买盘
806,13:34:58,3.07,0.0,2,614,买盘
807,13:35:09,3.06,-0.01,2,612,卖盘
808,13:35:40,3.07,0.01,11,3377,买盘
809,13:35:43,3.07,0.0,27,8289,买盘
810,13:35:49,3.06,-0.01,20,6120,卖盘
811,13:35:55,3.07,0.01,16,4912,买盘
812,13:36:04,3.06,-0.01,5,1530,卖盘
813,13:36:13,3.07,0.01,22,6754,买盘
814,13:37:07,3.06,-0.01,8,2448,卖盘
815,13:37:10,3.07,0.01,2,614,买盘
816,13:37:55,3.07,0.0,10,3070,买盘
817,13:38:07,3.07,0.0,20,6140,买盘
818,13:38:12,3.07,0.0,8,2456,买盘
819,13:38:18,3.07,0.0,51,15657,买盘
820,13:38:28,3.07,0.0,10,3070,买盘
821,13:38:40,3.07,0.0,275,84425,买盘
822,13:38:46,3.07,0.0,2,614,买盘
823,13:38:49,3.07,0.0,1,307,买盘
824,13:38:51,3.07,0.0,20,6140,买盘
825,13:38:57,3.07,0.0,1,307,买盘
826,13:39:00,3.07,0.0,1,307,买盘
827,13:39:09,3.07,0.0,30,9210,买盘
828,13:39:22,3.07,0.0,100,30700,买盘
829,13:39:33,3.06,-0.01,7,2142,卖盘
830,13:39:46,3.07,0.01,50,15350,买盘
831,13:39:48,3.07,0.0,50,15350,买盘
832,13:40:00,3.06,-0.01,3,919,卖盘
833,13:40:06,3.07,0.01,3,921,买盘
834,13:40:09,3.07,0.0,50,15350,买盘
835,13:40:19,3.07,0.0,32,9824,买盘
836,13:40:21,3.07,0.0,10,3070,买盘
837,13:40:34,3.07,0.0,50,15350,买盘
838,13:40:49,3.06,-0.01,6,1836,卖盘
839,13:40:51,3.07,0.01,9,2763,买盘
840,13:40:58,3.06,-0.01,40,12240,卖盘
841,13:41:09,3.06,0.0,2,612,卖盘
842,13:41:12,3.07,0.01,58,17806,买盘
843,13:41:16,3.07,0.0,9,2763,买盘
844,13:41:28,3.07,0.0,76,23332,买盘
845,13:41:34,3.07,0.0,50,15350,买盘
846,13:41:36,3.06,-0.01,3,918,卖盘
847,13:41:42,3.07,0.01,64,19648,买盘
848,13:41:46,3.07,0.0,49,15043,卖盘
849,13:41:52,3.07,0.0,4,1228,卖盘
850,13:41:58,3.07,0.0,56,17192,卖盘
851,13:42:01,3.07,0.0,70,21490,买盘
852,13:42:22,3.07,0.0,1,307,买盘
853,13:42:31,3.07,0.0,10,3070,买盘
854,13:42:34,3.07,0.0,161,49377,买盘
855,13:42:55,3.07,0.0,100,30700,买盘
856,13:43:00,3.07,0.0,50,15350,买盘
857,13:43:06,3.06,-0.01,4,1224,卖盘
858,13:43:19,3.06,0.0,49,14995,卖盘
859,13:43:42,3.06,0.0,53,16218,卖盘
860,13:43:48,3.07,0.01,9,2763,买盘
861,13:43:54,3.06,-0.01,118,36108,卖盘
862,13:44:04,3.06,0.0,51,15606,卖盘
863,13:44:19,3.07,0.01,9,2763,买盘
864,13:44:48,3.07,0.0,10,3070,买盘
865,13:44:52,3.06,-0.01,16,4896,卖盘
866,13:45:13,3.06,0.0,65,19890,卖盘
867,13:45:21,3.07,0.01,1,307,买盘
868,13:45:30,3.07,0.0,11,3377,买盘
869,13:45:51,3.07,0.0,1,307,买盘
870,13:46:04,3.07,0.0,2,614,买盘
871,13:46:07,3.07,0.0,17,5219,买盘
872,13:46:36,3.07,0.0,30,9210,买盘
873,13:46:40,3.07,0.0,11,3377,买盘
874,13:46:46,3.06,-0.01,5,1530,卖盘
875,13:46:55,3.06,0.0,3,918,卖盘
876,13:47:04,3.07,0.01,59,18065,买盘
877,13:47:10,3.06,-0.01,7,2142,卖盘
878,13:47:18,3.07,0.01,9,2763,买盘
879,13:47:21,3.07,0.0,1,307,买盘
880,13:47:25,3.07,0.0,9,2763,买盘
881,13:47:36,3.07,0.0,100,30700,买盘
882,13:47:49,3.07,0.0,20,6140,买盘
883,13:47:57,3.07,0.0,16,4912,买盘
884,13:48:06,3.07,0.0,36,11052,买盘
885,13:48:12,3.07,0.0,1,307,买盘
886,13:49:18,3.07,0.0,10,3070,买盘
887,13:49:37,3.06,-0.01,32,9792,卖盘
888,13:49:46,3.07,0.01,22,6754,买盘
889,13:49:51,3.06,-0.01,24,7344,卖盘
890,13:49:57,3.07,0.01,9,2763,买盘
891,13:50:04,3.07,0.0,4,1228,买盘
892,13:50:16,3.07,0.0,1,307,买盘
893,13:50:18,3.07,0.0,40,12280,买盘
894,13:50:43,3.06,-0.01,30,9180,卖盘
895,13:50:49,3.06,0.0,130,39780,卖盘
896,13:51:25,3.06,0.0,666,203796,卖盘
897,13:51:30,3.06,0.0,7,2142,卖盘
898,13:51:34,3.07,0.01,11,3377,买盘
899,13:51:39,3.06,-0.01,4,1224,卖盘
900,13:51:42,3.06,0.0,700,214200,卖盘
901,13:51:49,3.06,0.0,17,5202,卖盘
902,13:51:52,3.06,0.0,11,3366,卖盘
903,13:51:55,3.07,0.01,200,61400,买盘
904,13:52:06,3.06,-0.01,8,2448,卖盘
905,13:52:16,3.07,0.01,1,307,买盘
906,13:53:07,3.07,0.0,1,307,买盘
907,13:53:49,3.07,0.0,11,3377,买盘
908,13:53:52,3.06,-0.01,218,66708,卖盘
909,13:54:06,3.06,0.0,44,13464,买盘
910,13:54:16,3.06,0.0,23,7038,买盘
911,13:54:25,3.06,0.0,8,2448,买盘
912,13:54:33,3.06,0.0,60,18360,买盘
913,13:54:40,3.06,0.0,19,5814,卖盘
914,13:54:49,3.06,0.0,52,15912,卖盘
915,13:55:13,3.06,0.0,5,1530,买盘
916,13:55:16,3.06,0.0,1,306,买盘
917,13:55:19,3.06,0.0,17,5202,买盘
918,13:55:22,3.06,0.0,17,5202,买盘
919,13:55:45,3.06,0.0,23,7038,买盘
920,13:55:48,3.06,0.0,8,2448,卖盘
921,13:56:04,3.07,0.01,10,3070,买盘
922,13:56:25,3.07,0.0,1,307,买盘
923,13:56:37,3.06,-0.01,3,918,卖盘
924,13:56:46,3.06,0.0,5,1530,卖盘
925,13:56:52,3.06,0.0,4,1224,卖盘
926,13:56:54,3.06,0.0,2,612,卖盘
927,13:58:07,3.06,0.0,2,612,卖盘
928,13:58:25,3.07,0.01,11,3377,买盘
929,13:58:55,3.07,0.0,2,614,买盘
930,13:59:00,3.07,0.0,1,307,买盘
931,13:59:04,3.07,0.0,2,614,买盘
932,13:59:18,3.07,0.0,1,307,买盘
933,13:59:21,3.06,-0.01,2,612,卖盘
934,13:59:25,3.07,0.01,8,2456,买盘
935,13:59:28,3.07,0.0,25,7675,买盘
936,13:59:52,3.06,-0.01,40,12240,卖盘
937,14:00:13,3.06,0.0,5,1530,卖盘
938,14:00:19,3.06,0.0,100,30600,卖盘
939,14:00:33,3.06,0.0,2,612,卖盘
940,14:00:49,3.07,0.01,1,307,买盘
941,14:01:49,3.06,-0.01,7,2142,卖盘
942,14:01:55,3.06,0.0,3,918,卖盘
943,14:02:03,3.06,0.0,48,14688,卖盘
944,14:02:10,3.06,0.0,7,2142,卖盘
945,14:02:13,3.07,0.01,1,307,买盘
946,14:02:22,3.06,-0.01,350,107100,卖盘
947,14:02:25,3.07,0.01,1,307,买盘
948,14:02:27,3.06,-0.01,2,612,卖盘
949,14:02:34,3.06,0.0,4,1224,卖盘
950,14:03:10,3.07,0.01,18,5526,买盘
951,14:03:21,3.06,-0.01,200,61200,卖盘
952,14:03:27,3.06,0.0,52,15912,卖盘
953,14:03:34,3.06,0.0,139,42534,卖盘
954,14:03:46,3.06,0.0,7,2142,买盘
955,14:04:04,3.06,0.0,1,306,卖盘
956,14:04:07,3.06,0.0,3,918,卖盘
957,14:04:13,3.06,0.0,5,1530,买盘
958,14:04:31,3.06,0.0,20,6120,买盘
959,14:04:58,3.06,0.0,6,1836,买盘
960,14:05:00,3.06,0.0,50,15300,买盘
961,14:05:18,3.06,0.0,1,306,买盘
962,14:05:22,3.06,0.0,23,7038,买盘
963,14:05:25,3.06,0.0,30,9180,买盘
964,14:05:58,3.05,-0.01,200,61000,卖盘
965,14:06:01,3.05,0.0,3,915,卖盘
966,14:06:07,3.05,0.0,2,610,卖盘
967,14:06:12,3.05,0.0,200,61000,卖盘
968,14:06:19,3.05,0.0,2,610,卖盘
969,14:06:22,3.05,0.0,11,3355,卖盘
970,14:06:37,3.05,0.0,206,62830,卖盘
971,14:06:40,3.05,0.0,5,1525,卖盘
972,14:06:43,3.05,0.0,419,127795,卖盘
973,14:06:46,3.06,0.01,20,6120,买盘
974,14:06:48,3.05,-0.01,107,32635,卖盘
975,14:06:51,3.05,0.0,25,7625,卖盘
976,14:06:55,3.05,0.0,333,101565,卖盘
977,14:06:58,3.05,0.0,192,58560,卖盘
978,14:07:01,3.04,-0.01,7,2128,卖盘
979,14:07:04,3.04,0.0,25,7600,卖盘
980,14:07:07,3.04,0.0,16,4864,卖盘
981,14:07:12,3.04,0.0,100,30400,卖盘
982,14:07:21,3.04,0.0,10,3040,卖盘
983,14:07:25,3.04,0.0,1,304,卖盘
984,14:07:28,3.04,0.0,1,304,卖盘
985,14:07:36,3.04,0.0,200,60800,卖盘
986,14:07:49,3.04,0.0,3,912,卖盘
987,14:07:51,3.04,0.0,65,19760,卖盘
988,14:08:18,3.05,0.01,10,3050,买盘
989,14:08:34,3.04,-0.01,14,4256,卖盘
990,14:08:48,3.05,0.01,16,4880,买盘
991,14:09:06,3.05,0.0,102,31108,买盘
992,14:09:09,3.05,0.0,27,8235,买盘
993,14:09:16,3.05,0.0,10,3050,买盘
994,14:09:28,3.05,0.0,97,29535,买盘
995,14:09:33,3.04,-0.01,21,6384,卖盘
996,14:09:51,3.05,0.01,6,1830,买盘
997,14:09:57,3.05,0.0,200,61000,买盘
998,14:10:19,3.04,-0.01,2,608,卖盘
999,14:10:24,3.05,0.01,41,12465,买盘
1000,14:10:31,3.05,0.0,23,7015,买盘
1001,14:10:49,3.04,-0.01,6,1824,卖盘
1002,14:10:52,3.05,0.01,1,305,买盘
1003,14:11:13,3.05,0.0,2,610,买盘
1004,14:11:31,3.05,0.0,10,3048,买盘
1005,14:11:34,3.05,0.0,454,138470,买盘
1006,14:11:37,3.05,0.0,5,1525,卖盘
1007,14:11:43,3.05,0.0,41,12505,卖盘
1008,14:11:51,3.04,-0.01,4,1216,卖盘
1009,14:12:06,3.05,0.01,48,14640,买盘
1010,14:12:15,3.05,0.0,28,8540,卖盘
1011,14:12:18,3.05,0.0,1,305,买盘
1012,14:12:28,3.05,0.0,300,91500,买盘
1013,14:12:34,3.05,0.0,19,5795,买盘
1014,14:12:48,3.05,0.0,1,305,买盘
1015,14:13:19,3.05,0.0,11,3355,买盘
1016,14:13:25,3.05,0.0,16,4880,买盘
1017,14:13:36,3.05,0.0,1,305,买盘
1018,14:13:39,3.04,-0.01,7,2128,卖盘
1019,14:13:45,3.05,0.01,20,6100,买盘
1020,14:13:51,3.04,-0.01,11,3344,卖盘
1021,14:14:01,3.05,0.01,370,112850,买盘
1022,14:14:06,3.04,-0.01,52,15808,卖盘
1023,14:14:13,3.05,0.01,10,3050,买盘
1024,14:14:19,3.05,0.0,1,305,买盘
1025,14:14:24,3.05,0.0,10,3050,买盘
1026,14:14:43,3.05,0.0,9,2745,买盘
1027,14:14:49,3.05,0.0,1,305,买盘
1028,14:14:52,3.05,0.0,1,305,买盘
1029,14:15:00,3.05,0.0,194,59170,买盘
1030,14:15:07,3.05,0.0,10,3050,买盘
1031,14:15:10,3.05,0.0,27,8235,买盘
1032,14:15:13,3.04,-0.01,8,2435,卖盘
1033,14:15:15,3.05,0.01,23,7015,买盘
1034,14:15:19,3.05,0.0,1,305,买盘
1035,14:15:48,3.05,0.0,50,15250,卖盘
1036,14:15:52,3.05,0.0,80,24400,卖盘
1037,14:16:25,3.06,0.01,1,306,买盘
1038,14:16:31,3.06,0.0,1,306,买盘
1039,14:16:33,3.05,-0.01,100,30500,卖盘
1040,14:16:49,3.06,0.01,20,6115,买盘
1041,14:16:55,3.05,-0.01,3,915,卖盘
1042,14:17:03,3.05,0.0,46,14030,卖盘
1043,14:17:43,3.06,0.01,8,2448,买盘
1044,14:17:46,3.06,0.0,1,306,买盘
1045,14:17:48,3.05,-0.01,140,42700,卖盘
1046,14:18:28,3.06,0.01,1,306,买盘
1047,14:19:25,3.06,0.0,8,2448,买盘
1048,14:19:42,3.06,0.0,2,611,买盘
1049,14:20:12,3.06,0.0,3,918,买盘
1050,14:20:16,3.06,0.0,6,1836,买盘
1051,14:20:19,3.06,0.0,2,612,买盘
1052,14:20:21,3.05,-0.01,18,5490,卖盘
1053,14:20:27,3.06,0.01,1,306,买盘
1054,14:20:30,3.06,0.0,100,30600,买盘
1055,14:20:37,3.06,0.0,8,2448,买盘
1056,14:20:40,3.05,-0.01,2,610,卖盘
1057,14:21:04,3.05,0.0,7,2135,卖盘
1058,14:21:22,3.05,0.0,11,3355,卖盘
1059,14:21:39,3.06,0.01,49,14994,买盘
1060,14:21:42,3.05,-0.01,3,915,卖盘
1061,14:21:48,3.05,0.0,89,27145,卖盘
1062,14:21:52,3.05,0.0,2,610,卖盘
1063,14:22:01,3.05,0.0,30,9150,卖盘
1064,14:22:07,3.05,0.0,8,2440,卖盘
1065,14:22:09,3.05,0.0,17,5185,卖盘
1066,14:22:13,3.05,0.0,90,27450,卖盘
1067,14:22:16,3.05,0.0,1,305,卖盘
1068,14:22:22,3.05,0.0,2,610,卖盘
1069,14:22:37,3.06,0.01,1,306,买盘
1070,14:22:58,3.05,-0.01,2,610,卖盘
1071,14:23:07,3.06,0.01,286,87232,买盘
1072,14:23:10,3.06,0.0,1,306,买盘
1073,14:23:45,3.05,-0.01,5,1525,卖盘
1074,14:24:15,3.05,0.0,2,610,卖盘
1075,14:24:21,3.06,0.01,1,306,买盘
1076,14:25:07,3.06,0.0,9,2754,买盘
1077,14:25:12,3.06,0.0,1,306,买盘
1078,14:25:22,3.05,-0.01,2,610,卖盘
1079,14:25:39,3.06,0.01,1,306,买盘
1080,14:25:48,3.05,-0.01,5,1525,卖盘
1081,14:25:57,3.06,0.01,3,918,买盘
1082,14:26:16,3.06,0.0,1,306,买盘
1083,14:26:22,3.06,0.0,11,3366,买盘
1084,14:26:33,3.05,-0.01,2,610,卖盘
1085,14:26:37,3.05,0.0,4,1221,卖盘
1086,14:26:45,3.05,0.0,5,1525,卖盘
1087,14:26:49,3.05,0.0,59,18004,卖盘
1088,14:26:52,3.05,0.0,2,610,卖盘
1089,14:27:09,3.05,0.0,51,15555,卖盘
1090,14:27:16,3.05,0.0,57,17385,卖盘
1091,14:27:22,3.06,0.01,35,10710,买盘
1092,14:27:25,3.05,-0.01,2,610,卖盘
1093,14:27:30,3.05,0.0,50,15250,卖盘
1094,14:27:37,3.05,0.0,50,15250,卖盘
1095,14:27:39,3.06,0.01,1,306,买盘
1096,14:27:55,3.05,-0.01,2,610,卖盘
1097,14:27:58,3.06,0.01,12,3672,买盘
1098,14:28:13,3.05,-0.01,50,15251,卖盘
1099,14:28:21,3.05,0.0,53,16165,卖盘
1100,14:28:28,3.05,0.0,22,6710,卖盘
1101,14:28:34,3.05,0.0,32,9760,卖盘
1102,14:28:46,3.05,0.0,50,15250,卖盘
1103,14:28:52,3.05,0.0,11,3355,卖盘
1104,14:28:57,3.06,0.01,1,306,买盘
1105,14:29:18,3.05,-0.01,50,15250,卖盘
1106,14:29:31,3.06,0.01,1,306,买盘
1107,14:29:39,3.05,-0.01,53,16165,卖盘
1108,14:29:43,3.06,0.01,2,612,买盘
1109,14:29:51,3.06,0.0,2,612,买盘
1110,14:29:54,3.06,0.0,8,2448,买盘
1111,14:30:04,3.06,0.0,20,6120,买盘
1112,14:30:12,3.06,0.0,1,306,买盘
1113,14:30:31,3.05,-0.01,328,100040,卖盘
1114,14:30:49,3.05,0.0,3,915,买盘
1115,14:31:13,3.05,0.0,22,6710,买盘
1116,14:31:19,3.05,0.0,50,15250,卖盘
1117,14:31:22,3.05,0.0,2,610,卖盘
1118,14:31:33,3.05,0.0,24,7320,卖盘
1119,14:32:10,3.05,0.0,5,1525,买盘
1120,14:32:19,3.05,0.0,16,4880,买盘
1121,14:32:37,3.05,0.0,18,5490,买盘
1122,14:32:39,3.04,-0.01,1552,472094,卖盘
1123,14:32:46,3.04,0.0,25,7600,卖盘
1124,14:32:52,3.04,0.0,26,7618,卖盘
1125,14:33:06,3.04,0.0,30,9120,买盘
1126,14:33:27,3.04,0.0,43,13072,买盘
1127,14:33:31,3.04,0.0,13,4238,买盘
1128,14:33:34,3.04,0.0,11,3344,卖盘
1129,14:34:01,3.04,0.0,29,8816,卖盘
1130,14:34:07,3.05,0.01,10,3050,买盘
1131,14:34:12,3.04,-0.01,521,158098,卖盘
1132,14:34:16,3.04,0.0,124,37696,买盘
1133,14:34:25,3.04,0.0,14,4256,买盘
1134,14:34:34,3.04,0.0,10,3040,买盘
1135,14:34:43,3.04,0.0,27,8208,买盘
1136,14:35:25,3.03,-0.01,160,48480,卖盘
1137,14:35:40,3.04,0.01,50,15200,买盘
1138,14:35:49,3.03,-0.01,186,56358,卖盘
1139,14:35:58,3.04,0.01,8,2432,买盘
1140,14:36:07,3.04,0.0,619,188462,买盘
1141,14:36:43,3.04,0.0,104,31616,卖盘
1142,14:37:04,3.04,0.0,11,3344,卖盘
1143,14:37:22,3.04,0.0,40,12160,卖盘
1144,14:37:27,3.04,0.0,4,1216,卖盘
1145,14:37:46,3.04,0.0,85,25840,卖盘
1146,14:37:49,3.05,0.01,10,3050,买盘
1147,14:38:07,3.05,0.0,1,305,买盘
1148,14:38:33,3.04,-0.01,51,15504,卖盘
1149,14:38:36,3.05,0.01,30,9150,买盘
1150,14:38:42,3.05,0.0,551,167505,买盘
1151,14:39:28,3.04,-0.01,231,69938,卖盘
1152,14:39:34,3.03,-0.01,22,6666,卖盘
1153,14:40:04,3.03,0.0,16,4848,卖盘
1154,14:40:10,3.04,0.01,4,1216,买盘
1155,14:40:22,3.04,0.0,50,15200,买盘
1156,14:40:25,3.03,-0.01,1045,317916,卖盘
1157,14:40:57,3.03,0.0,31,9393,卖盘
1158,14:41:04,3.03,0.0,148,44844,卖盘
1159,14:41:16,3.04,0.01,24,7296,买盘
1160,14:41:22,3.04,0.0,2,608,卖盘
1161,14:41:37,3.04,0.0,22,6688,卖盘
1162,14:41:42,3.04,0.0,280,85120,卖盘
1163,14:41:46,3.05,0.01,241,73302,买盘
1164,14:42:10,3.04,-0.01,300,91200,卖盘
1165,14:42:24,3.04,0.0,10,3040,卖盘
1166,14:42:30,3.04,0.0,1,304,卖盘
1167,14:43:04,3.04,0.0,22,6688,卖盘
1168,14:43:10,3.04,0.0,220,66880,卖盘
1169,14:43:16,3.04,0.0,145,44080,卖盘
1170,14:43:21,3.04,0.0,109,33136,卖盘
1171,14:43:28,3.04,0.0,10,3040,买盘
1172,14:43:31,3.04,0.0,3,912,买盘
1173,14:43:40,3.04,0.0,20,6080,买盘
1174,14:43:51,3.04,0.0,106,32224,买盘
1175,14:43:57,3.03,-0.01,22,6666,卖盘
1176,14:44:10,3.04,0.01,10,3040,买盘
1177,14:44:12,3.04,0.0,32,9726,买盘
1178,14:44:36,3.04,0.0,4,1216,买盘
1179,14:44:40,3.04,0.0,10,3040,买盘
1180,14:44:43,3.03,-0.01,10,3030,卖盘
1181,14:45:06,3.03,0.0,22,6666,卖盘
1182,14:45:16,3.04,0.01,9,2736,买盘
1183,14:45:31,3.03,-0.01,123,37269,卖盘
1184,14:45:37,3.04,0.01,20,6080,买盘
1185,14:45:49,3.04,0.0,24,7296,买盘
1186,14:45:55,3.03,-0.01,22,6666,卖盘
1187,14:46:07,3.04,0.01,10,3040,买盘
1188,14:46:10,3.04,0.0,33,10032,买盘
1189,14:46:15,3.04,0.0,19,5776,买盘
1190,14:46:18,3.04,0.0,200,60800,买盘
1191,14:46:31,3.04,0.0,12,3648,买盘
1192,14:46:49,3.04,0.0,21,6384,买盘
1193,14:47:04,3.03,-0.01,18,5454,卖盘
1194,14:47:10,3.04,0.01,18,5472,买盘
1195,14:47:16,3.04,0.0,1,304,买盘
1196,14:47:19,3.03,-0.01,100,30300,卖盘
1197,14:47:30,3.04,0.01,100,30400,买盘
1198,14:47:36,3.04,0.0,26,7904,买盘
1199,14:47:58,3.04,0.0,50,15200,买盘
1200,14:48:00,3.04,0.0,10,3040,买盘
1201,14:48:03,3.03,-0.01,22,6666,卖盘
1202,14:48:13,3.04,0.01,150,45600,买盘
1203,14:48:30,3.04,0.0,73,22192,买盘
1204,14:48:55,3.04,0.0,200,60800,买盘
1205,14:49:04,3.04,0.0,100,30400,买盘
1206,14:49:06,3.04,0.0,88,26752,买盘
1207,14:50:25,3.04,0.0,86,26144,卖盘
1208,14:50:34,3.04,0.0,11,3354,卖盘
1209,14:50:37,3.04,0.0,20,6080,卖盘
1210,14:50:43,3.04,0.0,4,1216,卖盘
1211,14:50:46,3.04,0.0,83,25232,卖盘
1212,14:50:48,3.03,-0.01,22,6684,卖盘
1213,14:50:51,3.03,0.0,18,5454,卖盘
1214,14:51:01,3.03,0.0,143,43329,卖盘
1215,14:51:13,3.04,0.01,2,608,买盘
1216,14:51:19,3.04,0.0,2,608,买盘
1217,14:51:21,3.04,0.0,3,912,买盘
1218,14:51:30,3.04,0.0,35,10640,买盘
1219,14:51:33,3.03,-0.01,88,26664,卖盘
1220,14:51:37,3.04,0.01,81,24565,买盘
1221,14:51:40,3.04,0.0,13,3952,卖盘
1222,14:51:46,3.04,0.0,1,304,卖盘
1223,14:51:49,3.05,0.01,1,305,买盘
1224,14:51:52,3.04,-0.01,10,3040,卖盘
1225,14:51:55,3.04,0.0,36,10944,卖盘
1226,14:51:58,3.04,0.0,110,33440,买盘
1227,14:52:01,3.04,0.0,10,3040,卖盘
1228,14:52:16,3.04,0.0,119,36176,卖盘
1229,14:52:22,3.04,0.0,1,304,买盘
1230,14:52:40,3.04,0.0,20,6080,买盘
1231,14:52:46,3.04,0.0,14,4256,买盘
1232,14:53:04,3.03,-0.01,87,26361,卖盘
1233,14:53:06,3.03,0.0,58,17574,卖盘
1234,14:53:10,3.04,0.01,36,10944,买盘
1235,14:53:19,3.04,0.0,1,304,买盘
1236,14:53:25,3.04,0.0,30,9120,买盘
1237,14:53:33,3.04,0.0,165,50160,买盘
1238,14:53:37,3.04,0.0,5,1520,卖盘
1239,14:53:40,3.04,0.0,3,912,卖盘
1240,14:53:46,3.04,0.0,116,35264,卖盘
1241,14:54:16,3.04,0.0,201,61104,买盘
1242,14:54:21,3.04,0.0,1,304,买盘
1243,14:54:37,3.03,-0.01,69,20918,卖盘
1244,14:54:43,3.03,0.0,90,27270,卖盘
1245,14:54:58,3.03,0.0,57,17271,卖盘
1246,14:55:04,3.03,0.0,89,26967,卖盘
1247,14:55:10,3.03,0.0,141,42748,卖盘
1248,14:55:16,3.03,0.0,144,43632,卖盘
1249,14:55:19,3.04,0.01,5,1520,中性盘
1250,14:55:34,3.04,0.0,15,4560,买盘
1251,14:55:37,3.03,-0.01,24,7272,卖盘
1252,14:55:49,3.03,0.0,62,18786,卖盘
1253,14:55:52,3.03,0.0,88,26664,卖盘
1254,14:56:06,3.03,0.0,739,223917,卖盘
1255,14:56:09,3.03,0.0,63,19089,卖盘
1256,14:56:12,3.03,0.0,68,20319,卖盘
1257,14:56:18,3.03,0.0,8,2709,买盘
1258,14:56:25,3.04,0.01,112,34048,买盘
1259,14:56:28,3.02,-0.02,71,21443,卖盘
1260,14:56:40,3.02,0.0,3,910,卖盘
1261,14:56:46,3.04,0.02,3,910,买盘
1262,15:00:04,3.04,0.0,557,169328,卖盘
