,time,price,change,volume,amount,type
0,09:25:04,1.88,-0.01,1943,365284,卖盘
1,09:30:03,1.89,0.01,5777,1086199,买盘
2,09:30:06,1.89,0.0,177,33452,买盘
3,09:30:09,1.88,-0.01,396,74454,卖盘
4,09:30:12,1.89,0.01,12,2268,买盘
5,09:30:16,1.88,-0.01,370,69560,卖盘
6,09:30:18,1.88,0.0,32,6028,卖盘
7,09:30:21,1.88,0.0,30,5640,卖盘
8,09:30:24,1.88,0.0,58,10904,卖盘
9,09:30:30,1.88,0.0,159,29892,卖盘
10,09:30:33,1.88,0.0,125,23508,卖盘
11,09:30:36,1.88,0.0,14,2632,卖盘
12,09:30:39,1.89,0.01,225,42505,买盘
13,09:30:42,1.89,0.0,7,1323,买盘
14,09:30:45,1.88,-0.01,39,7332,卖盘
15,09:30:51,1.88,0.0,21,3948,卖盘
16,09:30:54,1.88,0.0,209,39363,卖盘
17,09:30:57,1.88,0.0,54,10160,卖盘
18,09:31:00,1.88,0.0,592,111322,卖盘
19,09:31:03,1.88,0.0,54,10172,卖盘
20,09:31:06,1.88,0.0,21,3948,卖盘
21,09:31:10,1.88,0.0,491,92308,卖盘
22,09:31:12,1.88,0.0,197,37054,卖盘
23,09:31:15,1.89,0.01,6,1134,买盘
24,09:31:18,1.89,0.0,10,1890,买盘
25,09:31:21,1.88,-0.01,50,9400,卖盘
26,09:31:24,1.89,0.01,999,187842,买盘
27,09:31:27,1.89,0.0,188,35376,买盘
28,09:31:30,1.89,0.0,31,5834,买盘
29,09:31:33,1.89,0.0,1168,219652,买盘
30,09:31:36,1.88,-0.01,1546,290692,卖盘
31,09:31:39,1.88,0.0,549,102761,买盘
32,09:31:42,1.88,0.0,227,42676,买盘
33,09:31:45,1.88,0.0,293,55084,买盘
34,09:31:48,1.89,0.01,9,1701,买盘
35,09:31:52,1.88,-0.01,31,5828,卖盘
36,09:31:55,1.88,0.0,250,47050,卖盘
37,09:31:57,1.88,0.0,570,107669,卖盘
38,09:32:00,1.88,0.0,74,13929,卖盘
39,09:32:07,1.88,0.0,326,61541,卖盘
40,09:32:09,1.88,0.0,100,18882,卖盘
41,09:32:13,1.89,0.01,5,945,买盘
42,09:32:15,1.88,-0.01,9,1692,卖盘
43,09:32:21,1.88,0.0,408,76704,卖盘
44,09:32:24,1.89,0.01,65,12236,买盘
45,09:32:27,1.88,-0.01,677,127333,卖盘
46,09:32:30,1.89,0.01,23,4347,买盘
47,09:32:33,1.89,0.0,28,5292,买盘
48,09:32:37,1.88,-0.01,10,1880,卖盘
49,09:32:42,1.88,0.0,88,16544,卖盘
50,09:32:45,1.89,0.01,5,945,买盘
51,09:32:54,1.88,-0.01,5,940,卖盘
52,09:33:06,1.89,0.01,43,8088,买盘
53,09:33:09,1.88,-0.01,4,752,卖盘
54,09:33:12,1.88,0.0,127,23876,卖盘
55,09:33:15,1.89,0.01,126,23693,买盘
56,09:33:18,1.88,-0.01,10,1880,卖盘
57,09:33:21,1.88,0.0,37,6968,卖盘
58,09:33:24,1.89,0.01,312,58662,买盘
59,09:33:27,1.88,-0.01,1106,207947,卖盘
60,09:33:30,1.89,0.01,84,15876,买盘
61,09:33:34,1.88,-0.01,167,31396,卖盘
62,09:33:37,1.89,0.01,18,3392,买盘
63,09:33:39,1.88,-0.01,312,58656,卖盘
64,09:33:42,1.89,0.01,3,567,买盘
65,09:33:45,1.88,-0.01,1738,326748,卖盘
66,09:33:48,1.88,0.0,242,45514,卖盘
67,09:33:51,1.89,0.01,102,19228,买盘
68,09:33:54,1.88,-0.01,260,48881,卖盘
69,09:33:58,1.88,0.0,233,43804,买盘
70,09:34:01,1.88,0.0,2,376,买盘
71,09:34:04,1.88,0.0,363,68244,买盘
72,09:34:06,1.88,0.0,68,12784,买盘
73,09:34:09,1.88,0.0,1,188,买盘
74,09:34:12,1.88,0.0,358,67304,买盘
75,09:34:15,1.88,0.0,193,36288,卖盘
76,09:34:18,1.88,0.0,369,69374,卖盘
77,09:34:21,1.89,0.01,3,567,买盘
78,09:34:24,1.88,-0.01,18,3384,卖盘
79,09:34:27,1.88,0.0,528,99264,卖盘
80,09:34:30,1.88,0.0,795,149466,卖盘
81,09:34:33,1.88,0.0,984,185463,卖盘
82,09:34:36,1.88,0.0,109,20492,买盘
83,09:34:40,1.88,0.0,170,31960,买盘
84,09:34:42,1.88,0.0,19,3572,买盘
85,09:34:48,1.88,0.0,54,10152,买盘
86,09:34:54,1.88,0.0,20,3760,买盘
87,09:35:01,1.88,0.0,4,752,买盘
88,09:35:04,1.87,-0.01,106,19909,卖盘
89,09:35:06,1.88,0.01,141,26378,买盘
90,09:35:09,1.87,-0.01,9,1683,卖盘
91,09:35:15,1.87,0.0,72,13464,卖盘
92,09:35:18,1.88,0.01,2,376,买盘
93,09:35:21,1.88,0.0,22,4136,买盘
94,09:35:24,1.87,-0.01,96,17952,卖盘
95,09:35:27,1.88,0.01,500,94000,买盘
96,09:35:30,1.88,0.0,57,10716,买盘
97,09:35:33,1.88,0.0,2,376,买盘
98,09:35:36,1.87,-0.01,196,36652,卖盘
99,09:35:39,1.87,0.0,35,6570,卖盘
100,09:35:42,1.88,0.01,53,9964,买盘
101,09:35:45,1.88,0.0,27,5076,买盘
102,09:35:51,1.88,0.0,340,63620,买盘
103,09:35:54,1.88,0.0,55,10289,买盘
104,09:35:57,1.87,-0.01,40,7480,卖盘
105,09:36:00,1.87,0.0,152,28424,卖盘
106,09:36:03,1.87,0.0,94,17578,卖盘
107,09:36:06,1.87,0.0,9,1687,卖盘
108,09:36:09,1.87,0.0,244,45648,卖盘
109,09:36:12,1.88,0.01,3,564,买盘
110,09:36:18,1.88,0.0,22,4135,买盘
111,09:36:24,1.87,-0.01,426,79662,卖盘
112,09:36:27,1.87,0.0,26,4869,卖盘
113,09:36:30,1.87,0.0,926,173162,卖盘
114,09:36:34,1.87,0.0,110,20580,卖盘
115,09:36:36,1.87,0.0,87,16269,卖盘
116,09:36:39,1.87,0.0,66,12342,卖盘
117,09:36:42,1.87,0.0,87,16269,卖盘
118,09:36:45,1.87,0.0,2760,516120,卖盘
119,09:36:48,1.87,0.0,2132,398716,卖盘
120,09:36:51,1.87,0.0,702,131296,卖盘
121,09:36:54,1.87,0.0,1964,367275,卖盘
122,09:36:57,1.87,0.0,5658,1058066,卖盘
123,09:37:01,1.87,0.0,1655,309544,卖盘
124,09:37:04,1.86,-0.01,215,40008,卖盘
125,09:37:06,1.87,0.01,7,1309,买盘
126,09:37:09,1.86,-0.01,566,105296,卖盘
127,09:37:13,1.85,-0.01,4137,767313,卖盘
128,09:37:15,1.86,0.01,225,41893,买盘
129,09:37:18,1.86,0.0,10,1860,买盘
130,09:37:21,1.85,-0.01,7,1295,卖盘
131,09:37:24,1.85,0.0,19,3515,卖盘
132,09:37:27,1.85,0.0,1244,230140,卖盘
133,09:37:30,1.85,0.0,653,121325,卖盘
134,09:37:34,1.86,0.01,7,1302,买盘
135,09:37:36,1.85,-0.01,618,114383,卖盘
136,09:37:39,1.85,0.0,19,3526,卖盘
137,09:37:43,1.85,0.0,200,37000,卖盘
138,09:37:46,1.85,0.0,20,3700,卖盘
139,09:37:48,1.85,0.0,1256,232364,卖盘
140,09:37:51,1.85,0.0,3328,615696,卖盘
141,09:37:54,1.85,0.0,4204,777808,卖盘
142,09:37:57,1.85,0.0,192,35520,买盘
143,09:38:00,1.85,0.0,200,36900,买盘
144,09:38:04,1.84,-0.01,91,16816,卖盘
145,09:38:06,1.84,0.0,181,33445,卖盘
146,09:38:09,1.84,0.0,384,70776,卖盘
147,09:38:13,1.84,0.0,3178,584768,卖盘
148,09:38:15,1.84,0.0,992,182528,买盘
149,09:38:18,1.83,-0.01,238,43665,卖盘
150,09:38:21,1.84,0.01,699,128602,买盘
151,09:38:24,1.84,0.0,308,56672,买盘
152,09:38:27,1.83,-0.01,977,178801,卖盘
153,09:38:30,1.83,0.0,545,99778,卖盘
154,09:38:33,1.83,0.0,1905,348621,卖盘
155,09:38:37,1.83,0.0,942,172406,卖盘
156,09:38:40,1.83,0.0,945,172965,卖盘
157,09:38:42,1.83,0.0,396,72468,买盘
158,09:38:45,1.83,0.0,1824,332915,卖盘
159,09:38:48,1.83,0.0,471,86274,卖盘
160,09:38:51,1.83,0.0,3952,723231,卖盘
161,09:38:55,1.83,0.0,988,181045,卖盘
162,09:38:58,1.83,0.0,2972,543876,卖盘
163,09:39:00,1.83,0.0,1767,323730,买盘
164,09:39:04,1.83,0.0,388,71161,卖盘
165,09:39:06,1.83,0.0,1396,255968,卖盘
166,09:39:09,1.83,0.0,178,32594,卖盘
167,09:39:12,1.84,0.01,485,88859,买盘
168,09:39:15,1.84,0.0,720,132226,买盘
169,09:39:18,1.84,0.0,1201,219914,买盘
170,09:39:21,1.83,-0.01,193,35419,卖盘
171,09:39:24,1.84,0.01,72,13206,买盘
172,09:39:27,1.84,0.0,305,55820,买盘
173,09:39:30,1.84,0.0,276,50784,买盘
174,09:39:33,1.84,0.0,130,23820,买盘
175,09:39:36,1.84,0.0,5797,1061348,买盘
176,09:39:39,1.85,0.01,109,20121,买盘
177,09:39:42,1.84,-0.01,285,52440,卖盘
178,09:39:48,1.84,0.0,128,23552,卖盘
179,09:39:51,1.84,0.0,16,2950,卖盘
180,09:39:54,1.84,0.0,10,1840,卖盘
181,09:39:57,1.84,0.0,104,19136,卖盘
182,09:40:00,1.84,0.0,737,135635,卖盘
183,09:40:04,1.85,0.01,9,1665,买盘
184,09:40:06,1.84,-0.01,70,12880,卖盘
185,09:40:09,1.84,0.0,121,22345,卖盘
186,09:40:12,1.84,0.0,22,4048,卖盘
187,09:40:15,1.85,0.01,138,25492,买盘
188,09:40:18,1.84,-0.01,597,109880,卖盘
189,09:40:21,1.84,0.0,464,85386,卖盘
190,09:40:24,1.85,0.01,81,14915,买盘
191,09:40:27,1.85,0.0,341,62749,买盘
192,09:40:30,1.84,-0.01,380,69920,卖盘
193,09:40:33,1.84,0.0,258,47509,卖盘
194,09:40:36,1.85,0.01,20,3689,买盘
195,09:40:40,1.84,-0.01,110,20240,卖盘
196,09:40:43,1.84,0.0,1256,231104,卖盘
197,09:40:45,1.84,0.0,173,31832,买盘
198,09:40:48,1.84,0.0,51,9384,买盘
199,09:40:54,1.83,-0.01,156,28701,卖盘
200,09:40:57,1.84,0.01,5,920,买盘
201,09:41:00,1.84,0.0,2,368,买盘
202,09:41:04,1.83,-0.01,1,183,卖盘
203,09:41:06,1.83,0.0,33,6042,卖盘
204,09:41:09,1.83,0.0,59,10806,卖盘
205,09:41:12,1.83,0.0,2686,492490,卖盘
206,09:41:15,1.84,0.01,64,11741,买盘
207,09:41:18,1.83,-0.01,159,29098,卖盘
208,09:41:21,1.83,0.0,138,25254,卖盘
209,09:41:24,1.84,0.01,24,4394,买盘
210,09:41:27,1.84,0.0,70,12880,买盘
211,09:41:31,1.83,-0.01,600,109808,卖盘
212,09:41:33,1.83,0.0,3245,593871,卖盘
213,09:41:36,1.83,0.0,534,97756,卖盘
214,09:41:39,1.83,0.0,256,46854,卖盘
215,09:41:42,1.83,0.0,675,123525,卖盘
216,09:41:45,1.83,0.0,49,8976,卖盘
217,09:41:48,1.83,0.0,414,75762,卖盘
218,09:41:51,1.84,0.01,165,30200,买盘
219,09:41:54,1.83,-0.01,426,77958,卖盘
220,09:41:57,1.83,0.0,56,10264,卖盘
221,09:42:00,1.83,0.0,191,34953,卖盘
222,09:42:03,1.83,0.0,132,24156,卖盘
223,09:42:06,1.83,0.0,419,76687,卖盘
224,09:42:09,1.84,0.01,9,1656,买盘
225,09:42:12,1.83,-0.01,558,102136,卖盘
226,09:42:16,1.83,0.0,442,80900,卖盘
227,09:42:18,1.83,0.0,179,32757,卖盘
228,09:42:21,1.84,0.01,526,96270,买盘
229,09:42:24,1.83,-0.01,48,8800,卖盘
230,09:42:27,1.83,0.0,1298,237534,卖盘
231,09:42:30,1.83,0.0,141,25817,买盘
232,09:42:33,1.83,0.0,81,14823,卖盘
233,09:42:36,1.83,0.0,323,59109,买盘
234,09:42:39,1.83,0.0,1085,198555,卖盘
235,09:42:42,1.83,0.0,577,105613,卖盘
236,09:42:45,1.84,0.01,1421,261414,买盘
237,09:42:48,1.82,-0.02,587,107331,卖盘
238,09:42:51,1.83,0.01,43,7869,买盘
239,09:42:54,1.83,0.0,201,36783,买盘
240,09:42:57,1.83,0.0,44,8052,买盘
241,09:43:00,1.83,0.0,119,21777,买盘
242,09:43:03,1.83,0.0,60,10980,买盘
243,09:43:06,1.83,0.0,353,64539,买盘
244,09:43:09,1.83,0.0,320,58530,买盘
245,09:43:12,1.83,0.0,767,140351,买盘
246,09:43:16,1.83,0.0,192,35152,卖盘
247,09:43:18,1.83,0.0,64,11712,卖盘
248,09:43:21,1.84,0.01,142,25992,买盘
249,09:43:24,1.83,-0.01,112,20496,卖盘
250,09:43:27,1.83,0.0,368,67409,卖盘
251,09:43:31,1.83,0.0,2608,477272,卖盘
252,09:43:33,1.83,0.0,247,45256,卖盘
253,09:43:36,1.83,0.0,305,55820,卖盘
254,09:43:39,1.84,0.01,921,169245,买盘
255,09:43:42,1.84,0.0,396,72854,买盘
256,09:43:45,1.84,0.0,10,1840,买盘
257,09:43:48,1.84,0.0,111,20386,买盘
258,09:43:51,1.83,-0.01,609,112006,卖盘
259,09:43:54,1.83,0.0,437,80186,卖盘
260,09:43:57,1.84,0.01,12,2208,买盘
261,09:44:00,1.83,-0.01,4,732,卖盘
262,09:44:03,1.83,0.0,386,70638,卖盘
263,09:44:06,1.84,0.01,9,1656,买盘
264,09:44:09,1.83,-0.01,38,6954,卖盘
265,09:44:12,1.84,0.01,33,6072,买盘
266,09:44:15,1.83,-0.01,150,27450,卖盘
267,09:44:18,1.83,0.0,380,69545,卖盘
268,09:44:21,1.83,0.0,229,41945,卖盘
269,09:44:24,1.83,0.0,10,1830,卖盘
270,09:44:27,1.83,0.0,564,103273,卖盘
271,09:44:30,1.84,0.01,18,3312,买盘
272,09:44:33,1.84,0.0,330,60420,买盘
273,09:44:36,1.83,-0.01,141,25919,卖盘
274,09:44:42,1.83,0.0,190,34770,卖盘
275,09:44:45,1.84,0.01,6,1104,买盘
276,09:44:48,1.83,-0.01,127,23241,卖盘
277,09:44:52,1.83,0.0,100,18300,卖盘
278,09:44:54,1.84,0.01,55,10110,买盘
279,09:44:57,1.84,0.0,50,9200,买盘
280,09:45:00,1.84,0.0,20,3680,买盘
281,09:45:06,1.84,0.0,705,129705,买盘
282,09:45:09,1.83,-0.01,147,26918,卖盘
283,09:45:13,1.83,0.0,115,21145,卖盘
284,09:45:16,1.84,0.01,44,8096,买盘
285,09:45:18,1.84,0.0,20,3670,买盘
286,09:45:21,1.83,-0.01,400,73500,卖盘
287,09:45:24,1.84,0.01,254,46721,买盘
288,09:45:27,1.84,0.0,5,920,买盘
289,09:45:30,1.84,0.0,124,22816,买盘
290,09:45:33,1.84,0.0,137,25208,买盘
291,09:45:36,1.84,0.0,275,50600,买盘
292,09:45:39,1.83,-0.01,2694,493279,卖盘
293,09:45:43,1.84,0.01,86,15824,买盘
294,09:45:46,1.84,0.0,35,6440,买盘
295,09:45:48,1.83,-0.01,516,94727,卖盘
296,09:45:51,1.84,0.01,14,2576,买盘
297,09:45:54,1.84,0.0,5,920,买盘
298,09:45:57,1.83,-0.01,20,3660,卖盘
299,09:46:00,1.84,0.01,155,28512,买盘
300,09:46:04,1.84,0.0,392,72072,买盘
301,09:46:06,1.83,-0.01,85,15567,卖盘
302,09:46:09,1.83,0.0,1210,221430,卖盘
303,09:46:12,1.83,0.0,132,24183,卖盘
304,09:46:15,1.83,0.0,34,6222,卖盘
305,09:46:18,1.84,0.01,115,21160,买盘
306,09:46:21,1.84,0.0,26,4784,买盘
307,09:46:24,1.84,0.0,2,368,买盘
308,09:46:27,1.84,0.0,24,4416,买盘
309,09:46:31,1.83,-0.01,67,12278,卖盘
310,09:46:33,1.84,0.01,110,20230,买盘
311,09:46:36,1.83,-0.01,58,10614,卖盘
312,09:46:39,1.84,0.01,16,2944,买盘
313,09:46:45,1.83,-0.01,9,1647,卖盘
314,09:46:48,1.83,0.0,270,49510,卖盘
315,09:46:52,1.83,0.0,389,71196,卖盘
316,09:46:54,1.83,0.0,15,2757,卖盘
317,09:46:57,1.84,0.01,287,52806,买盘
318,09:47:00,1.84,0.0,91,16744,买盘
319,09:47:04,1.84,0.0,593,109112,买盘
320,09:47:06,1.84,0.0,19,3496,买盘
321,09:47:09,1.84,0.0,28,5152,买盘
322,09:47:13,1.84,0.0,813,149592,买盘
323,09:47:15,1.83,-0.01,76,13973,卖盘
324,09:47:18,1.84,0.01,131,24078,买盘
325,09:47:21,1.84,0.0,2775,510600,买盘
326,09:47:24,1.84,0.0,1151,211691,买盘
327,09:47:27,1.84,0.0,549,101052,买盘
328,09:47:30,1.85,0.01,17,3145,买盘
329,09:47:33,1.84,-0.01,158,29072,卖盘
330,09:47:36,1.85,0.01,6,1110,买盘
331,09:47:39,1.84,-0.01,10,1840,卖盘
332,09:47:48,1.85,0.01,3,555,买盘
333,09:47:51,1.84,-0.01,11,2025,卖盘
334,09:48:00,1.85,0.01,5,925,买盘
335,09:48:04,1.84,-0.01,300,55200,卖盘
336,09:48:06,1.85,0.01,121,22275,买盘
337,09:48:12,1.85,0.0,2,370,买盘
338,09:48:18,1.85,0.0,1,185,买盘
339,09:48:21,1.85,0.0,292,53832,买盘
340,09:48:24,1.85,0.0,87,16095,买盘
341,09:48:27,1.85,0.0,10,1850,买盘
342,09:48:30,1.85,0.0,337,62107,买盘
343,09:48:33,1.85,0.0,14,2590,买盘
344,09:48:36,1.85,0.0,50,9250,买盘
345,09:48:40,1.84,-0.01,2,368,卖盘
346,09:48:43,1.85,0.01,11,2035,买盘
347,09:48:45,1.85,0.0,10,1850,买盘
348,09:48:48,1.85,0.0,178,32930,买盘
349,09:48:51,1.85,0.0,8,1480,买盘
350,09:48:57,1.85,0.0,505,93425,买盘
351,09:49:00,1.85,0.0,23,4255,买盘
352,09:49:09,1.85,0.0,441,81585,买盘
353,09:49:12,1.85,0.0,160,29600,买盘
354,09:49:15,1.85,0.0,5,925,买盘
355,09:49:22,1.85,0.0,197,36372,买盘
356,09:49:24,1.85,0.0,18,3330,买盘
357,09:49:27,1.84,-0.01,132,24360,卖盘
358,09:49:36,1.85,0.01,5,925,买盘
359,09:49:39,1.85,0.0,17,3145,买盘
360,09:49:43,1.85,0.0,221,40683,买盘
361,09:49:45,1.85,0.0,35,6475,买盘
362,09:49:48,1.85,0.0,26,4810,买盘
363,09:49:51,1.85,0.0,28,5180,买盘
364,09:49:57,1.85,0.0,10,1842,买盘
365,09:50:00,1.85,0.0,11,2035,买盘
366,09:50:04,1.85,0.0,170,31450,买盘
367,09:50:06,1.85,0.0,8,1480,买盘
368,09:50:09,1.84,-0.01,10,1840,卖盘
369,09:50:12,1.84,0.0,609,112056,卖盘
370,09:50:15,1.85,0.01,20,3700,买盘
371,09:50:18,1.85,0.0,16,2960,买盘
372,09:50:21,1.84,-0.01,20,3680,卖盘
373,09:50:25,1.84,0.0,50,9200,卖盘
374,09:50:31,1.84,0.0,177,32568,卖盘
375,09:50:33,1.85,0.01,19,3515,买盘
376,09:50:36,1.85,0.0,6,1110,买盘
377,09:50:42,1.85,0.0,392,72138,买盘
378,09:50:46,1.85,0.0,13,2405,买盘
379,09:50:49,1.84,-0.01,139,25576,卖盘
380,09:50:52,1.84,0.0,305,56120,卖盘
381,09:50:54,1.85,0.01,14,2590,买盘
382,09:51:00,1.84,-0.01,11,2024,卖盘
383,09:51:03,1.85,0.01,105,19325,买盘
384,09:51:12,1.85,0.0,50,9250,买盘
385,09:51:15,1.85,0.0,4305,792125,买盘
386,09:51:18,1.85,0.0,134,24790,买盘
387,09:51:21,1.85,0.0,243,44955,买盘
388,09:51:24,1.85,0.0,83,15307,买盘
389,09:51:27,1.84,-0.01,100,18400,卖盘
390,09:51:30,1.85,0.01,5,925,买盘
391,09:51:33,1.85,0.0,26,4810,买盘
392,09:51:40,1.84,-0.01,381,70104,卖盘
393,09:51:42,1.84,0.0,28,5165,卖盘
394,09:51:45,1.85,0.01,1,185,买盘
395,09:51:48,1.84,-0.01,175,32373,卖盘
396,09:51:51,1.85,0.01,6,1110,买盘
397,09:51:54,1.84,-0.01,11,2024,卖盘
398,09:51:57,1.84,0.0,3,552,卖盘
399,09:52:04,1.84,0.0,200,36800,卖盘
400,09:52:06,1.84,0.0,2939,540870,卖盘
401,09:52:09,1.84,0.0,91,16744,买盘
402,09:52:15,1.83,-0.01,12,2206,卖盘
403,09:52:21,1.84,0.01,1066,196144,买盘
404,09:52:24,1.84,0.0,46,8501,卖盘
405,09:52:30,1.85,0.01,96,17667,买盘
406,09:52:33,1.84,-0.01,248,45632,卖盘
407,09:52:36,1.84,0.0,159,29268,卖盘
408,09:52:39,1.84,0.0,48,8837,卖盘
409,09:52:42,1.84,0.0,1,184,卖盘
410,09:52:46,1.83,-0.01,120,21960,卖盘
411,09:52:49,1.84,0.01,5,920,买盘
412,09:52:51,1.83,-0.01,15,2745,卖盘
413,09:52:54,1.84,0.01,69,12696,买盘
414,09:52:57,1.84,0.0,257,47288,买盘
415,09:53:00,1.84,0.0,41,7544,买盘
416,09:53:03,1.84,0.0,10,1840,买盘
417,09:53:09,1.83,-0.01,2,366,卖盘
418,09:53:12,1.84,0.01,71,13064,买盘
419,09:53:15,1.83,-0.01,40,7320,卖盘
420,09:53:18,1.84,0.01,220,40480,买盘
421,09:53:21,1.83,-0.01,17,3118,卖盘
422,09:53:24,1.84,0.01,404,74336,买盘
423,09:53:27,1.84,0.0,278,51152,买盘
424,09:53:30,1.83,-0.01,59,10806,卖盘
425,09:53:36,1.83,0.0,59,10844,卖盘
426,09:53:39,1.84,0.01,1,184,买盘
427,09:53:43,1.84,0.0,44,8096,买盘
428,09:53:45,1.84,0.0,765,140040,买盘
429,09:53:48,1.84,0.0,24,4416,买盘
430,09:53:51,1.84,0.0,134,24656,买盘
431,09:53:54,1.83,-0.01,311,56918,卖盘
432,09:53:57,1.84,0.01,9,1656,买盘
433,09:54:00,1.83,-0.01,100,18300,卖盘
434,09:54:06,1.83,0.0,31,5673,卖盘
435,09:54:09,1.84,0.01,10,1840,买盘
436,09:54:12,1.84,0.0,574,105576,买盘
437,09:54:15,1.84,0.0,18,3312,买盘
438,09:54:19,1.84,0.0,1692,311328,买盘
439,09:54:22,1.84,0.0,56,10304,买盘
440,09:54:24,1.83,-0.01,167,30694,卖盘
441,09:54:27,1.84,0.01,7074,1294549,买盘
442,09:54:30,1.84,0.0,250,46000,买盘
443,09:54:33,1.84,0.0,8,1472,买盘
444,09:54:36,1.83,-0.01,6,1098,卖盘
445,09:54:39,1.84,0.01,50,9200,买盘
446,09:54:45,1.83,-0.01,10,1830,卖盘
447,09:55:01,1.83,0.0,36,6588,卖盘
448,09:55:04,1.84,0.01,5,920,买盘
449,09:55:09,1.83,-0.01,900,164700,卖盘
450,09:55:12,1.83,0.0,131,24005,卖盘
451,09:55:15,1.83,0.0,592,108336,卖盘
452,09:55:19,1.84,0.01,22,4048,买盘
453,09:55:24,1.84,0.0,41,7544,买盘
454,09:55:30,1.83,-0.01,507,92781,卖盘
455,09:55:33,1.84,0.01,295,54003,买盘
456,09:55:36,1.84,0.0,12,2208,买盘
457,09:55:39,1.84,0.0,6,1100,买盘
458,09:55:42,1.83,-0.01,109,19947,卖盘
459,09:55:46,1.84,0.01,96,17614,买盘
460,09:55:48,1.84,0.0,30,5520,买盘
461,09:55:57,1.83,-0.01,745,136335,卖盘
462,09:56:00,1.84,0.01,261,47774,买盘
463,09:56:04,1.84,0.0,6,1104,买盘
464,09:56:15,1.83,-0.01,10,1830,卖盘
465,09:56:18,1.83,0.0,278,50874,卖盘
466,09:56:21,1.83,0.0,228,41730,卖盘
467,09:56:24,1.83,0.0,25,4579,卖盘
468,09:56:27,1.83,0.0,308,56372,卖盘
469,09:56:30,1.84,0.01,7,1288,买盘
470,09:56:39,1.83,-0.01,200,36600,卖盘
471,09:56:42,1.84,0.01,5,920,买盘
472,09:56:45,1.83,-0.01,264,48312,卖盘
473,09:56:48,1.84,0.01,5,920,买盘
474,09:56:52,1.83,-0.01,444,81253,卖盘
475,09:56:54,1.83,0.0,15,2755,卖盘
476,09:56:57,1.83,0.0,997,182451,卖盘
477,09:57:00,1.83,0.0,302,55309,卖盘
478,09:57:03,1.83,0.0,28,5130,卖盘
479,09:57:06,1.84,0.01,87,15924,买盘
480,09:57:09,1.83,-0.01,115,21045,卖盘
481,09:57:12,1.84,0.01,11,2018,买盘
482,09:57:18,1.83,-0.01,16,2928,卖盘
483,09:57:21,1.83,0.0,500,91500,卖盘
484,09:57:24,1.83,0.0,124,22716,卖盘
485,09:57:27,1.83,0.0,565,103526,卖盘
486,09:57:30,1.84,0.01,15,2760,买盘
487,09:57:39,1.83,-0.01,2,366,卖盘
488,09:57:48,1.83,0.0,134,24562,卖盘
489,09:57:51,1.83,0.0,452,82716,卖盘
490,09:57:54,1.84,0.01,40,7360,买盘
491,09:58:01,1.84,0.0,402,73568,买盘
492,09:58:04,1.83,-0.01,19,3477,卖盘
493,09:58:06,1.83,0.0,674,123342,买盘
494,09:58:09,1.83,0.0,522,95526,卖盘
495,09:58:12,1.84,0.01,31,5684,买盘
496,09:58:27,1.83,-0.01,151,27633,卖盘
497,09:58:30,1.83,0.0,160,29280,卖盘
498,09:58:33,1.83,0.0,237,43378,卖盘
499,09:58:36,1.84,0.01,116,21244,买盘
500,09:58:42,1.83,-0.01,10,1830,卖盘
501,09:58:48,1.83,0.0,183,33489,卖盘
502,09:58:51,1.84,0.01,168,30912,买盘
503,09:58:57,1.83,-0.01,1304,238636,卖盘
504,09:59:00,1.83,0.0,81,14854,卖盘
505,09:59:06,1.84,0.01,253,46351,买盘
506,09:59:09,1.84,0.0,14,2576,买盘
507,09:59:12,1.83,-0.01,790,144570,卖盘
508,09:59:15,1.84,0.01,16,2944,买盘
509,09:59:18,1.83,-0.01,7,1281,卖盘
510,09:59:21,1.83,0.0,4,732,卖盘
511,09:59:24,1.83,0.0,128,23424,卖盘
512,09:59:31,1.83,0.0,33,6039,卖盘
513,09:59:33,1.83,0.0,70,12810,卖盘
514,09:59:36,1.84,0.01,86,15744,买盘
515,09:59:39,1.83,-0.01,46,8418,卖盘
516,09:59:42,1.83,0.0,69,12627,卖盘
517,09:59:45,1.83,0.0,100,18300,卖盘
518,09:59:48,1.84,0.01,6,1104,买盘
519,09:59:51,1.84,0.0,1942,357328,买盘
520,09:59:54,1.84,0.0,140,25660,买盘
521,10:00:00,1.83,-0.01,50,9150,卖盘
522,10:00:03,1.83,0.0,151,27638,卖盘
523,10:00:06,1.84,0.01,130,23851,买盘
524,10:00:12,1.83,-0.01,60,10980,卖盘
525,10:00:16,1.83,0.0,20,3660,卖盘
526,10:00:21,1.83,0.0,26,4758,卖盘
527,10:00:24,1.84,0.01,1,184,买盘
528,10:00:27,1.83,-0.01,19,3477,卖盘
529,10:00:30,1.83,0.0,125,22880,卖盘
530,10:00:37,1.84,0.01,183,33672,买盘
531,10:00:42,1.84,0.0,90,16560,买盘
532,10:00:45,1.84,0.0,137,25208,买盘
533,10:00:48,1.84,0.0,4,736,买盘
534,10:00:54,1.84,0.0,5,920,买盘
535,10:00:57,1.83,-0.01,140,25751,卖盘
536,10:01:00,1.84,0.01,105,19301,买盘
537,10:01:04,1.83,-0.01,7249,1333807,卖盘
538,10:01:06,1.84,0.01,329,60536,买盘
539,10:01:09,1.84,0.0,83,15202,买盘
540,10:01:12,1.83,-0.01,87,15925,卖盘
541,10:01:15,1.84,0.01,130,23920,买盘
542,10:01:18,1.84,0.0,56,10304,买盘
543,10:01:21,1.83,-0.01,745,136340,卖盘
544,10:01:25,1.84,0.01,213,39192,买盘
545,10:01:27,1.84,0.0,101,18584,买盘
546,10:01:30,1.84,0.0,226,41584,买盘
547,10:01:33,1.83,-0.01,179,32763,卖盘
548,10:01:39,1.84,0.01,112,20563,买盘
549,10:01:42,1.83,-0.01,75,13727,卖盘
550,10:01:45,1.84,0.01,2,368,买盘
551,10:01:51,1.84,0.0,52,9568,买盘
552,10:01:55,1.84,0.0,411,75624,买盘
553,10:01:57,1.84,0.0,9,1656,买盘
554,10:02:00,1.84,0.0,279,51336,买盘
555,10:02:03,1.84,0.0,11,2019,买盘
556,10:02:06,1.84,0.0,430,79120,买盘
557,10:02:09,1.84,0.0,1146,210664,买盘
558,10:02:12,1.85,0.01,24,4440,买盘
559,10:02:18,1.85,0.0,86,15910,买盘
560,10:02:21,1.85,0.0,2,370,买盘
561,10:02:24,1.84,-0.01,10,1840,卖盘
562,10:02:27,1.84,0.0,13,2403,卖盘
563,10:02:33,1.85,0.01,2,370,买盘
564,10:02:36,1.84,-0.01,5,920,卖盘
565,10:02:42,1.85,0.01,12,2220,买盘
566,10:02:49,1.85,0.0,5,925,买盘
567,10:02:54,1.84,-0.01,26,4784,卖盘
568,10:03:18,1.84,0.0,10,1840,卖盘
569,10:03:21,1.84,0.0,60,11040,卖盘
570,10:03:24,1.85,0.01,3,555,买盘
571,10:03:31,1.84,-0.01,8,1472,卖盘
572,10:03:39,1.85,0.01,5,925,买盘
573,10:03:45,1.84,-0.01,540,99441,卖盘
574,10:03:48,1.85,0.01,13,2404,买盘
575,10:03:57,1.85,0.0,1,185,买盘
576,10:04:00,1.84,-0.01,67,12328,卖盘
577,10:04:04,1.85,0.01,64,11790,买盘
578,10:04:06,1.85,0.0,1840,338567,买盘
579,10:04:09,1.85,0.0,140,25800,买盘
580,10:04:12,1.84,-0.01,30,5520,卖盘
581,10:04:18,1.84,0.0,80,14720,卖盘
582,10:04:21,1.85,0.01,6,1110,买盘
583,10:04:24,1.85,0.0,29,5345,买盘
584,10:04:30,1.85,0.0,1,185,买盘
585,10:04:33,1.84,-0.01,1,184,卖盘
586,10:04:39,1.84,0.0,16,2944,卖盘
587,10:04:42,1.84,0.0,399,73416,卖盘
588,10:04:45,1.84,0.0,189,34785,卖盘
589,10:04:51,1.85,0.01,91,16746,买盘
590,10:04:55,1.85,0.0,12,2220,买盘
591,10:05:15,1.85,0.0,7,1295,买盘
592,10:05:25,1.84,-0.01,8,1473,卖盘
593,10:05:27,1.84,0.0,5,920,卖盘
594,10:05:30,1.84,0.0,7,1288,卖盘
595,10:05:33,1.84,0.0,200,36800,卖盘
596,10:05:36,1.85,0.01,5,925,买盘
597,10:05:45,1.84,-0.01,2,368,卖盘
598,10:05:54,1.84,0.0,187,34490,卖盘
599,10:06:03,1.84,0.0,2,368,卖盘
600,10:06:06,1.85,0.01,27,4995,买盘
601,10:06:09,1.84,-0.01,800,147200,卖盘
602,10:06:12,1.84,0.0,281,51725,卖盘
603,10:06:15,1.85,0.01,36,6630,买盘
604,10:06:33,1.85,0.0,239,44014,买盘
605,10:06:36,1.84,-0.01,105,19325,卖盘
606,10:06:39,1.85,0.01,10,1850,买盘
607,10:06:45,1.85,0.0,11,2035,买盘
608,10:06:48,1.84,-0.01,10,1840,卖盘
609,10:06:51,1.85,0.01,200,37000,买盘
610,10:06:54,1.85,0.0,7,1295,买盘
611,10:07:10,1.84,-0.01,24,4416,卖盘
612,10:07:12,1.85,0.01,132,24352,买盘
613,10:07:18,1.85,0.0,9,1665,买盘
614,10:07:21,1.85,0.0,4,740,买盘
615,10:07:30,1.85,0.0,118,21830,买盘
616,10:07:33,1.85,0.0,626,115190,买盘
617,10:07:36,1.85,0.0,14,2590,买盘
618,10:07:39,1.84,-0.01,1976,363584,卖盘
619,10:07:42,1.85,0.01,59,10915,买盘
620,10:07:48,1.84,-0.01,30,5520,卖盘
621,10:07:51,1.84,0.0,2,368,卖盘
622,10:07:54,1.84,0.0,10,1840,卖盘
623,10:08:04,1.85,0.01,766,141710,买盘
624,10:08:06,1.85,0.0,18,3330,买盘
625,10:08:09,1.84,-0.01,3,552,卖盘
626,10:08:12,1.85,0.01,2,370,买盘
627,10:08:15,1.84,-0.01,15,2760,卖盘
628,10:08:18,1.85,0.01,20,3700,买盘
629,10:08:22,1.85,0.0,10,1850,买盘
630,10:08:25,1.84,-0.01,100,18400,卖盘
631,10:08:42,1.84,0.0,50,9200,卖盘
632,10:08:46,1.85,0.01,10,1841,买盘
633,10:08:48,1.84,-0.01,5,920,卖盘
634,10:08:51,1.85,0.01,1,185,买盘
635,10:08:54,1.84,-0.01,203,37352,卖盘
636,10:08:57,1.85,0.01,23,4255,买盘
637,10:09:00,1.85,0.0,55,10175,买盘
638,10:09:03,1.85,0.0,7,1295,买盘
639,10:09:06,1.85,0.0,408,75480,买盘
640,10:09:09,1.85,0.0,13,2405,买盘
641,10:09:15,1.85,0.0,1,185,买盘
642,10:09:18,1.84,-0.01,18,3313,卖盘
643,10:09:33,1.84,0.0,45,8323,卖盘
644,10:09:36,1.85,0.01,74,13661,买盘
645,10:09:39,1.85,0.0,3,555,买盘
646,10:09:42,1.84,-0.01,88,16200,卖盘
647,10:09:45,1.85,0.01,3,555,买盘
648,10:09:48,1.84,-0.01,13,2402,卖盘
649,10:09:51,1.84,0.0,2,368,卖盘
650,10:09:54,1.85,0.01,14,2590,买盘
651,10:10:00,1.85,0.0,20,3700,买盘
652,10:10:04,1.85,0.0,39,7215,买盘
653,10:10:06,1.84,-0.01,11,2025,卖盘
654,10:10:24,1.84,0.0,6,1104,卖盘
655,10:10:27,1.85,0.01,1,185,买盘
656,10:10:30,1.84,-0.01,2,368,卖盘
657,10:10:36,1.85,0.01,10,1850,买盘
658,10:10:42,1.84,-0.01,88,16192,卖盘
659,10:10:45,1.85,0.01,3,555,买盘
660,10:10:51,1.84,-0.01,3,552,卖盘
661,10:11:00,1.85,0.01,70,12950,买盘
662,10:11:04,1.85,0.0,14,2590,买盘
663,10:11:15,1.85,0.0,424,78400,买盘
664,10:11:18,1.85,0.0,14,2590,买盘
665,10:11:21,1.85,0.0,50,9250,买盘
666,10:11:25,1.85,0.0,2,370,买盘
667,10:11:30,1.84,-0.01,110,20240,卖盘
668,10:11:33,1.85,0.01,3,555,买盘
669,10:11:42,1.85,0.0,136,25160,买盘
670,10:11:45,1.85,0.0,5,925,买盘
671,10:11:48,1.84,-0.01,10,1840,卖盘
672,10:11:52,1.84,0.0,80,14720,卖盘
673,10:11:54,1.85,0.01,3,555,买盘
674,10:12:09,1.85,0.0,9,1665,买盘
675,10:12:33,1.85,0.0,100,18500,买盘
676,10:12:37,1.85,0.0,3,555,买盘
677,10:12:39,1.84,-0.01,94,17296,卖盘
678,10:12:43,1.85,0.01,51,9435,买盘
679,10:12:51,1.84,-0.01,25,4600,卖盘
680,10:12:54,1.85,0.01,1,185,买盘
681,10:13:00,1.84,-0.01,20,3680,卖盘
682,10:13:03,1.85,0.01,64,11779,买盘
683,10:13:06,1.85,0.0,9,1665,买盘
684,10:13:16,1.85,0.0,27,4970,买盘
685,10:13:18,1.84,-0.01,6004,1104739,卖盘
686,10:13:21,1.85,0.01,186,34410,买盘
687,10:13:24,1.85,0.0,6,1110,买盘
688,10:13:36,1.85,0.0,40,7400,买盘
689,10:13:39,1.84,-0.01,10,1840,卖盘
690,10:13:42,1.84,0.0,31,5704,卖盘
691,10:13:48,1.84,0.0,35,6440,卖盘
692,10:13:51,1.84,0.0,700,128800,卖盘
693,10:13:54,1.85,0.01,25,4625,买盘
694,10:13:57,1.84,-0.01,200,36800,卖盘
695,10:14:00,1.85,0.01,8,1480,买盘
696,10:14:04,1.85,0.0,276,50794,买盘
697,10:14:06,1.84,-0.01,186,34224,卖盘
698,10:14:09,1.85,0.01,532,98405,买盘
699,10:14:12,1.84,-0.01,44,8112,中性盘
700,10:14:15,1.84,0.0,7,1288,买盘
701,10:14:18,1.84,0.0,10,1840,买盘
702,10:14:21,1.84,0.0,40,7360,买盘
703,10:14:24,1.84,0.0,3,552,买盘
704,10:14:30,1.84,0.0,148,27232,买盘
705,10:14:33,1.84,0.0,258,47472,买盘
706,10:14:36,1.84,0.0,14,2576,买盘
707,10:14:39,1.84,0.0,14,2576,买盘
708,10:14:42,1.83,-0.01,120,22008,卖盘
709,10:14:45,1.84,0.01,5,920,中性盘
710,10:14:48,1.83,-0.01,15,2755,卖盘
711,10:14:51,1.84,0.01,5,920,买盘
712,10:14:54,1.84,0.0,76,13984,卖盘
713,10:15:00,1.84,0.0,31,5704,买盘
714,10:15:09,1.84,0.0,132,24288,卖盘
715,10:15:12,1.85,0.01,8,1480,买盘
716,10:15:18,1.84,-0.01,27,4968,卖盘
717,10:15:21,1.84,0.0,178,32752,卖盘
718,10:15:25,1.84,0.0,7,1288,买盘
719,10:15:27,1.84,0.0,5,920,买盘
720,10:15:30,1.85,0.01,31,5705,买盘
721,10:15:33,1.84,-0.01,55,10120,卖盘
722,10:15:36,1.84,0.0,72,13248,买盘
723,10:15:40,1.84,0.0,5,920,买盘
724,10:15:43,1.84,0.0,15,2760,买盘
725,10:15:46,1.84,0.0,23,4232,买盘
726,10:15:54,1.84,0.0,5,920,卖盘
727,10:15:57,1.84,0.0,104,19136,卖盘
728,10:16:00,1.85,0.01,107,19695,买盘
729,10:16:09,1.84,-0.01,13,2392,卖盘
730,10:16:12,1.85,0.01,5,922,买盘
731,10:16:15,1.84,-0.01,7,1288,卖盘
732,10:16:25,1.85,0.01,2,370,买盘
733,10:16:30,1.84,-0.01,191,35144,卖盘
734,10:16:33,1.85,0.01,110,20250,买盘
735,10:16:42,1.85,0.0,20,3700,买盘
736,10:16:51,1.85,0.0,581,107414,买盘
737,10:16:54,1.84,-0.01,22,4069,卖盘
738,10:17:00,1.85,0.01,5,925,买盘
739,10:17:12,1.85,0.0,378,69930,买盘
740,10:17:16,1.85,0.0,13,2405,买盘
741,10:17:22,1.84,-0.01,201,37184,卖盘
742,10:17:25,1.85,0.01,7,1295,买盘
743,10:17:27,1.84,-0.01,40,7360,卖盘
744,10:17:36,1.84,0.0,147,27111,卖盘
745,10:17:39,1.84,0.0,24,4422,卖盘
746,10:17:42,1.84,0.0,9,1656,卖盘
747,10:17:54,1.84,0.0,66,12147,卖盘
748,10:17:57,1.85,0.01,91,16835,买盘
749,10:18:00,1.85,0.0,6,1110,买盘
750,10:18:15,1.85,0.0,95,17575,买盘
751,10:18:18,1.85,0.0,3,555,买盘
752,10:18:21,1.85,0.0,50,9250,买盘
753,10:18:25,1.85,0.0,47,8695,买盘
754,10:18:28,1.85,0.0,6,1110,买盘
755,10:18:31,1.84,-0.01,2,368,卖盘
756,10:18:45,1.85,0.01,65,11976,买盘
757,10:19:00,1.85,0.0,110,20260,买盘
758,10:19:04,1.85,0.0,6,1110,买盘
759,10:19:16,1.85,0.0,10,1850,买盘
760,10:19:21,1.84,-0.01,507,93288,卖盘
761,10:19:24,1.85,0.01,16,2960,买盘
762,10:19:33,1.84,-0.01,142,26128,卖盘
763,10:19:36,1.85,0.01,5,925,买盘
764,10:19:39,1.84,-0.01,50,9200,卖盘
765,10:19:49,1.85,0.01,25,4620,买盘
766,10:19:54,1.84,-0.01,140,25760,卖盘
767,10:19:57,1.85,0.01,6,1110,买盘
768,10:20:13,1.84,-0.01,156,28704,卖盘
769,10:20:15,1.85,0.01,5,925,买盘
770,10:20:24,1.85,0.0,100,18500,买盘
771,10:20:27,1.85,0.0,22,4070,买盘
772,10:20:30,1.84,-0.01,40,7360,卖盘
773,10:20:33,1.84,0.0,7,1294,卖盘
774,10:20:36,1.84,0.0,328,60352,卖盘
775,10:20:40,1.85,0.01,10,1850,买盘
776,10:20:48,1.85,0.0,29,5365,买盘
777,10:21:04,1.84,-0.01,174,32090,卖盘
778,10:21:06,1.85,0.01,185,34047,买盘
779,10:21:10,1.85,0.0,5,925,买盘
780,10:21:15,1.84,-0.01,42,7728,卖盘
781,10:21:42,1.85,0.01,100,18500,买盘
782,10:21:45,1.85,0.0,5,925,买盘
783,10:22:06,1.84,-0.01,27,4968,卖盘
784,10:22:10,1.84,0.0,11,2024,卖盘
785,10:22:12,1.84,0.0,47,8648,卖盘
786,10:22:15,1.85,0.01,40,7390,买盘
787,10:22:27,1.84,-0.01,10,1840,卖盘
788,10:22:34,1.85,0.01,42,7770,买盘
789,10:22:36,1.84,-0.01,25,4605,卖盘
790,10:22:39,1.85,0.01,1,185,买盘
791,10:22:42,1.84,-0.01,165,30360,卖盘
792,10:22:45,1.85,0.01,31,5735,买盘
793,10:22:57,1.85,0.0,6,1110,买盘
794,10:23:03,1.85,0.0,181,33314,买盘
795,10:23:06,1.85,0.0,7,1295,买盘
796,10:23:15,1.85,0.0,11,2035,买盘
797,10:23:37,1.85,0.0,19,3515,买盘
798,10:23:40,1.84,-0.01,4,736,卖盘
799,10:23:48,1.85,0.01,14,2590,买盘
800,10:23:51,1.85,0.0,1,185,买盘
801,10:24:00,1.85,0.0,231,42735,买盘
802,10:24:03,1.85,0.0,9,1665,买盘
803,10:24:09,1.85,0.0,3,555,买盘
804,10:24:15,1.84,-0.01,15,2765,卖盘
805,10:24:18,1.85,0.01,62,11470,买盘
806,10:24:21,1.85,0.0,467,86395,买盘
807,10:24:24,1.85,0.0,33,6105,买盘
808,10:24:48,1.84,-0.01,50,9200,卖盘
809,10:24:52,1.85,0.01,71,13135,买盘
810,10:24:54,1.85,0.0,5,925,买盘
811,10:25:00,1.85,0.0,100,18500,买盘
812,10:25:07,1.84,-0.01,120,22080,卖盘
813,10:25:09,1.85,0.01,25,4625,买盘
814,10:25:15,1.85,0.0,97,17945,买盘
815,10:25:25,1.84,-0.01,145,26763,卖盘
816,10:25:27,1.85,0.01,8,1480,买盘
817,10:25:30,1.84,-0.01,50,9200,卖盘
818,10:25:36,1.84,0.0,20,3680,卖盘
819,10:25:39,1.84,0.0,59,10914,卖盘
820,10:25:51,1.85,0.01,80,14800,买盘
821,10:25:55,1.85,0.0,29,5365,买盘
822,10:25:57,1.85,0.0,20,3700,买盘
823,10:26:09,1.85,0.0,7,1295,买盘
824,10:26:12,1.85,0.0,6,1110,买盘
825,10:26:15,1.85,0.0,80,14800,买盘
826,10:26:18,1.85,0.0,101,18685,买盘
827,10:26:21,1.85,0.0,7,1295,买盘
828,10:26:27,1.84,-0.01,35,6440,卖盘
829,10:26:30,1.84,0.0,48,8868,卖盘
830,10:26:49,1.84,0.0,122,22448,卖盘
831,10:26:51,1.85,0.01,109,20165,买盘
832,10:26:55,1.85,0.0,17,3145,买盘
833,10:27:00,1.85,0.0,51,9435,买盘
834,10:27:03,1.84,-0.01,507,93295,卖盘
835,10:27:06,1.85,0.01,216,39960,买盘
836,10:27:09,1.85,0.0,7,1295,买盘
837,10:27:12,1.85,0.0,200,37000,买盘
838,10:27:16,1.85,0.0,108,19980,买盘
839,10:27:21,1.85,0.0,10,1850,买盘
840,10:27:24,1.84,-0.01,100,18400,卖盘
841,10:27:27,1.85,0.01,100,18433,买盘
842,10:27:30,1.85,0.0,10,1850,买盘
843,10:27:33,1.85,0.0,10,1850,买盘
844,10:27:39,1.84,-0.01,10,1840,卖盘
845,10:27:42,1.84,0.0,50,9200,卖盘
846,10:27:45,1.85,0.01,13,2405,买盘
847,10:27:48,1.85,0.0,5,925,买盘
848,10:27:54,1.85,0.0,357,65945,买盘
849,10:27:57,1.85,0.0,12,2220,买盘
850,10:28:00,1.84,-0.01,161,29624,卖盘
851,10:28:04,1.85,0.01,5,925,买盘
852,10:28:09,1.85,0.0,500,92500,买盘
853,10:28:12,1.85,0.0,41,7585,买盘
854,10:28:15,1.85,0.0,89,16465,买盘
855,10:28:21,1.85,0.0,1188,219759,买盘
856,10:28:24,1.85,0.0,40,7400,买盘
857,10:28:28,1.85,0.0,145,26825,买盘
858,10:28:31,1.85,0.0,28,5180,买盘
859,10:28:34,1.85,0.0,147,27195,买盘
860,10:28:36,1.85,0.0,47,8695,买盘
861,10:28:39,1.85,0.0,7326,1355310,买盘
862,10:28:42,1.86,0.01,228,42407,买盘
863,10:28:45,1.86,0.0,7,1302,买盘
864,10:29:00,1.85,-0.01,50,9250,卖盘
865,10:29:04,1.86,0.01,292,54312,买盘
866,10:29:07,1.86,0.0,21,3906,买盘
867,10:29:09,1.86,0.0,65,12090,买盘
868,10:29:12,1.86,0.0,106,19716,买盘
869,10:29:15,1.86,0.0,6,1116,买盘
870,10:29:21,1.86,0.0,300,55800,买盘
871,10:29:24,1.85,-0.01,182,33780,卖盘
872,10:29:27,1.86,0.01,17,3162,买盘
873,10:29:36,1.86,0.0,775,144150,买盘
874,10:29:39,1.86,0.0,25,4650,买盘
875,10:29:42,1.86,0.0,69,12834,买盘
876,10:29:45,1.86,0.0,153,28458,买盘
877,10:29:48,1.86,0.0,7,1302,买盘
878,10:29:51,1.86,0.0,856,159216,买盘
879,10:29:55,1.86,0.0,127,23622,买盘
880,10:29:57,1.86,0.0,442,82212,买盘
881,10:30:00,1.86,0.0,357,66402,买盘
882,10:30:04,1.87,0.01,3355,624041,买盘
883,10:30:18,1.87,0.0,6,1122,买盘
884,10:30:24,1.87,0.0,77,14399,买盘
885,10:30:27,1.86,-0.01,131,24490,卖盘
886,10:30:36,1.86,0.0,21,3922,卖盘
887,10:30:39,1.87,0.01,20,3740,买盘
888,10:30:45,1.87,0.0,101,18887,买盘
889,10:30:48,1.87,0.0,2014,376618,买盘
890,10:30:51,1.87,0.0,61,11407,买盘
891,10:30:54,1.87,0.0,151,28237,买盘
892,10:30:57,1.87,0.0,114,21318,买盘
893,10:31:00,1.87,0.0,66,12331,买盘
894,10:31:04,1.87,0.0,131,24497,买盘
895,10:31:06,1.87,0.0,207,38709,买盘
896,10:31:09,1.87,0.0,835,156145,买盘
897,10:31:12,1.87,0.0,455,85085,买盘
898,10:31:15,1.87,0.0,364,68068,买盘
899,10:31:18,1.87,0.0,230,43010,买盘
900,10:31:21,1.86,-0.01,397,74236,卖盘
901,10:31:24,1.87,0.01,265,49555,买盘
902,10:31:27,1.87,0.0,138,25806,买盘
903,10:31:31,1.88,0.01,255,47689,买盘
904,10:31:33,1.86,-0.02,703,131396,卖盘
905,10:31:39,1.87,0.01,49,9162,买盘
906,10:31:42,1.87,0.0,19,3553,卖盘
907,10:31:46,1.87,0.0,270,50490,卖盘
908,10:31:48,1.88,0.01,1068,199741,买盘
909,10:31:51,1.88,0.0,66,12367,买盘
910,10:31:54,1.87,-0.01,2,374,买盘
911,10:32:00,1.87,0.0,222,41514,买盘
912,10:32:03,1.87,0.0,73,13651,买盘
913,10:32:06,1.88,0.01,117,21894,买盘
914,10:32:09,1.87,-0.01,36,6732,卖盘
915,10:32:12,1.86,-0.01,676,126402,卖盘
916,10:32:16,1.88,0.02,10,1880,买盘
917,10:32:18,1.87,-0.01,73,13657,卖盘
918,10:32:21,1.87,0.0,223,41701,买盘
919,10:32:24,1.88,0.01,34,6360,买盘
920,10:32:27,1.87,-0.01,6,1122,中性盘
921,10:32:33,1.87,0.0,93,17391,卖盘
922,10:32:39,1.87,0.0,37,6919,买盘
923,10:32:42,1.87,0.0,11,2057,买盘
924,10:32:45,1.86,-0.01,10,1860,卖盘
925,10:32:54,1.86,0.0,27,5022,卖盘
926,10:33:03,1.87,0.01,57,10659,买盘
927,10:33:06,1.87,0.0,78,14586,买盘
928,10:33:12,1.87,0.0,88,16456,买盘
929,10:33:15,1.86,-0.01,19,3534,卖盘
930,10:33:18,1.87,0.01,34,6358,买盘
931,10:33:31,1.87,0.0,132,24684,买盘
932,10:33:39,1.87,0.0,1300,243100,买盘
933,10:33:42,1.87,0.0,44,8228,买盘
934,10:33:45,1.87,0.0,1023,191301,买盘
935,10:33:48,1.88,0.01,32,6016,买盘
936,10:33:51,1.87,-0.01,34,6358,卖盘
937,10:33:57,1.88,0.01,2000,376000,买盘
938,10:34:01,1.88,0.0,62,11656,买盘
939,10:34:04,1.87,-0.01,11,2057,卖盘
940,10:34:06,1.88,0.01,25,4700,买盘
941,10:34:15,1.88,0.0,154,28918,买盘
942,10:34:18,1.87,-0.01,13,2439,卖盘
943,10:34:24,1.87,0.0,62,11594,卖盘
944,10:34:27,1.88,0.01,5,940,买盘
945,10:34:33,1.88,0.0,1,188,买盘
946,10:34:37,1.88,0.0,162,30456,买盘
947,10:34:39,1.88,0.0,7,1316,买盘
948,10:34:51,1.87,-0.01,38,7106,卖盘
949,10:34:54,1.88,0.01,14,2632,买盘
950,10:34:57,1.88,0.0,20,3760,买盘
951,10:35:06,1.88,0.0,10,1880,买盘
952,10:35:09,1.88,0.0,44,8272,买盘
953,10:35:15,1.88,0.0,33,6204,买盘
954,10:35:18,1.88,0.0,844,158672,买盘
955,10:35:21,1.88,0.0,45,8440,买盘
956,10:35:33,1.88,0.0,7,1316,买盘
957,10:35:36,1.87,-0.01,30,5610,卖盘
958,10:35:45,1.88,0.01,10,1880,买盘
959,10:35:48,1.88,0.0,10,1880,买盘
960,10:35:51,1.88,0.0,44,8272,买盘
961,10:35:55,1.88,0.0,5,940,买盘
962,10:36:04,1.88,0.0,3,564,买盘
963,10:36:06,1.88,0.0,90,16920,买盘
964,10:36:09,1.87,-0.01,70,13100,卖盘
965,10:36:12,1.88,0.01,48,9024,买盘
966,10:36:33,1.87,-0.01,75,14031,卖盘
967,10:36:36,1.88,0.01,48,9024,买盘
968,10:36:39,1.88,0.0,5,940,买盘
969,10:36:45,1.87,-0.01,220,41160,卖盘
970,10:36:48,1.88,0.01,7,1316,买盘
971,10:36:51,1.88,0.0,205,38490,买盘
972,10:36:54,1.88,0.0,18,3384,买盘
973,10:37:01,1.87,-0.01,8,1496,卖盘
974,10:37:04,1.87,0.0,50,9350,卖盘
975,10:37:06,1.87,0.0,30,5610,卖盘
976,10:37:09,1.88,0.01,689,129532,买盘
977,10:37:12,1.87,-0.01,154,28821,卖盘
978,10:37:15,1.88,0.01,5,940,买盘
979,10:37:30,1.87,-0.01,50,9350,卖盘
980,10:37:33,1.88,0.01,1,188,买盘
981,10:37:37,1.88,0.0,10,1880,买盘
982,10:37:39,1.87,-0.01,7,1309,卖盘
983,10:37:42,1.88,0.01,126,23564,买盘
984,10:37:45,1.88,0.0,6,1128,买盘
985,10:37:48,1.87,-0.01,57,10701,卖盘
986,10:37:54,1.87,0.0,454,84898,卖盘
987,10:37:57,1.88,0.01,16,3008,买盘
988,10:38:00,1.87,-0.01,410,76670,卖盘
989,10:38:04,1.88,0.01,13,2444,买盘
990,10:38:06,1.87,-0.01,18,3366,卖盘
991,10:38:13,1.87,0.0,69,12903,卖盘
992,10:38:19,1.87,0.0,1070,200090,卖盘
993,10:38:21,1.88,0.01,35,6580,买盘
994,10:38:24,1.87,-0.01,30,5620,卖盘
995,10:38:27,1.88,0.01,850,158992,买盘
996,10:38:30,1.88,0.0,131,24528,买盘
997,10:38:36,1.87,-0.01,116,21692,卖盘
998,10:38:39,1.87,0.0,903,168869,卖盘
999,10:38:42,1.88,0.01,71,13304,买盘
1000,10:38:45,1.87,-0.01,813,152031,卖盘
1001,10:38:48,1.87,0.0,27,5049,买盘
1002,10:38:51,1.87,0.0,32,5984,买盘
1003,10:38:57,1.87,0.0,100,18700,买盘
1004,10:39:00,1.87,0.0,5,935,买盘
1005,10:39:03,1.87,0.0,10,1870,买盘
1006,10:39:06,1.87,0.0,7,1309,买盘
1007,10:39:24,1.86,-0.01,230,42780,卖盘
1008,10:39:27,1.87,0.01,8,1496,买盘
1009,10:39:48,1.86,-0.01,10,1860,卖盘
1010,10:40:09,1.87,0.01,4,748,买盘
1011,10:40:12,1.86,-0.01,52,9722,卖盘
1012,10:40:15,1.86,0.0,100,18600,卖盘
1013,10:40:18,1.87,0.01,5,935,买盘
1014,10:40:21,1.87,0.0,1,187,买盘
1015,10:40:24,1.87,0.0,17,3179,买盘
1016,10:40:37,1.87,0.0,2,374,买盘
1017,10:40:48,1.87,0.0,120,22440,买盘
1018,10:40:51,1.87,0.0,5,935,买盘
1019,10:40:58,1.86,-0.01,40,7440,卖盘
1020,10:41:12,1.87,0.01,120,22440,买盘
1021,10:41:15,1.87,0.0,14,2618,买盘
1022,10:41:24,1.87,0.0,29,5423,买盘
1023,10:41:27,1.87,0.0,96,17952,买盘
1024,10:41:36,1.87,0.0,26,4862,买盘
1025,10:41:39,1.87,0.0,19,3553,买盘
1026,10:41:42,1.87,0.0,10,1870,买盘
1027,10:41:55,1.86,-0.01,25,4650,卖盘
1028,10:41:58,1.87,0.01,9,1683,买盘
1029,10:42:01,1.87,0.0,282,52734,买盘
1030,10:42:04,1.87,0.0,10,1870,买盘
1031,10:42:18,1.87,0.0,11,2057,买盘
1032,10:42:21,1.86,-0.01,10,1860,卖盘
1033,10:42:27,1.87,0.01,259,48433,买盘
1034,10:42:30,1.86,-0.01,36,6705,卖盘
1035,10:43:04,1.86,0.0,18,3348,卖盘
1036,10:43:24,1.86,0.0,20,3720,卖盘
1037,10:43:36,1.86,0.0,42,7812,卖盘
1038,10:43:39,1.87,0.01,750,140250,买盘
1039,10:43:42,1.87,0.0,80,14906,买盘
1040,10:44:13,1.87,0.0,12,2244,买盘
1041,10:44:15,1.87,0.0,105,19635,买盘
1042,10:44:18,1.87,0.0,6,1122,买盘
1043,10:44:24,1.87,0.0,38,7106,买盘
1044,10:44:46,1.87,0.0,100,18700,买盘
1045,10:44:48,1.87,0.0,34,6329,买盘
1046,10:45:04,1.87,0.0,536,100232,买盘
1047,10:45:06,1.87,0.0,97,18139,买盘
1048,10:45:09,1.87,0.0,70,13090,买盘
1049,10:45:12,1.87,0.0,16,2992,买盘
1050,10:45:18,1.87,0.0,1000,187000,买盘
1051,10:45:21,1.87,0.0,31,5797,买盘
1052,10:45:27,1.87,0.0,2610,488070,买盘
1053,10:45:31,1.87,0.0,178,33277,买盘
1054,10:45:33,1.87,0.0,335,62645,买盘
1055,10:45:36,1.87,0.0,915,171105,买盘
1056,10:45:40,1.87,0.0,57,10629,买盘
1057,10:45:43,1.87,0.0,88,16456,买盘
1058,10:45:45,1.88,0.01,5,940,买盘
1059,10:45:48,1.87,-0.01,50,9350,卖盘
1060,10:46:00,1.88,0.01,730,137240,买盘
1061,10:46:04,1.88,0.0,119,22342,买盘
1062,10:46:06,1.88,0.0,3,564,买盘
1063,10:46:09,1.87,-0.01,5,936,卖盘
1064,10:46:12,1.88,0.01,4,752,买盘
1065,10:46:21,1.88,0.0,250,47000,买盘
1066,10:46:24,1.88,0.0,12,2256,买盘
1067,10:46:27,1.88,0.0,100,18800,买盘
1068,10:46:33,1.88,0.0,22,4116,买盘
1069,10:46:39,1.88,0.0,4,752,买盘
1070,10:46:45,1.87,-0.01,20,3740,卖盘
1071,10:46:48,1.88,0.01,6,1128,买盘
1072,10:46:55,1.87,-0.01,10,1870,卖盘
1073,10:47:06,1.88,0.01,251,47188,买盘
1074,10:47:09,1.88,0.0,8,1504,买盘
1075,10:47:19,1.88,0.0,3,564,买盘
1076,10:47:30,1.88,0.0,1,188,买盘
1077,10:47:42,1.87,-0.01,236,44232,卖盘
1078,10:47:45,1.88,0.01,8,1504,买盘
1079,10:47:54,1.88,0.0,16,3008,买盘
1080,10:47:57,1.88,0.0,12,2256,买盘
1081,10:48:04,1.87,-0.01,5,935,卖盘
1082,10:48:09,1.88,0.01,5,940,买盘
1083,10:48:22,1.88,0.0,245,46060,买盘
1084,10:48:24,1.88,0.0,8,1504,买盘
1085,10:48:39,1.88,0.0,45,8425,买盘
1086,10:48:42,1.87,-0.01,20,3740,卖盘
1087,10:48:48,1.88,0.01,10,1880,买盘
1088,10:48:54,1.88,0.0,200,37600,买盘
1089,10:48:58,1.88,0.0,20,3760,买盘
1090,10:49:01,1.87,-0.01,15,2805,卖盘
1091,10:49:04,1.88,0.01,7,1316,买盘
1092,10:49:07,1.88,0.0,2,376,买盘
1093,10:49:10,1.88,0.0,31,5828,买盘
1094,10:49:12,1.87,-0.01,21,3927,卖盘
1095,10:49:27,1.87,0.0,76,14212,卖盘
1096,10:49:30,1.88,0.01,5,940,买盘
1097,10:50:06,1.88,0.0,27,5076,买盘
1098,10:50:12,1.88,0.0,22,4136,买盘
1099,10:50:27,1.88,0.0,10,1880,买盘
1100,10:50:33,1.88,0.0,54,10152,买盘
1101,10:50:36,1.87,-0.01,2,374,卖盘
1102,10:50:42,1.87,0.0,50,9350,卖盘
1103,10:50:45,1.88,0.01,5,940,买盘
1104,10:50:51,1.87,-0.01,172,32294,卖盘
1105,10:50:54,1.88,0.01,58,10852,买盘
1106,10:50:57,1.88,0.0,22,4136,买盘
1107,10:51:00,1.88,0.0,6,1128,买盘
1108,10:51:04,1.88,0.0,2,376,买盘
1109,10:51:06,1.87,-0.01,40,7480,卖盘
1110,10:51:15,1.87,0.0,100,18700,卖盘
1111,10:51:18,1.88,0.01,7,1316,买盘
1112,10:51:21,1.87,-0.01,1977,369700,卖盘
1113,10:51:24,1.88,0.01,61,11468,买盘
1114,10:51:45,1.88,0.0,1,188,买盘
1115,10:52:00,1.88,0.0,4,752,买盘
1116,10:52:07,1.88,0.0,10,1880,买盘
1117,10:52:09,1.87,-0.01,7,1309,卖盘
1118,10:52:15,1.88,0.01,9,1692,买盘
1119,10:52:24,1.87,-0.01,500,93500,卖盘
1120,10:52:28,1.87,0.0,35,6564,卖盘
1121,10:53:03,1.88,0.01,8,1504,买盘
1122,10:53:06,1.87,-0.01,100,18700,卖盘
1123,10:53:09,1.88,0.01,24,4512,买盘
1124,10:53:12,1.88,0.0,1,188,买盘
1125,10:53:15,1.87,-0.01,90,16900,卖盘
1126,10:53:19,1.88,0.01,7,1316,买盘
1127,10:53:24,1.88,0.0,50,9400,买盘
1128,10:53:57,1.88,0.0,262,49255,买盘
1129,10:54:00,1.88,0.0,10,1880,买盘
1130,10:54:04,1.87,-0.01,187,34969,卖盘
1131,10:54:06,1.88,0.01,6,1128,买盘
1132,10:54:09,1.88,0.0,1980,370264,买盘
1133,10:54:12,1.88,0.0,60,11280,买盘
1134,10:54:15,1.87,-0.01,38,7106,卖盘
1135,10:54:18,1.88,0.01,10,1880,买盘
1136,10:54:21,1.87,-0.01,10,1870,卖盘
1137,10:54:57,1.87,0.0,300,56100,卖盘
1138,10:55:00,1.88,0.01,13,2444,买盘
1139,10:55:09,1.88,0.0,89,16732,买盘
1140,10:55:12,1.88,0.0,528,99264,买盘
1141,10:55:15,1.88,0.0,19,3572,买盘
1142,10:55:21,1.87,-0.01,3,561,卖盘
1143,10:55:42,1.87,0.0,134,25084,卖盘
1144,10:55:45,1.88,0.01,59,11091,买盘
1145,10:55:51,1.87,-0.01,100,18700,卖盘
1146,10:55:54,1.88,0.01,5,940,买盘
1147,10:55:57,1.87,-0.01,66,12342,卖盘
1148,10:56:01,1.88,0.01,5,940,买盘
1149,10:56:04,1.87,-0.01,30,5610,卖盘
1150,10:56:09,1.87,0.0,16,2992,卖盘
1151,10:56:12,1.87,0.0,2,374,卖盘
1152,10:56:33,1.88,0.01,200,37600,买盘
1153,10:56:36,1.88,0.0,10,1880,买盘
1154,10:56:42,1.87,-0.01,1976,369512,卖盘
1155,10:56:45,1.88,0.01,30,5640,买盘
1156,10:56:54,1.87,-0.01,10,1870,卖盘
1157,10:56:57,1.88,0.01,4,749,买盘
1158,10:57:04,1.87,-0.01,40,7480,卖盘
1159,10:57:06,1.87,0.0,50,9350,卖盘
1160,10:57:09,1.88,0.01,2,376,买盘
1161,10:57:21,1.87,-0.01,100,18700,卖盘
1162,10:57:24,1.88,0.01,2,376,买盘
1163,10:57:36,1.87,-0.01,57,10659,卖盘
1164,10:57:39,1.87,0.0,31,5798,卖盘
1165,10:57:48,1.88,0.01,30,5640,买盘
1166,10:57:51,1.88,0.0,21,3928,买盘
1167,10:57:57,1.88,0.0,9,1692,买盘
1168,10:58:12,1.87,-0.01,2,374,卖盘
1169,10:58:15,1.88,0.01,1,188,买盘
1170,10:58:27,1.87,-0.01,350,65450,卖盘
1171,10:58:31,1.88,0.01,7,1316,买盘
1172,10:58:36,1.87,-0.01,28,5236,卖盘
1173,10:58:42,1.88,0.01,36,6768,买盘
1174,10:58:45,1.88,0.0,1,188,买盘
1175,10:58:48,1.87,-0.01,101,18887,卖盘
1176,10:58:51,1.88,0.01,15,2807,买盘
1177,10:58:57,1.88,0.0,3,564,买盘
1178,10:59:00,1.87,-0.01,200,37400,卖盘
1179,10:59:04,1.88,0.01,35,6580,买盘
1180,10:59:12,1.87,-0.01,115,21505,卖盘
1181,10:59:15,1.88,0.01,3,564,买盘
1182,10:59:27,1.87,-0.01,62,11594,卖盘
1183,10:59:33,1.87,0.0,1,187,卖盘
1184,10:59:51,1.88,0.01,255,47935,买盘
1185,10:59:54,1.88,0.0,56,10528,买盘
1186,10:59:57,1.88,0.0,2,376,买盘
1187,11:00:04,1.88,0.0,34,6392,买盘
1188,11:00:12,1.88,0.0,23,4324,买盘
1189,11:00:21,1.87,-0.01,20,3740,卖盘
1190,11:00:30,1.87,0.0,1976,369512,卖盘
1191,11:00:34,1.88,0.01,141,26508,买盘
1192,11:00:36,1.88,0.0,3,564,买盘
1193,11:00:39,1.87,-0.01,10,1870,卖盘
1194,11:00:48,1.87,0.0,80,14960,卖盘
1195,11:00:54,1.87,0.0,7,1309,卖盘
1196,11:00:57,1.87,0.0,183,34221,卖盘
1197,11:01:00,1.87,0.0,34,6363,卖盘
1198,11:01:03,1.88,0.01,1,188,买盘
1199,11:01:06,1.87,-0.01,44,8228,卖盘
1200,11:01:09,1.88,0.01,2,376,买盘
1201,11:01:39,1.87,-0.01,47,8789,卖盘
1202,11:01:42,1.88,0.01,1,188,买盘
1203,11:01:45,1.87,-0.01,17,3179,卖盘
1204,11:01:48,1.88,0.01,111,20758,买盘
1205,11:01:51,1.87,-0.01,524,97988,卖盘
1206,11:01:54,1.87,0.0,41,7667,买盘
1207,11:01:57,1.87,0.0,1,187,买盘
1208,11:02:03,1.87,0.0,300,56100,买盘
1209,11:02:06,1.87,0.0,51,9537,买盘
1210,11:02:09,1.87,0.0,183,34221,买盘
1211,11:02:13,1.88,0.01,6,1128,买盘
1212,11:02:21,1.87,-0.01,10,1870,卖盘
1213,11:02:27,1.87,0.0,50,9350,卖盘
1214,11:02:30,1.88,0.01,2,376,买盘
1215,11:02:33,1.87,-0.01,18,3366,卖盘
1216,11:02:39,1.87,0.0,217,40579,卖盘
1217,11:02:42,1.88,0.01,7,1316,买盘
1218,11:02:45,1.87,-0.01,5,935,卖盘
1219,11:02:51,1.87,0.0,1,187,买盘
1220,11:02:54,1.87,0.0,52,9724,买盘
1221,11:02:57,1.87,0.0,7,1309,买盘
1222,11:03:00,1.87,0.0,10,1870,买盘
1223,11:03:06,1.87,0.0,100,18700,买盘
1224,11:03:09,1.87,0.0,33,6171,买盘
1225,11:03:13,1.87,0.0,1,187,买盘
1226,11:03:18,1.86,-0.01,188,34968,卖盘
1227,11:03:21,1.87,0.01,6,1122,买盘
1228,11:03:24,1.87,0.0,2,374,买盘
1229,11:03:27,1.87,0.0,2,374,买盘
1230,11:03:30,1.87,0.0,50,9350,买盘
1231,11:03:34,1.87,0.0,2,374,买盘
1232,11:03:42,1.87,0.0,115,21505,买盘
1233,11:03:45,1.87,0.0,121,22627,买盘
1234,11:03:48,1.87,0.0,201,37587,买盘
1235,11:03:51,1.87,0.0,46,8599,买盘
1236,11:03:57,1.87,0.0,103,19261,卖盘
1237,11:04:00,1.87,0.0,3,562,卖盘
1238,11:04:13,1.87,0.0,300,56100,卖盘
1239,11:04:15,1.88,0.01,4,752,买盘
1240,11:04:18,1.87,-0.01,3,561,卖盘
1241,11:04:21,1.88,0.01,18,3384,买盘
1242,11:04:24,1.88,0.0,5,940,买盘
1243,11:04:27,1.87,-0.01,70,13090,卖盘
1244,11:04:30,1.87,0.0,17,3183,卖盘
1245,11:04:36,1.87,0.0,2,374,买盘
1246,11:04:39,1.87,0.0,10,1870,买盘
1247,11:04:45,1.87,0.0,3,561,卖盘
1248,11:04:48,1.87,0.0,238,44506,买盘
1249,11:04:51,1.87,0.0,2,374,买盘
1250,11:05:09,1.87,0.0,6,1122,买盘
1251,11:05:15,1.87,0.0,11,2057,买盘
1252,11:05:18,1.87,0.0,1,187,买盘
1253,11:05:37,1.87,0.0,205,38335,买盘
1254,11:05:39,1.87,0.0,32,5984,买盘
1255,11:05:45,1.87,0.0,51,9537,买盘
1256,11:05:57,1.87,0.0,635,118745,买盘
1257,11:06:00,1.87,0.0,43,8041,买盘
1258,11:06:09,1.87,0.0,50,9350,买盘
1259,11:06:12,1.87,0.0,1,187,买盘
1260,11:06:15,1.87,0.0,100,18700,买盘
1261,11:06:18,1.87,0.0,1,187,买盘
1262,11:06:36,1.87,0.0,138,25806,买盘
1263,11:06:39,1.87,0.0,57,10659,买盘
1264,11:06:42,1.87,0.0,1,187,买盘
1265,11:06:52,1.87,0.0,7,1309,买盘
1266,11:06:54,1.87,0.0,20,3740,买盘
1267,11:07:03,1.87,0.0,10,1870,买盘
1268,11:07:12,1.86,-0.01,444,82664,卖盘
1269,11:07:16,1.87,0.01,5,935,买盘
1270,11:07:24,1.87,0.0,30,5610,买盘
1271,11:07:27,1.87,0.0,5,935,买盘
1272,11:07:37,1.87,0.0,4,748,买盘
1273,11:07:42,1.87,0.0,2,374,买盘
1274,11:07:46,1.87,0.0,15,2805,买盘
1275,11:07:48,1.87,0.0,4,748,买盘
1276,11:07:51,1.87,0.0,35,6545,买盘
1277,11:07:54,1.87,0.0,301,56287,买盘
1278,11:07:57,1.87,0.0,303,56661,买盘
1279,11:08:01,1.87,0.0,103,19261,买盘
1280,11:08:04,1.87,0.0,11,2057,买盘
1281,11:08:07,1.87,0.0,4,748,买盘
1282,11:08:12,1.87,0.0,211,39457,买盘
1283,11:08:15,1.87,0.0,2,374,买盘
1284,11:08:21,1.87,0.0,100,18700,买盘
1285,11:08:24,1.87,0.0,1,187,买盘
1286,11:08:27,1.87,0.0,1001,187187,买盘
1287,11:08:31,1.88,0.01,11,2068,买盘
1288,11:08:36,1.87,-0.01,200,37400,卖盘
1289,11:08:39,1.88,0.01,54,10100,买盘
1290,11:08:42,1.87,-0.01,32,5984,卖盘
1291,11:08:48,1.88,0.01,98,18424,买盘
1292,11:08:51,1.88,0.0,2,376,买盘
1293,11:08:57,1.88,0.0,17,3196,买盘
1294,11:09:00,1.87,-0.01,97,18139,卖盘
1295,11:09:06,1.88,0.01,2,376,买盘
1296,11:09:21,1.88,0.0,3,563,买盘
1297,11:09:51,1.88,0.0,1,188,买盘
1298,11:10:04,1.88,0.0,26,4888,买盘
1299,11:10:19,1.87,-0.01,500,93500,卖盘
1300,11:10:21,1.87,0.0,18,3372,卖盘
1301,11:10:36,1.87,0.0,1,187,卖盘
1302,11:10:42,1.87,0.0,5,935,卖盘
1303,11:10:48,1.88,0.01,28,5264,买盘
1304,11:11:09,1.88,0.0,7,1316,买盘
1305,11:11:12,1.88,0.0,2,376,买盘
1306,11:11:15,1.88,0.0,1,188,买盘
1307,11:11:36,1.88,0.0,2,376,买盘
1308,11:11:43,1.88,0.0,10,1880,买盘
1309,11:11:49,1.88,0.0,22,4136,买盘
1310,11:11:54,1.88,0.0,1,188,买盘
1311,11:12:00,1.88,0.0,7,1316,买盘
1312,11:12:06,1.87,-0.01,200,37400,卖盘
1313,11:12:09,1.88,0.01,31,5828,买盘
1314,11:12:30,1.88,0.0,162,30406,买盘
1315,11:12:34,1.88,0.0,2,376,买盘
1316,11:12:39,1.87,-0.01,3,561,卖盘
1317,11:12:46,1.87,0.0,80,14960,卖盘
1318,11:12:54,1.87,0.0,27,5049,卖盘
1319,11:13:04,1.87,0.0,100,18700,卖盘
1320,11:13:06,1.88,0.01,2,376,买盘
1321,11:13:15,1.87,-0.01,87,16269,卖盘
1322,11:13:24,1.88,0.01,50,9400,买盘
1323,11:13:27,1.88,0.0,2,376,买盘
1324,11:13:40,1.88,0.0,5,940,买盘
1325,11:13:42,1.87,-0.01,900,168300,卖盘
1326,11:13:45,1.88,0.01,41,7676,买盘
1327,11:13:48,1.87,-0.01,430,80410,卖盘
1328,11:13:52,1.87,0.0,15,2810,卖盘
1329,11:14:06,1.87,0.0,7,1309,卖盘
1330,11:14:09,1.88,0.01,4,752,买盘
1331,11:14:15,1.88,0.0,2,376,买盘
1332,11:14:21,1.87,-0.01,378,70686,卖盘
1333,11:14:24,1.88,0.01,115,21509,买盘
1334,11:14:27,1.87,-0.01,94,17578,卖盘
1335,11:14:30,1.87,0.0,152,28426,卖盘
1336,11:14:36,1.87,0.0,28,5236,卖盘
1337,11:14:46,1.88,0.01,11,2068,买盘
1338,11:14:49,1.87,-0.01,51,9537,卖盘
1339,11:14:51,1.88,0.01,5,940,买盘
1340,11:14:54,1.87,-0.01,158,29546,卖盘
1341,11:14:57,1.87,0.0,56,10472,卖盘
1342,11:15:00,1.88,0.01,26,4888,买盘
1343,11:15:25,1.87,-0.01,100,18700,卖盘
1344,11:15:28,1.88,0.01,4,752,买盘
1345,11:15:48,1.88,0.0,3,564,买盘
1346,11:16:00,1.88,0.0,1,188,买盘
1347,11:16:10,1.87,-0.01,8,1496,卖盘
1348,11:16:13,1.87,0.0,12,2244,卖盘
1349,11:16:24,1.88,0.01,1,188,买盘
1350,11:16:30,1.87,-0.01,4,748,卖盘
1351,11:16:42,1.87,0.0,70,13090,卖盘
1352,11:16:45,1.88,0.01,5,940,买盘
1353,11:16:57,1.87,-0.01,40,7480,卖盘
1354,11:17:09,1.87,0.0,2,374,卖盘
1355,11:17:12,1.88,0.01,140,26184,买盘
1356,11:17:15,1.88,0.0,3,564,买盘
1357,11:17:30,1.87,-0.01,105,19640,卖盘
1358,11:17:33,1.87,0.0,372,69564,卖盘
1359,11:17:36,1.88,0.01,11,2068,买盘
1360,11:17:39,1.87,-0.01,56,10472,卖盘
1361,11:17:48,1.87,0.0,20,3740,卖盘
1362,11:18:00,1.88,0.01,21,3948,买盘
1363,11:18:06,1.87,-0.01,9,1683,卖盘
1364,11:18:27,1.87,0.0,1,187,卖盘
1365,11:18:30,1.87,0.0,234,43758,卖盘
1366,11:18:33,1.88,0.01,3,564,买盘
1367,11:18:43,1.88,0.0,1,188,买盘
1368,11:18:57,1.88,0.0,20,3760,买盘
1369,11:19:00,1.87,-0.01,54,10102,卖盘
1370,11:19:18,1.87,0.0,13,2431,卖盘
1371,11:19:22,1.87,0.0,16,2992,卖盘
1372,11:19:27,1.88,0.01,11,2063,买盘
1373,11:19:36,1.87,-0.01,27,5049,卖盘
1374,11:19:39,1.88,0.01,10,1880,买盘
1375,11:19:57,1.87,-0.01,47,8789,卖盘
1376,11:20:00,1.88,0.01,19,3572,买盘
1377,11:20:04,1.88,0.0,3,564,买盘
1378,11:20:06,1.87,-0.01,31,5797,卖盘
1379,11:20:18,1.88,0.01,9,1692,买盘
1380,11:20:21,1.87,-0.01,2,374,卖盘
1381,11:20:27,1.88,0.01,34,6359,买盘
1382,11:20:42,1.87,-0.01,9,1683,卖盘
1383,11:20:45,1.87,0.0,14,2618,卖盘
1384,11:21:33,1.88,0.01,11,2068,买盘
1385,11:22:00,1.87,-0.01,146,27302,卖盘
1386,11:22:25,1.87,0.0,13,2431,卖盘
1387,11:22:36,1.87,0.0,5,935,卖盘
1388,11:22:57,1.87,0.0,400,74800,卖盘
1389,11:23:00,1.88,0.01,7,1316,买盘
1390,11:23:03,1.88,0.0,71,13348,买盘
1391,11:23:06,1.87,-0.01,32,5984,卖盘
1392,11:23:24,1.87,0.0,113,21131,卖盘
1393,11:23:27,1.87,0.0,15,2805,卖盘
1394,11:23:39,1.88,0.01,1,188,买盘
1395,11:23:54,1.87,-0.01,28,5256,卖盘
1396,11:24:04,1.88,0.01,11,2068,买盘
1397,11:24:06,1.87,-0.01,48,8976,卖盘
1398,11:24:09,1.88,0.01,3,564,买盘
1399,11:24:33,1.87,-0.01,167,31229,卖盘
1400,11:24:36,1.88,0.01,10,1880,买盘
1401,11:24:42,1.88,0.0,5,940,买盘
1402,11:24:45,1.87,-0.01,47,8789,卖盘
1403,11:25:24,1.87,0.0,30,5610,卖盘
1404,11:25:36,1.88,0.01,20,3760,买盘
1405,11:25:51,1.88,0.0,20,3760,买盘
1406,11:25:54,1.88,0.0,3,564,买盘
1407,11:26:06,1.87,-0.01,65,12155,卖盘
1408,11:26:16,1.88,0.01,14,2632,买盘
1409,11:26:33,1.87,-0.01,400,74800,卖盘
1410,11:26:36,1.88,0.01,55,10340,买盘
1411,11:27:00,1.88,0.0,1,188,买盘
1412,11:27:27,1.88,0.0,30,5640,买盘
1413,11:27:39,1.87,-0.01,201,37587,卖盘
1414,11:27:42,1.87,0.0,50,9350,卖盘
1415,11:27:45,1.88,0.01,5,940,买盘
1416,11:27:54,1.88,0.0,4,752,买盘
1417,11:27:57,1.88,0.0,3,564,买盘
1418,11:28:00,1.88,0.0,3852,724176,买盘
1419,11:28:03,1.88,0.0,39,7332,买盘
1420,11:28:18,1.88,0.0,1279,240452,买盘
1421,11:28:21,1.88,0.0,14,2632,买盘
1422,11:28:30,1.88,0.0,65,12220,买盘
1423,11:28:33,1.88,0.0,17,3196,买盘
1424,11:28:48,1.88,0.0,30,5640,买盘
1425,11:28:54,1.88,0.0,169,31772,买盘
1426,11:29:22,1.88,0.0,100,18800,买盘
1427,11:29:27,1.88,0.0,19,3572,买盘
1428,11:29:30,1.88,0.0,15,2820,买盘
1429,11:29:33,1.87,-0.01,15,2805,卖盘
1430,11:29:40,1.88,0.01,1,188,买盘
1431,11:29:48,1.88,0.0,1,188,买盘
1432,11:29:52,1.88,0.0,200,37600,买盘
1433,11:29:54,1.88,0.0,396,74448,买盘
1434,11:29:57,1.88,0.0,222,41736,买盘
1435,11:30:00,1.88,0.0,4126,775688,买盘
1436,13:00:04,1.88,0.0,2573,483801,买盘
1437,13:00:06,1.88,0.0,5,940,卖盘
1438,13:00:12,1.88,0.0,25,4700,卖盘
1439,13:00:15,1.89,0.01,27,5103,买盘
1440,13:00:21,1.88,-0.01,1,188,卖盘
1441,13:00:27,1.88,0.0,18,3384,卖盘
1442,13:00:33,1.88,0.0,18,3384,卖盘
1443,13:00:39,1.88,0.0,20,3760,卖盘
1444,13:01:18,1.89,0.01,162,30618,买盘
1445,13:01:24,1.89,0.0,1,189,买盘
1446,13:01:33,1.89,0.0,4833,913437,买盘
1447,13:01:36,1.89,0.0,51,9639,买盘
1448,13:01:45,1.89,0.0,125,23625,买盘
1449,13:01:48,1.89,0.0,5,945,买盘
1450,13:01:51,1.89,0.0,155,29295,买盘
1451,13:01:57,1.89,0.0,1173,221697,买盘
1452,13:02:00,1.89,0.0,577,109053,买盘
1453,13:02:04,1.89,0.0,16,3024,买盘
1454,13:02:06,1.89,0.0,43,8127,买盘
1455,13:02:09,1.89,0.0,20,3780,买盘
1456,13:02:18,1.89,0.0,165,31185,买盘
1457,13:02:21,1.89,0.0,53,10017,买盘
1458,13:02:27,1.89,0.0,214,40446,买盘
1459,13:02:30,1.89,0.0,63,11907,买盘
1460,13:02:33,1.89,0.0,150,28350,买盘
1461,13:02:36,1.89,0.0,20,3780,买盘
1462,13:02:39,1.89,0.0,88,16632,买盘
1463,13:02:42,1.89,0.0,536,101304,买盘
1464,13:02:45,1.9,0.01,209,39510,买盘
1465,13:02:51,1.89,-0.01,30,5670,卖盘
1466,13:03:28,1.89,0.0,307,58023,卖盘
1467,13:03:31,1.9,0.01,56,10640,买盘
1468,13:03:37,1.9,0.0,3,570,买盘
1469,13:03:40,1.9,0.0,23,4370,买盘
1470,13:03:42,1.9,0.0,72,13680,买盘
1471,13:03:45,1.9,0.0,1,190,买盘
1472,13:03:51,1.9,0.0,10,1900,买盘
1473,13:03:55,1.89,-0.01,101,19090,卖盘
1474,13:03:57,1.9,0.01,2,380,买盘
1475,13:04:01,1.9,0.0,18,3414,买盘
1476,13:04:09,1.9,0.0,5,950,买盘
1477,13:04:12,1.89,-0.01,4,756,卖盘
1478,13:04:18,1.89,0.0,4,756,卖盘
1479,13:04:25,1.9,0.01,500,95000,买盘
1480,13:04:27,1.9,0.0,10,1900,买盘
1481,13:04:30,1.9,0.0,1,190,买盘
1482,13:04:33,1.89,-0.01,22,4160,卖盘
1483,13:04:36,1.9,0.01,40,7600,买盘
1484,13:04:39,1.9,0.0,1,190,买盘
1485,13:04:42,1.9,0.0,164,31160,买盘
1486,13:04:45,1.9,0.0,973,184870,买盘
1487,13:04:48,1.9,0.0,32,6068,买盘
1488,13:04:51,1.9,0.0,196,37230,买盘
1489,13:04:54,1.9,0.0,4,760,买盘
1490,13:04:57,1.9,0.0,639,121410,买盘
1491,13:05:00,1.9,0.0,29,5510,买盘
1492,13:05:04,1.9,0.0,1,190,买盘
1493,13:05:06,1.9,0.0,80,15200,买盘
1494,13:05:09,1.9,0.0,136,25840,买盘
1495,13:05:12,1.9,0.0,12,2280,买盘
1496,13:05:15,1.9,0.0,59,11210,买盘
1497,13:05:19,1.9,0.0,11,2090,买盘
1498,13:05:24,1.9,0.0,2,380,买盘
1499,13:05:27,1.9,0.0,20,3800,买盘
1500,13:05:30,1.9,0.0,100,18994,买盘
1501,13:05:33,1.9,0.0,2,380,买盘
1502,13:05:43,1.9,0.0,18,3420,买盘
1503,13:05:45,1.9,0.0,1,190,买盘
1504,13:05:48,1.9,0.0,6,1140,买盘
1505,13:05:54,1.89,-0.01,5,945,卖盘
1506,13:05:57,1.9,0.01,10,1900,买盘
1507,13:06:00,1.9,0.0,5,950,买盘
1508,13:06:06,1.9,0.0,20,3800,买盘
1509,13:06:10,1.9,0.0,10590,2012101,买盘
1510,13:06:12,1.91,0.01,269,51323,买盘
1511,13:06:15,1.91,0.0,5,955,买盘
1512,13:06:18,1.9,-0.01,100,19000,卖盘
1513,13:06:24,1.9,0.0,11,2090,卖盘
1514,13:06:27,1.9,0.0,856,162640,卖盘
1515,13:06:30,1.91,0.01,44,8404,买盘
1516,13:06:33,1.91,0.0,165,31375,买盘
1517,13:06:39,1.91,0.0,1014,192958,买盘
1518,13:06:43,1.91,0.0,24,4584,买盘
1519,13:06:49,1.9,-0.01,1032,197052,卖盘
1520,13:06:51,1.91,0.01,22,4202,买盘
1521,13:06:54,1.91,0.0,487,93017,买盘
1522,13:06:57,1.91,0.0,14,2674,买盘
1523,13:07:00,1.91,0.0,265,50615,买盘
1524,13:07:04,1.91,0.0,18,3438,买盘
1525,13:07:06,1.91,0.0,740,141340,买盘
1526,13:07:09,1.91,0.0,16,3056,买盘
1527,13:07:12,1.91,0.0,1,191,买盘
1528,13:07:15,1.91,0.0,67,12797,买盘
1529,13:07:18,1.91,0.0,484,92444,买盘
1530,13:07:21,1.91,0.0,41,7831,买盘
1531,13:07:28,1.91,0.0,2,382,买盘
1532,13:07:33,1.91,0.0,28,5348,买盘
1533,13:07:36,1.91,0.0,73,13943,买盘
1534,13:07:39,1.91,0.0,26,4966,买盘
1535,13:07:54,1.91,0.0,3,573,买盘
1536,13:08:04,1.9,-0.01,310,59202,卖盘
1537,13:08:06,1.91,0.01,27,5157,买盘
1538,13:08:21,1.9,-0.01,44,8360,卖盘
1539,13:08:24,1.9,0.0,2740,520600,卖盘
1540,13:08:27,1.9,0.0,256,48696,卖盘
1541,13:08:30,1.91,0.01,1228,233326,买盘
1542,13:08:33,1.9,-0.01,39,7434,卖盘
1543,13:08:36,1.9,0.0,200,38000,卖盘
1544,13:08:40,1.9,0.0,3130,594700,卖盘
1545,13:08:42,1.9,0.0,69,13110,买盘
1546,13:08:57,1.9,0.0,100,19000,买盘
1547,13:09:00,1.9,0.0,30,5700,买盘
1548,13:09:18,1.9,0.0,72,13680,买盘
1549,13:09:21,1.9,0.0,16,3040,买盘
1550,13:09:30,1.9,0.0,5,950,买盘
1551,13:09:34,1.9,0.0,38,7220,买盘
1552,13:09:36,1.9,0.0,1,190,买盘
1553,13:09:57,1.9,0.0,60,11400,买盘
1554,13:10:06,1.9,0.0,50,9500,买盘
1555,13:10:13,1.9,0.0,149,28310,买盘
1556,13:10:15,1.9,0.0,6,1140,买盘
1557,13:10:24,1.89,-0.01,95,17955,卖盘
1558,13:10:51,1.9,0.01,1,190,买盘
1559,13:11:00,1.9,0.0,30,5700,买盘
1560,13:11:04,1.9,0.0,416,79040,买盘
1561,13:11:06,1.9,0.0,172,32680,买盘
1562,13:11:36,1.89,-0.01,99,18711,卖盘
1563,13:11:39,1.9,0.01,6,1140,买盘
1564,13:11:48,1.9,0.0,7,1330,买盘
1565,13:11:51,1.9,0.0,18,3420,买盘
1566,13:12:04,1.9,0.0,28,5320,买盘
1567,13:12:09,1.9,0.0,2303,437570,买盘
1568,13:12:12,1.9,0.0,97,18430,买盘
1569,13:12:15,1.9,0.0,20,3800,买盘
1570,13:12:18,1.9,0.0,86,16340,买盘
1571,13:12:21,1.9,0.0,789,149910,买盘
1572,13:12:24,1.91,0.01,20,3820,买盘
1573,13:12:33,1.91,0.0,6,1146,买盘
1574,13:12:36,1.91,0.0,12,2292,买盘
1575,13:12:39,1.91,0.0,6,1146,买盘
1576,13:12:57,1.91,0.0,34,6484,买盘
1577,13:13:00,1.91,0.0,402,76782,买盘
1578,13:13:04,1.91,0.0,90,17110,买盘
1579,13:13:09,1.9,-0.01,22,4180,卖盘
1580,13:13:30,1.9,0.0,20,3800,卖盘
1581,13:13:33,1.9,0.0,10,1900,卖盘
1582,13:13:37,1.91,0.01,43,8213,买盘
1583,13:13:40,1.91,0.0,1,191,买盘
1584,13:13:42,1.91,0.0,40,7640,买盘
1585,13:13:45,1.9,-0.01,100,19000,卖盘
1586,13:13:48,1.91,0.01,6,1146,买盘
1587,13:13:51,1.9,-0.01,10,1900,卖盘
1588,13:13:54,1.9,0.0,3572,678692,卖盘
1589,13:13:57,1.91,0.01,72,13752,买盘
1590,13:14:00,1.91,0.0,50,9550,买盘
1591,13:14:06,1.9,-0.01,1591,302310,卖盘
1592,13:14:09,1.91,0.01,35,6685,买盘
1593,13:14:12,1.9,-0.01,100,19000,卖盘
1594,13:14:15,1.9,0.0,1169,222110,卖盘
1595,13:14:18,1.9,0.0,26,4940,买盘
1596,13:14:24,1.9,0.0,204,38760,买盘
1597,13:14:27,1.9,0.0,154,29260,买盘
1598,13:14:30,1.9,0.0,4,760,买盘
1599,13:14:39,1.9,0.0,1,190,买盘
1600,13:14:42,1.9,0.0,138,26220,买盘
1601,13:14:45,1.9,0.0,114,21660,买盘
1602,13:14:48,1.9,0.0,27,5130,买盘
1603,13:14:51,1.9,0.0,19,3610,买盘
1604,13:14:54,1.9,0.0,120,22800,买盘
1605,13:14:57,1.9,0.0,6,1140,买盘
1606,13:15:00,1.9,0.0,10,1900,买盘
1607,13:15:04,1.9,0.0,1,190,买盘
1608,13:15:12,1.9,0.0,1,190,买盘
1609,13:15:15,1.9,0.0,26,4940,买盘
1610,13:15:21,1.9,0.0,45,8550,买盘
1611,13:15:27,1.9,0.0,26,4940,买盘
1612,13:15:30,1.9,0.0,88,16720,买盘
1613,13:15:36,1.9,0.0,5,950,买盘
1614,13:15:57,1.9,0.0,5,950,买盘
1615,13:16:04,1.9,0.0,56,10640,买盘
1616,13:16:06,1.9,0.0,5,950,买盘
1617,13:16:09,1.9,0.0,3,570,买盘
1618,13:16:33,1.9,0.0,20,3800,买盘
1619,13:16:39,1.9,0.0,2,380,买盘
1620,13:16:45,1.9,0.0,30,5700,买盘
1621,13:17:03,1.9,0.0,94,17857,买盘
1622,13:17:15,1.9,0.0,184,34860,买盘
1623,13:17:18,1.9,0.0,540,102100,买盘
1624,13:17:21,1.9,0.0,18,3420,买盘
1625,13:17:24,1.9,0.0,50,9500,买盘
1626,13:17:27,1.9,0.0,19,3610,买盘
1627,13:17:34,1.9,0.0,1,190,买盘
1628,13:17:40,1.9,0.0,16,3040,买盘
1629,13:17:45,1.9,0.0,475,90250,买盘
1630,13:17:49,1.9,0.0,21,3990,买盘
1631,13:17:51,1.9,0.0,10,1900,买盘
1632,13:17:57,1.9,0.0,9,1710,买盘
1633,13:18:04,1.9,0.0,33,6270,买盘
1634,13:18:15,1.9,0.0,10,1900,买盘
1635,13:18:30,1.9,0.0,8,1520,买盘
1636,13:18:33,1.9,0.0,568,107920,买盘
1637,13:18:36,1.9,0.0,64,12160,买盘
1638,13:18:39,1.9,0.0,2147,407930,买盘
1639,13:18:42,1.9,0.0,99,18810,买盘
1640,13:18:45,1.9,0.0,43,8170,买盘
1641,13:18:51,1.9,0.0,1,190,卖盘
1642,13:19:04,1.91,0.01,5,955,买盘
1643,13:19:36,1.9,-0.01,18,3420,卖盘
1644,13:19:42,1.9,0.0,1000,190000,卖盘
1645,13:19:45,1.91,0.01,23,4393,买盘
1646,13:19:48,1.9,-0.01,10,1900,卖盘
1647,13:19:54,1.9,0.0,10,1900,卖盘
1648,13:19:57,1.9,0.0,3,570,卖盘
1649,13:20:10,1.9,0.0,5,950,卖盘
1650,13:20:15,1.9,0.0,57,10830,卖盘
1651,13:20:18,1.9,0.0,1200,228000,卖盘
1652,13:20:21,1.9,0.0,110,20927,卖盘
1653,13:20:24,1.9,0.0,279,53010,卖盘
1654,13:20:28,1.9,0.0,154,29260,买盘
1655,13:20:30,1.9,0.0,15,2850,买盘
1656,13:20:36,1.9,0.0,5,950,买盘
1657,13:20:54,1.9,0.0,5,950,买盘
1658,13:21:09,1.9,0.0,143,27170,买盘
1659,13:21:12,1.9,0.0,1,190,买盘
1660,13:21:30,1.9,0.0,76,14440,买盘
1661,13:21:33,1.9,0.0,16,3040,买盘
1662,13:21:36,1.9,0.0,3,570,买盘
1663,13:21:42,1.9,0.0,344,65360,买盘
1664,13:21:45,1.9,0.0,13,2470,买盘
1665,13:21:48,1.9,0.0,1,190,买盘
1666,13:21:51,1.9,0.0,10,1900,买盘
1667,13:21:54,1.9,0.0,64,12160,买盘
1668,13:21:57,1.9,0.0,5,950,买盘
1669,13:22:18,1.9,0.0,10,1900,买盘
1670,13:22:21,1.9,0.0,1,190,买盘
1671,13:22:24,1.9,0.0,28,5320,买盘
1672,13:22:33,1.9,0.0,12,2280,买盘
1673,13:22:36,1.9,0.0,2,380,买盘
1674,13:22:42,1.9,0.0,2,380,买盘
1675,13:22:51,1.9,0.0,274,52060,买盘
1676,13:22:54,1.9,0.0,3,570,买盘
1677,13:23:06,1.9,0.0,10,1900,买盘
1678,13:23:09,1.89,-0.01,40,7560,卖盘
1679,13:23:18,1.9,0.01,30,5700,买盘
1680,13:23:21,1.9,0.0,21,3990,买盘
1681,13:23:39,1.9,0.0,100,19000,买盘
1682,13:23:42,1.9,0.0,1,190,买盘
1683,13:24:10,1.9,0.0,20,3800,买盘
1684,13:24:24,1.9,0.0,55,10450,买盘
1685,13:24:27,1.9,0.0,1,190,买盘
1686,13:24:45,1.9,0.0,10,1900,买盘
1687,13:24:48,1.9,0.0,13,2470,买盘
1688,13:24:57,1.9,0.0,1,190,买盘
1689,13:25:04,1.9,0.0,39,7410,买盘
1690,13:25:06,1.9,0.0,100,19000,买盘
1691,13:25:09,1.9,0.0,1,190,买盘
1692,13:25:18,1.89,-0.01,1,189,卖盘
1693,13:25:51,1.89,0.0,126,23814,卖盘
1694,13:25:54,1.9,0.01,1,190,买盘
1695,13:25:57,1.9,0.0,1,190,买盘
1696,13:26:04,1.9,0.0,12,2280,买盘
1697,13:26:12,1.9,0.0,10,1900,买盘
1698,13:26:21,1.9,0.0,267,50730,买盘
1699,13:26:24,1.9,0.0,15,2850,买盘
1700,13:26:27,1.9,0.0,1,190,买盘
1701,13:27:01,1.89,-0.01,3,567,卖盘
1702,13:27:06,1.9,0.01,250,47500,买盘
1703,13:27:09,1.9,0.0,5,950,买盘
1704,13:27:18,1.9,0.0,886,168340,买盘
1705,13:27:21,1.9,0.0,18,3420,买盘
1706,13:27:24,1.9,0.0,25,4750,买盘
1707,13:27:34,1.89,-0.01,190,35910,卖盘
1708,13:27:36,1.9,0.01,567,107730,买盘
1709,13:27:39,1.9,0.0,12,2280,买盘
1710,13:27:42,1.89,-0.01,4,756,卖盘
1711,13:27:45,1.89,0.0,1,189,卖盘
1712,13:27:54,1.9,0.01,100,19000,买盘
1713,13:27:57,1.9,0.0,2,380,买盘
1714,13:28:06,1.9,0.0,200,38000,买盘
1715,13:28:09,1.9,0.0,88,16720,买盘
1716,13:28:12,1.89,-0.01,52,9830,卖盘
1717,13:28:15,1.9,0.01,1,190,买盘
1718,13:28:18,1.89,-0.01,5,945,卖盘
1719,13:28:39,1.89,0.0,2,378,卖盘
1720,13:28:45,1.89,0.0,200,37800,卖盘
1721,13:28:48,1.9,0.01,4,760,买盘
1722,13:28:57,1.89,-0.01,5,945,卖盘
1723,13:29:06,1.89,0.0,100,18900,卖盘
1724,13:29:09,1.9,0.01,2,380,买盘
1725,13:29:12,1.9,0.0,11,2090,买盘
1726,13:29:15,1.9,0.0,72,13609,买盘
1727,13:29:18,1.9,0.0,1,190,买盘
1728,13:30:04,1.9,0.0,2,380,买盘
1729,13:30:07,1.89,-0.01,30,5670,卖盘
1730,13:30:10,1.9,0.01,1,190,买盘
1731,13:30:12,1.89,-0.01,200,37800,卖盘
1732,13:30:16,1.9,0.01,4,760,买盘
1733,13:30:48,1.9,0.0,14,2652,买盘
1734,13:31:00,1.9,0.0,46,8725,买盘
1735,13:31:04,1.9,0.0,1,190,买盘
1736,13:31:21,1.9,0.0,10,1900,买盘
1737,13:31:36,1.89,-0.01,103,19467,卖盘
1738,13:31:39,1.9,0.01,2,380,买盘
1739,13:31:54,1.89,-0.01,100,18900,卖盘
1740,13:31:57,1.9,0.01,2,380,买盘
1741,13:32:12,1.89,-0.01,50,9450,卖盘
1742,13:32:15,1.9,0.01,2,380,买盘
1743,13:32:18,1.89,-0.01,78,14742,卖盘
1744,13:32:21,1.9,0.01,1,190,买盘
1745,13:32:27,1.89,-0.01,100,18900,卖盘
1746,13:32:30,1.9,0.01,2,380,买盘
1747,13:32:33,1.89,-0.01,10,1890,卖盘
1748,13:32:39,1.89,0.0,68,12852,卖盘
1749,13:32:42,1.9,0.01,2,380,买盘
1750,13:32:52,1.89,-0.01,201,37990,卖盘
1751,13:32:55,1.9,0.01,4,760,买盘
1752,13:33:24,1.89,-0.01,80,15120,卖盘
1753,13:33:27,1.9,0.01,2,380,买盘
1754,13:33:39,1.89,-0.01,2,378,卖盘
1755,13:34:00,1.89,0.0,40,7560,卖盘
1756,13:34:24,1.9,0.01,5,950,买盘
1757,13:34:27,1.89,-0.01,26,4914,卖盘
1758,13:34:30,1.9,0.01,1,190,买盘
1759,13:34:42,1.89,-0.01,5,945,卖盘
1760,13:34:54,1.89,0.0,8,1512,卖盘
1761,13:35:03,1.89,0.0,424,80136,卖盘
1762,13:35:06,1.89,0.0,22,4167,卖盘
1763,13:35:09,1.89,0.0,331,62559,卖盘
1764,13:35:12,1.9,0.01,7,1330,买盘
1765,13:35:21,1.89,-0.01,59,11151,卖盘
1766,13:35:24,1.9,0.01,1,190,买盘
1767,13:35:43,1.89,-0.01,55,10395,卖盘
1768,13:35:46,1.9,0.01,2,380,买盘
1769,13:35:57,1.89,-0.01,37,6993,卖盘
1770,13:36:18,1.89,0.0,50,9450,卖盘
1771,13:36:37,1.89,0.0,187,35448,卖盘
1772,13:36:40,1.9,0.01,5,950,买盘
1773,13:36:48,1.89,-0.01,20,3780,卖盘
1774,13:37:06,1.89,0.0,10,1890,卖盘
1775,13:37:09,1.89,0.0,100,18900,卖盘
1776,13:37:12,1.89,0.0,54,10209,卖盘
1777,13:37:21,1.89,0.0,98,18522,卖盘
1778,13:37:24,1.9,0.01,3,570,买盘
1779,13:37:30,1.89,-0.01,19,3591,卖盘
1780,13:37:33,1.89,0.0,130,24570,卖盘
1781,13:37:36,1.9,0.01,3,570,买盘
1782,13:37:39,1.89,-0.01,267,50463,卖盘
1783,13:37:42,1.9,0.01,6,1140,买盘
1784,13:37:45,1.9,0.0,702,132780,买盘
1785,13:37:49,1.9,0.0,49,9275,买盘
1786,13:37:51,1.89,-0.01,50,9450,卖盘
1787,13:37:58,1.89,0.0,1449,273861,卖盘
1788,13:38:00,1.89,0.0,294,55597,卖盘
1789,13:38:03,1.89,0.0,426,80524,卖盘
1790,13:38:06,1.89,0.0,714,134955,卖盘
1791,13:38:09,1.9,0.01,1219,230405,买盘
1792,13:38:12,1.89,-0.01,666,125899,卖盘
1793,13:38:15,1.89,0.0,64,12109,卖盘
1794,13:38:18,1.89,0.0,50,9450,卖盘
1795,13:38:21,1.89,0.0,205,38748,卖盘
1796,13:38:24,1.9,0.01,87,16450,买盘
1797,13:38:27,1.89,-0.01,896,169344,卖盘
1798,13:38:30,1.89,0.0,19,3591,买盘
1799,13:38:33,1.89,0.0,8,1512,买盘
1800,13:38:48,1.88,-0.01,2,376,卖盘
1801,13:39:06,1.89,0.01,30,5670,买盘
1802,13:39:12,1.89,0.0,22,4158,买盘
1803,13:39:15,1.88,-0.01,20,3760,卖盘
1804,13:39:42,1.88,0.0,10,1880,卖盘
1805,13:39:48,1.88,0.0,42,7896,卖盘
1806,13:39:52,1.89,0.01,1,189,买盘
1807,13:40:00,1.89,0.0,602,113778,买盘
1808,13:40:03,1.89,0.0,18,3402,买盘
1809,13:40:07,1.89,0.0,1,189,买盘
1810,13:40:30,1.89,0.0,77,14553,买盘
1811,13:40:33,1.89,0.0,1330,251370,买盘
1812,13:40:36,1.88,-0.01,50,9400,卖盘
1813,13:40:40,1.89,0.01,1,189,买盘
1814,13:40:43,1.89,0.0,33,6237,买盘
1815,13:41:06,1.89,0.0,122,23058,买盘
1816,13:41:09,1.89,0.0,3,567,买盘
1817,13:41:39,1.89,0.0,10,1890,买盘
1818,13:41:45,1.89,0.0,284,53676,买盘
1819,13:41:48,1.89,0.0,8,1512,买盘
1820,13:41:51,1.89,0.0,1,189,买盘
1821,13:41:54,1.89,0.0,2,378,买盘
1822,13:42:01,1.89,0.0,23,4347,买盘
1823,13:43:07,1.89,0.0,50,9450,买盘
1824,13:43:09,1.89,0.0,2,378,买盘
1825,13:43:30,1.89,0.0,200,37800,买盘
1826,13:43:34,1.89,0.0,1232,232848,买盘
1827,13:43:37,1.89,0.0,37,6993,买盘
1828,13:43:40,1.89,0.0,2,378,买盘
1829,13:43:55,1.88,-0.01,10,1880,卖盘
1830,13:44:00,1.89,0.01,100,18900,买盘
1831,13:44:03,1.9,0.01,2085,395976,买盘
1832,13:44:06,1.9,0.0,63,11970,买盘
1833,13:44:09,1.9,0.0,2,380,买盘
1834,13:44:15,1.89,-0.01,155,29295,卖盘
1835,13:44:19,1.89,0.0,5,945,买盘
1836,13:44:30,1.88,-0.01,157,29573,卖盘
1837,13:44:33,1.89,0.01,18,3402,买盘
1838,13:44:36,1.89,0.0,85,16065,买盘
1839,13:44:39,1.89,0.0,4,755,买盘
1840,13:44:42,1.88,-0.01,40,7520,卖盘
1841,13:44:54,1.89,0.01,1,189,买盘
1842,13:45:22,1.89,0.0,150,28350,买盘
1843,13:45:24,1.89,0.0,6,1134,买盘
1844,13:45:33,1.89,0.0,13,2457,买盘
1845,13:45:48,1.88,-0.01,9,1692,卖盘
1846,13:46:00,1.89,0.01,118,22302,买盘
1847,13:46:04,1.89,0.0,111,20979,买盘
1848,13:46:07,1.89,0.0,4,756,买盘
1849,13:46:18,1.89,0.0,27,5103,买盘
1850,13:46:21,1.89,0.0,134,25326,买盘
1851,13:46:25,1.89,0.0,5,945,买盘
1852,13:46:48,1.89,0.0,2,378,买盘
1853,13:47:18,1.89,0.0,50,9450,买盘
1854,13:47:28,1.89,0.0,78,14742,买盘
1855,13:47:30,1.89,0.0,74,13986,买盘
1856,13:47:36,1.89,0.0,150,28350,买盘
1857,13:47:39,1.89,0.0,156,29484,买盘
1858,13:47:42,1.89,0.0,14,2644,买盘
1859,13:47:48,1.89,0.0,139,26271,买盘
1860,13:47:51,1.89,0.0,5,945,买盘
1861,13:48:00,1.88,-0.01,89,16810,卖盘
1862,13:48:12,1.89,0.01,45,8505,买盘
1863,13:48:15,1.89,0.0,4,756,买盘
1864,13:48:18,1.89,0.0,51,9639,买盘
1865,13:48:21,1.89,0.0,39,7371,买盘
1866,13:49:12,1.89,0.0,600,113400,买盘
1867,13:49:15,1.89,0.0,44,8316,买盘
1868,13:49:18,1.89,0.0,2,378,买盘
1869,13:49:21,1.89,0.0,50,9450,买盘
1870,13:49:24,1.89,0.0,2,378,买盘
1871,13:49:30,1.88,-0.01,73,13734,卖盘
1872,13:49:34,1.89,0.01,3,567,买盘
1873,13:49:51,1.89,0.0,432,81648,买盘
1874,13:49:54,1.89,0.0,17,3213,买盘
1875,13:49:57,1.89,0.0,1,189,买盘
1876,13:50:04,1.89,0.0,341,64449,买盘
1877,13:50:06,1.89,0.0,14,2646,买盘
1878,13:50:36,1.89,0.0,1,189,买盘
1879,13:50:45,1.89,0.0,375,70875,买盘
1880,13:50:48,1.89,0.0,16,3024,买盘
1881,13:51:06,1.89,0.0,445,84105,买盘
1882,13:51:09,1.89,0.0,59,11151,买盘
1883,13:51:12,1.89,0.0,3,567,买盘
1884,13:51:21,1.89,0.0,50,9450,买盘
1885,13:51:25,1.89,0.0,193,36477,买盘
1886,13:51:27,1.89,0.0,8,1512,买盘
1887,13:51:30,1.89,0.0,30,5670,买盘
1888,13:51:42,1.89,0.0,50,9450,买盘
1889,13:51:45,1.89,0.0,3,567,买盘
1890,13:51:48,1.89,0.0,40,7560,买盘
1891,13:52:04,1.89,0.0,150,28350,买盘
1892,13:52:07,1.89,0.0,8,1512,买盘
1893,13:52:09,1.89,0.0,41,7749,买盘
1894,13:52:12,1.89,0.0,76,14364,买盘
1895,13:52:15,1.89,0.0,5,945,买盘
1896,13:52:21,1.89,0.0,48,9072,买盘
1897,13:52:42,1.89,0.0,25,4725,买盘
1898,13:52:45,1.89,0.0,3,567,买盘
1899,13:53:01,1.89,0.0,48,9072,买盘
1900,13:53:10,1.89,0.0,10,1890,买盘
1901,13:53:12,1.89,0.0,3,567,买盘
1902,13:54:03,1.89,0.0,188,35532,买盘
1903,13:54:06,1.89,0.0,8,1512,买盘
1904,13:54:15,1.89,0.0,50,9450,买盘
1905,13:54:18,1.89,0.0,3,567,买盘
1906,13:54:42,1.89,0.0,1000,189000,买盘
1907,13:54:45,1.89,0.0,40,7560,买盘
1908,13:54:48,1.89,0.0,80,15120,买盘
1909,13:54:51,1.89,0.0,5,945,买盘
1910,13:55:06,1.89,0.0,66,12454,买盘
1911,13:55:18,1.89,0.0,1,189,买盘
1912,13:55:33,1.89,0.0,53,10017,买盘
1913,13:55:36,1.89,0.0,5,945,买盘
1914,13:55:39,1.89,0.0,70,13230,买盘
1915,13:55:42,1.89,0.0,3,567,买盘
1916,13:55:45,1.89,0.0,16,3024,买盘
1917,13:55:48,1.89,0.0,5,945,买盘
1918,13:55:51,1.89,0.0,966,182574,买盘
1919,13:55:54,1.9,0.01,39,7410,买盘
1920,13:55:57,1.89,-0.01,907,171423,卖盘
1921,13:56:00,1.89,0.0,39,7371,买盘
1922,13:56:10,1.88,-0.01,7,1316,卖盘
1923,13:56:18,1.89,0.01,160,30240,买盘
1924,13:56:21,1.89,0.0,8,1512,买盘
1925,13:56:24,1.89,0.0,34,6426,买盘
1926,13:56:33,1.89,0.0,61,11529,买盘
1927,13:56:39,1.89,0.0,9,1701,买盘
1928,13:56:42,1.89,0.0,5,945,买盘
1929,13:56:45,1.89,0.0,10,1890,买盘
1930,13:56:57,1.89,0.0,27,5103,买盘
1931,13:57:15,1.89,0.0,10,1890,买盘
1932,13:57:18,1.89,0.0,100,18900,买盘
1933,13:57:21,1.89,0.0,6,1134,买盘
1934,13:57:42,1.89,0.0,100,18900,买盘
1935,13:57:51,1.89,0.0,67,12663,买盘
1936,13:57:54,1.89,0.0,7,1323,买盘
1937,13:58:04,1.88,-0.01,23,4324,卖盘
1938,13:58:09,1.89,0.01,1000,189000,买盘
1939,13:58:12,1.89,0.0,41,7749,买盘
1940,13:58:24,1.88,-0.01,1357,255116,卖盘
1941,13:58:27,1.89,0.01,254,48006,买盘
1942,13:58:30,1.89,0.0,30,5650,买盘
1943,13:58:39,1.89,0.0,3,567,买盘
1944,13:59:15,1.89,0.0,116,21924,买盘
1945,13:59:18,1.89,0.0,7,1323,买盘
1946,13:59:27,1.88,-0.01,6,1129,卖盘
1947,13:59:30,1.89,0.01,280,52660,买盘
1948,13:59:33,1.89,0.0,67,12663,买盘
1949,14:00:33,1.88,-0.01,50,9400,卖盘
1950,14:00:36,1.89,0.01,5,945,买盘
1951,14:00:39,1.89,0.0,545,103005,买盘
1952,14:00:42,1.89,0.0,22,4158,买盘
1953,14:00:45,1.89,0.0,100,18900,买盘
1954,14:00:48,1.89,0.0,31,5859,买盘
1955,14:00:51,1.89,0.0,57,10722,买盘
1956,14:00:54,1.89,0.0,87,16443,买盘
1957,14:00:57,1.9,0.01,7,1330,买盘
1958,14:01:21,1.89,-0.01,10,1890,卖盘
1959,14:01:33,1.9,0.01,112,21250,买盘
1960,14:01:36,1.89,-0.01,6,1139,卖盘
1961,14:01:46,1.89,0.0,50,9450,卖盘
1962,14:02:09,1.89,0.0,100,18900,卖盘
1963,14:02:12,1.9,0.01,6,1140,买盘
1964,14:02:18,1.89,-0.01,10,1890,卖盘
1965,14:02:33,1.89,0.0,20,3780,卖盘
1966,14:02:39,1.89,0.0,10,1890,卖盘
1967,14:02:45,1.89,0.0,17,3213,卖盘
1968,14:03:18,1.89,0.0,80,15120,卖盘
1969,14:03:21,1.9,0.01,3,570,买盘
1970,14:03:33,1.89,-0.01,20,3780,卖盘
1971,14:04:00,1.89,0.0,10,1890,卖盘
1972,14:04:04,1.9,0.01,1,190,买盘
1973,14:04:06,1.89,-0.01,5,945,卖盘
1974,14:04:27,1.89,0.0,10,1890,卖盘
1975,14:04:45,1.9,0.01,51,9690,买盘
1976,14:04:48,1.9,0.0,2,380,买盘
1977,14:04:54,1.89,-0.01,15,2835,卖盘
1978,14:05:06,1.89,0.0,3,567,卖盘
1979,14:05:13,1.89,0.0,11,2079,卖盘
1980,14:05:16,1.9,0.01,1,190,买盘
1981,14:05:24,1.89,-0.01,50,9450,卖盘
1982,14:05:27,1.9,0.01,1,190,买盘
1983,14:05:30,1.89,-0.01,160,30240,卖盘
1984,14:05:33,1.9,0.01,5,950,买盘
1985,14:05:42,1.89,-0.01,6,1134,卖盘
1986,14:06:06,1.89,0.0,1500,283500,卖盘
1987,14:06:09,1.89,0.0,86,16300,卖盘
1988,14:06:13,1.9,0.01,3,570,买盘
1989,14:06:15,1.89,-0.01,70,13230,卖盘
1990,14:06:18,1.9,0.01,2,380,买盘
1991,14:06:28,1.89,-0.01,51,9639,卖盘
1992,14:06:31,1.9,0.01,1,190,买盘
1993,14:06:39,1.9,0.0,76,14440,买盘
1994,14:06:42,1.9,0.0,1,190,买盘
1995,14:06:49,1.89,-0.01,50,9450,卖盘
1996,14:06:52,1.9,0.01,1,190,买盘
1997,14:07:00,1.9,0.0,1,190,买盘
1998,14:07:12,1.89,-0.01,1016,192024,卖盘
1999,14:07:15,1.9,0.01,21,3990,买盘
2000,14:07:18,1.89,-0.01,62,11718,卖盘
2001,14:07:21,1.9,0.01,1,190,买盘
2002,14:07:24,1.89,-0.01,150,28350,卖盘
2003,14:07:27,1.9,0.01,3,570,买盘
2004,14:07:33,1.9,0.0,45,8535,买盘
2005,14:08:03,1.89,-0.01,9,1701,卖盘
2006,14:08:21,1.89,0.0,100,18900,卖盘
2007,14:08:24,1.89,0.0,32,6049,卖盘
2008,14:08:27,1.89,0.0,180,34020,卖盘
2009,14:08:31,1.9,0.01,2,380,买盘
2010,14:08:33,1.89,-0.01,67,12663,卖盘
2011,14:08:36,1.89,0.0,229,43281,卖盘
2012,14:08:39,1.9,0.01,3,570,买盘
2013,14:08:42,1.89,-0.01,73,13797,卖盘
2014,14:08:45,1.89,0.0,131,24760,卖盘
2015,14:08:48,1.89,0.0,1,189,买盘
2016,14:08:51,1.89,0.0,10,1890,买盘
2017,14:08:54,1.88,-0.01,70,13160,卖盘
2018,14:08:57,1.89,0.01,1,189,买盘
2019,14:09:09,1.89,0.0,40,7560,买盘
2020,14:09:12,1.89,0.0,10,1890,买盘
2021,14:09:15,1.88,-0.01,1,188,卖盘
2022,14:09:18,1.89,0.01,25,4725,买盘
2023,14:09:36,1.89,0.0,100,18900,买盘
2024,14:09:39,1.89,0.0,1,189,买盘
2025,14:09:52,1.89,0.0,1,189,买盘
2026,14:10:06,1.89,0.0,139,26271,买盘
2027,14:10:09,1.89,0.0,2,378,买盘
2028,14:10:16,1.89,0.0,4,756,买盘
2029,14:10:19,1.89,0.0,55,10395,买盘
2030,14:10:21,1.89,0.0,1,189,买盘
2031,14:10:27,1.89,0.0,2,378,买盘
2032,14:10:39,1.89,0.0,20,3780,买盘
2033,14:10:57,1.89,0.0,1,189,买盘
2034,14:11:00,1.88,-0.01,30,5640,卖盘
2035,14:11:09,1.89,0.01,20,3780,买盘
2036,14:11:15,1.89,0.0,50,9450,买盘
2037,14:11:19,1.89,0.0,1,189,买盘
2038,14:11:27,1.88,-0.01,4,752,卖盘
2039,14:11:37,1.89,0.01,300,56700,买盘
2040,14:11:39,1.89,0.0,6,1134,买盘
2041,14:11:42,1.88,-0.01,25,4700,卖盘
2042,14:11:45,1.88,0.0,88,16544,卖盘
2043,14:11:48,1.89,0.01,2,378,买盘
2044,14:12:03,1.88,-0.01,735,138185,卖盘
2045,14:12:06,1.89,0.01,15,2835,买盘
2046,14:12:12,1.89,0.0,65,12285,买盘
2047,14:12:15,1.89,0.0,2,378,买盘
2048,14:12:24,1.89,0.0,85,16065,买盘
2049,14:12:27,1.89,0.0,2,378,买盘
2050,14:12:42,1.89,0.0,31,5859,买盘
2051,14:13:27,1.88,-0.01,3,564,卖盘
2052,14:13:30,1.89,0.01,1,189,买盘
2053,14:13:36,1.89,0.0,100,18900,买盘
2054,14:13:39,1.89,0.0,2,378,买盘
2055,14:14:06,1.89,0.0,100,18900,买盘
2056,14:14:09,1.89,0.0,2,378,买盘
2057,14:14:24,1.89,0.0,280,52920,买盘
2058,14:14:27,1.89,0.0,5,945,买盘
2059,14:14:36,1.89,0.0,8,1507,买盘
2060,14:14:39,1.89,0.0,1,189,买盘
2061,14:14:54,1.89,0.0,1015,191835,买盘
2062,14:14:57,1.89,0.0,20,3780,买盘
2063,14:15:00,1.89,0.0,1,189,买盘
2064,14:15:07,1.89,0.0,100,18900,买盘
2065,14:15:09,1.88,-0.01,12,2258,卖盘
2066,14:15:21,1.89,0.01,50,9450,买盘
2067,14:15:24,1.89,0.0,1,189,买盘
2068,14:15:51,1.89,0.0,150,28350,买盘
2069,14:15:54,1.89,0.0,4,756,买盘
2070,14:16:04,1.89,0.0,207,38917,买盘
2071,14:16:07,1.89,0.0,6,1134,买盘
2072,14:16:09,1.89,0.0,1,189,买盘
2073,14:16:13,1.89,0.0,100,18900,买盘
2074,14:16:15,1.89,0.0,23,4347,买盘
2075,14:16:21,1.89,0.0,11,2079,买盘
2076,14:16:24,1.89,0.0,51,9639,买盘
2077,14:16:27,1.89,0.0,16,3024,买盘
2078,14:16:30,1.89,0.0,304,57456,买盘
2079,14:16:33,1.89,0.0,9,1701,买盘
2080,14:17:18,1.89,0.0,79,14931,买盘
2081,14:17:21,1.89,0.0,62,11718,买盘
2082,14:17:24,1.89,0.0,3,567,买盘
2083,14:17:36,1.89,0.0,18,3402,买盘
2084,14:17:42,1.89,0.0,26,4914,买盘
2085,14:17:45,1.89,0.0,10,1881,买盘
2086,14:17:51,1.89,0.0,534,100926,买盘
2087,14:17:54,1.89,0.0,17,3213,买盘
2088,14:18:00,1.88,-0.01,327,61476,卖盘
2089,14:18:03,1.89,0.01,10,1890,买盘
2090,14:18:43,1.89,0.0,67,12663,买盘
2091,14:18:45,1.89,0.0,2,378,买盘
2092,14:18:57,1.89,0.0,1,189,买盘
2093,14:19:00,1.89,0.0,1,189,买盘
2094,14:19:33,1.89,0.0,42,7938,买盘
2095,14:19:36,1.88,-0.01,593,112070,卖盘
2096,14:19:39,1.89,0.01,18,3402,买盘
2097,14:19:57,1.88,-0.01,10,1880,卖盘
2098,14:20:06,1.89,0.01,30,5670,买盘
2099,14:20:09,1.89,0.0,4,756,买盘
2100,14:20:24,1.88,-0.01,150,28200,卖盘
2101,14:20:27,1.89,0.01,4,756,买盘
2102,14:20:30,1.88,-0.01,41,7708,卖盘
2103,14:20:34,1.89,0.01,2,378,买盘
2104,14:21:12,1.88,-0.01,5,940,卖盘
2105,14:21:18,1.88,0.0,100,18800,卖盘
2106,14:21:21,1.89,0.01,4,756,买盘
2107,14:21:39,1.88,-0.01,41,7708,卖盘
2108,14:21:42,1.89,0.01,3,567,买盘
2109,14:22:15,1.89,0.0,1,189,买盘
2110,14:22:18,1.88,-0.01,20,3760,卖盘
2111,14:22:27,1.89,0.01,59,11151,买盘
2112,14:22:31,1.89,0.0,2,378,买盘
2113,14:22:48,1.88,-0.01,5,940,卖盘
2114,14:23:06,1.88,0.0,153,28764,卖盘
2115,14:23:09,1.89,0.01,6,1134,买盘
2116,14:23:30,1.89,0.0,20,3780,买盘
2117,14:23:33,1.89,0.0,1,189,买盘
2118,14:24:18,1.89,0.0,55,10395,买盘
2119,14:24:21,1.89,0.0,2,378,买盘
2120,14:24:27,1.89,0.0,50,9450,买盘
2121,14:24:30,1.89,0.0,2,378,买盘
2122,14:25:00,1.89,0.0,11,2079,买盘
2123,14:25:04,1.89,0.0,1,189,买盘
2124,14:25:27,1.88,-0.01,8,1504,卖盘
2125,14:25:42,1.88,0.0,80,15040,卖盘
2126,14:25:45,1.89,0.01,33,6207,买盘
2127,14:25:48,1.89,0.0,2,378,买盘
2128,14:26:12,1.89,0.0,1,189,买盘
2129,14:26:24,1.89,0.0,64,12096,买盘
2130,14:26:27,1.88,-0.01,106,19931,卖盘
2131,14:26:30,1.89,0.01,4,756,买盘
2132,14:26:42,1.88,-0.01,10,1880,卖盘
2133,14:27:04,1.89,0.01,2,378,买盘
2134,14:27:24,1.89,0.0,66,12474,买盘
2135,14:27:27,1.89,0.0,3,567,买盘
2136,14:27:42,1.89,0.0,65,12280,买盘
2137,14:27:45,1.89,0.0,3,567,买盘
2138,14:28:00,1.89,0.0,5,945,买盘
2139,14:28:24,1.89,0.0,36,6804,买盘
2140,14:28:27,1.89,0.0,102,19178,买盘
2141,14:28:30,1.89,0.0,4,756,买盘
2142,14:29:21,1.88,-0.01,12,2256,卖盘
2143,14:29:51,1.89,0.01,50,9450,买盘
2144,14:29:54,1.89,0.0,3,567,买盘
2145,14:30:22,1.89,0.0,5,945,买盘
2146,14:30:25,1.89,0.0,300,56700,买盘
2147,14:30:27,1.89,0.0,12,2268,买盘
2148,14:31:03,1.88,-0.01,36,6768,卖盘
2149,14:31:06,1.89,0.01,2,378,买盘
2150,14:31:12,1.89,0.0,4,756,买盘
2151,14:31:18,1.89,0.0,4,756,买盘
2152,14:31:27,1.88,-0.01,36,6768,卖盘
2153,14:31:30,1.89,0.01,30,5652,买盘
2154,14:31:33,1.89,0.0,2,378,买盘
2155,14:31:42,1.89,0.0,95,17955,买盘
2156,14:31:45,1.89,0.0,4,756,买盘
2157,14:32:09,1.89,0.0,25,4725,买盘
2158,14:32:12,1.89,0.0,1,189,买盘
2159,14:32:15,1.88,-0.01,22,4136,卖盘
2160,14:32:18,1.89,0.01,1,189,买盘
2161,14:32:27,1.89,0.0,150,28350,买盘
2162,14:32:30,1.89,0.0,57,10773,买盘
2163,14:32:33,1.88,-0.01,111,20870,卖盘
2164,14:32:36,1.89,0.01,5,945,买盘
2165,14:32:46,1.88,-0.01,20,3760,卖盘
2166,14:32:52,1.89,0.01,4,756,买盘
2167,14:33:00,1.89,0.0,16,3024,买盘
2168,14:33:04,1.89,0.0,2,378,买盘
2169,14:33:18,1.88,-0.01,10,1880,卖盘
2170,14:33:31,1.89,0.01,5,945,买盘
2171,14:33:45,1.88,-0.01,11,2068,卖盘
2172,14:33:48,1.88,0.0,187,35156,卖盘
2173,14:33:51,1.89,0.01,9,1701,买盘
2174,14:34:00,1.89,0.0,1,189,买盘
2175,14:34:30,1.89,0.0,6,1134,买盘
2176,14:34:33,1.88,-0.01,10,1880,卖盘
2177,14:34:45,1.89,0.01,447,84483,买盘
2178,14:34:48,1.89,0.0,19,3591,买盘
2179,14:35:06,1.89,0.0,17,3213,买盘
2180,14:35:24,1.89,0.0,1,189,买盘
2181,14:35:27,1.89,0.0,50,9450,买盘
2182,14:35:30,1.89,0.0,3,567,买盘
2183,14:35:36,1.88,-0.01,150,28250,卖盘
2184,14:35:39,1.89,0.01,4,756,买盘
2185,14:35:42,1.88,-0.01,60,11280,卖盘
2186,14:35:46,1.89,0.01,2,378,买盘
2187,14:36:06,1.88,0.0,300,56400,卖盘
2188,14:36:09,1.89,0.01,209,39501,买盘
2189,14:36:12,1.89,0.0,7,1323,买盘
2190,14:36:27,1.89,0.0,30,5670,买盘
2191,14:36:30,1.89,0.0,578,109242,买盘
2192,14:36:33,1.89,0.0,57,10733,买盘
2193,14:36:36,1.89,0.0,2,378,买盘
2194,14:36:39,1.88,-0.01,60,11280,卖盘
2195,14:36:46,1.88,0.0,30,5640,卖盘
2196,14:36:49,1.89,0.01,11,2069,买盘
2197,14:36:52,1.89,0.0,1,189,买盘
2198,14:36:55,1.88,-0.01,103,19364,卖盘
2199,14:36:57,1.89,0.01,4,756,买盘
2200,14:37:00,1.88,-0.01,87,16387,卖盘
2201,14:37:04,1.88,0.0,664,125396,卖盘
2202,14:37:06,1.89,0.01,27,5103,买盘
2203,14:37:09,1.89,0.0,2,378,买盘
2204,14:37:12,1.88,-0.01,374,70312,卖盘
2205,14:37:15,1.89,0.01,19,3591,买盘
2206,14:37:21,1.88,-0.01,51,9588,卖盘
2207,14:37:24,1.89,0.01,3,567,买盘
2208,14:37:40,1.89,0.0,560,105840,买盘
2209,14:37:42,1.89,0.0,23,4347,买盘
2210,14:38:03,1.89,0.0,21,3949,买盘
2211,14:38:18,1.88,-0.01,14,2632,卖盘
2212,14:38:21,1.88,0.0,44,8274,卖盘
2213,14:38:24,1.89,0.01,2,378,买盘
2214,14:38:33,1.89,0.0,381,72009,买盘
2215,14:38:36,1.89,0.0,15,2835,买盘
2216,14:38:39,1.88,-0.01,14,2632,卖盘
2217,14:38:48,1.88,0.0,50,9400,卖盘
2218,14:38:52,1.89,0.01,3,567,买盘
2219,14:39:01,1.89,0.0,1,189,买盘
2220,14:39:22,1.89,0.0,556,105084,买盘
2221,14:39:24,1.89,0.0,23,4347,买盘
2222,14:39:30,1.89,0.0,32,6048,买盘
2223,14:39:36,1.88,-0.01,12,2256,卖盘
2224,14:39:39,1.89,0.01,3,567,买盘
2225,14:39:45,1.88,-0.01,76,14288,卖盘
2226,14:39:48,1.89,0.01,455,85995,买盘
2227,14:39:51,1.89,0.0,20,3780,买盘
2228,14:40:00,1.88,-0.01,50,9400,卖盘
2229,14:40:07,1.88,0.0,14,2632,卖盘
2230,14:40:09,1.88,0.0,115,21620,卖盘
2231,14:40:12,1.89,0.01,105,19845,买盘
2232,14:40:15,1.89,0.0,4,756,买盘
2233,14:40:48,1.89,0.0,825,155925,买盘
2234,14:40:51,1.88,-0.01,133,25037,卖盘
2235,14:40:54,1.89,0.01,67,12663,买盘
2236,14:41:03,1.89,0.0,20,3780,买盘
2237,14:41:06,1.88,-0.01,439,82532,卖盘
2238,14:41:09,1.89,0.01,21,3969,买盘
2239,14:41:21,1.89,0.0,100,18807,买盘
2240,14:41:24,1.89,0.0,5,945,买盘
2241,14:41:33,1.88,-0.01,20,3760,卖盘
2242,14:42:30,1.88,0.0,10,1880,卖盘
2243,14:42:36,1.88,0.0,100,18800,卖盘
2244,14:42:39,1.89,0.01,5,945,买盘
2245,14:42:51,1.88,-0.01,5,940,卖盘
2246,14:42:54,1.89,0.01,1,189,买盘
2247,14:43:09,1.88,-0.01,60,11280,卖盘
2248,14:43:12,1.89,0.01,3,567,买盘
2249,14:43:24,1.88,-0.01,67,12596,卖盘
2250,14:43:27,1.89,0.01,40,7523,买盘
2251,14:43:30,1.89,0.0,2,378,买盘
2252,14:43:33,1.89,0.0,100,18900,买盘
2253,14:43:36,1.89,0.0,25,4725,买盘
2254,14:43:39,1.88,-0.01,14,2634,卖盘
2255,14:43:45,1.89,0.01,50,9450,买盘
2256,14:43:48,1.89,0.0,3,567,买盘
2257,14:43:54,1.88,-0.01,36,6768,卖盘
2258,14:43:57,1.89,0.01,2,378,买盘
2259,14:44:06,1.89,0.0,12,2268,买盘
2260,14:44:09,1.89,0.0,1,189,买盘
2261,14:44:12,1.88,-0.01,50,9400,卖盘
2262,14:44:15,1.89,0.01,2,378,买盘
2263,14:44:24,1.88,-0.01,841,158108,卖盘
2264,14:44:27,1.89,0.01,43,8127,买盘
2265,14:44:30,1.89,0.0,2,378,买盘
2266,14:44:33,1.88,-0.01,11,2068,卖盘
2267,14:44:39,1.89,0.01,10,1890,买盘
2268,14:44:42,1.88,-0.01,263,49645,卖盘
2269,14:44:45,1.89,0.01,24,4526,买盘
2270,14:44:48,1.88,-0.01,25,4700,卖盘
2271,14:44:51,1.89,0.01,2,378,买盘
2272,14:44:57,1.88,-0.01,1077,202476,卖盘
2273,14:45:00,1.89,0.01,55,10395,买盘
2274,14:45:04,1.89,0.0,143,27027,买盘
2275,14:45:06,1.89,0.0,40,7530,买盘
2276,14:45:09,1.88,-0.01,200,37600,卖盘
2277,14:45:12,1.89,0.01,12,2268,买盘
2278,14:45:15,1.89,0.0,1,189,买盘
2279,14:45:18,1.88,-0.01,141,26508,卖盘
2280,14:45:21,1.89,0.01,108,20412,买盘
2281,14:45:24,1.89,0.0,6,1134,买盘
2282,14:45:42,1.88,-0.01,5,940,卖盘
2283,14:46:00,1.89,0.01,33,6237,买盘
2284,14:46:12,1.89,0.0,1,189,买盘
2285,14:46:18,1.88,-0.01,25,4700,卖盘
2286,14:46:21,1.88,0.0,45,8465,卖盘
2287,14:46:24,1.89,0.01,59,11151,买盘
2288,14:46:34,1.88,-0.01,110,20680,卖盘
2289,14:46:36,1.89,0.01,29,5481,买盘
2290,14:46:48,1.89,0.0,76,14298,买盘
2291,14:46:51,1.89,0.0,5,945,买盘
2292,14:46:54,1.89,0.0,1,189,买盘
2293,14:46:57,1.88,-0.01,67,12596,卖盘
2294,14:47:00,1.88,0.0,197,37036,卖盘
2295,14:47:03,1.89,0.01,14,2646,买盘
2296,14:47:06,1.88,-0.01,50,9400,卖盘
2297,14:47:12,1.88,0.0,66,12408,卖盘
2298,14:47:15,1.89,0.01,7,1323,买盘
2299,14:47:21,1.88,-0.01,208,39128,卖盘
2300,14:47:24,1.89,0.01,11,2079,买盘
2301,14:47:27,1.89,0.0,7,1323,买盘
2302,14:47:30,1.88,-0.01,60,11280,卖盘
2303,14:47:33,1.88,0.0,1,188,卖盘
2304,14:47:42,1.89,0.01,8,1507,买盘
2305,14:47:45,1.88,-0.01,300,56400,卖盘
2306,14:47:49,1.89,0.01,19,3591,买盘
2307,14:48:04,1.88,-0.01,1,188,卖盘
2308,14:48:09,1.88,0.0,20,3760,卖盘
2309,14:48:12,1.88,0.0,1000,188000,卖盘
2310,14:48:16,1.88,0.0,370,69613,卖盘
2311,14:48:19,1.89,0.01,19,3591,买盘
2312,14:48:21,1.88,-0.01,38,7144,卖盘
2313,14:48:24,1.88,0.0,7,1316,卖盘
2314,14:48:27,1.88,0.0,22,4136,卖盘
2315,14:48:33,1.89,0.01,9,1701,买盘
2316,14:48:36,1.88,-0.01,48,9048,卖盘
2317,14:48:39,1.88,0.0,400,75200,卖盘
2318,14:48:42,1.89,0.01,22,4158,买盘
2319,14:48:45,1.88,-0.01,114,21432,卖盘
2320,14:48:48,1.89,0.01,8,1512,买盘
2321,14:48:51,1.88,-0.01,2,377,卖盘
2322,14:48:54,1.89,0.01,19,3591,买盘
2323,14:49:01,1.88,-0.01,32,6016,卖盘
2324,14:49:15,1.88,0.0,20,3760,卖盘
2325,14:49:18,1.88,0.0,421,79148,卖盘
2326,14:49:21,1.89,0.01,25,4725,买盘
2327,14:49:24,1.89,0.0,26,4914,买盘
2328,14:49:27,1.88,-0.01,60,11280,卖盘
2329,14:49:30,1.89,0.01,6,1134,买盘
2330,14:49:40,1.89,0.0,219,41381,买盘
2331,14:49:42,1.88,-0.01,47,8857,卖盘
2332,14:49:45,1.89,0.01,4,756,买盘
2333,14:49:48,1.88,-0.01,431,81033,卖盘
2334,14:49:51,1.88,0.0,37,6980,卖盘
2335,14:49:57,1.88,0.0,41,7708,卖盘
2336,14:50:01,1.89,0.01,255,47945,买盘
2337,14:50:04,1.88,-0.01,812,152668,卖盘
2338,14:50:06,1.88,0.0,241,45349,卖盘
2339,14:50:09,1.89,0.01,13,2457,买盘
2340,14:50:12,1.88,-0.01,5,940,卖盘
2341,14:50:22,1.88,0.0,45,8460,卖盘
2342,14:50:25,1.88,0.0,249,46812,卖盘
2343,14:50:27,1.88,0.0,96,18064,卖盘
2344,14:50:30,1.89,0.01,5,945,买盘
2345,14:50:33,1.88,-0.01,2,376,卖盘
2346,14:50:42,1.88,0.0,37,6956,卖盘
2347,14:50:45,1.89,0.01,80,15100,买盘
2348,14:50:48,1.89,0.0,72,13568,买盘
2349,14:50:51,1.88,-0.01,169,31901,卖盘
2350,14:50:54,1.89,0.01,13,2457,买盘
2351,14:50:57,1.88,-0.01,76,14288,卖盘
2352,14:51:00,1.88,0.0,27,5076,卖盘
2353,14:51:04,1.89,0.01,46,8694,买盘
2354,14:51:09,1.88,-0.01,2792,527668,卖盘
2355,14:51:12,1.89,0.01,144,27216,买盘
2356,14:51:15,1.88,-0.01,65,12228,卖盘
2357,14:51:27,1.88,0.0,59,11092,卖盘
2358,14:51:30,1.89,0.01,6,1134,买盘
2359,14:51:34,1.88,-0.01,20,3760,卖盘
2360,14:51:40,1.88,0.0,255,47940,卖盘
2361,14:51:42,1.89,0.01,15,2835,买盘
2362,14:51:45,1.88,-0.01,350,65800,卖盘
2363,14:51:48,1.88,0.0,734,138010,卖盘
2364,14:51:51,1.89,0.01,37,6993,买盘
2365,14:51:54,1.88,-0.01,35,6590,卖盘
2366,14:51:57,1.88,0.0,138,25944,卖盘
2367,14:52:00,1.89,0.01,11,2079,买盘
2368,14:52:04,1.88,-0.01,1,188,卖盘
2369,14:52:06,1.88,0.0,3,564,卖盘
2370,14:52:09,1.88,0.0,2,376,卖盘
2371,14:52:22,1.88,0.0,5,940,卖盘
2372,14:52:24,1.89,0.01,247,46683,买盘
2373,14:52:27,1.89,0.0,70,13230,买盘
2374,14:52:30,1.88,-0.01,91,17108,卖盘
2375,14:52:33,1.89,0.01,8,1512,买盘
2376,14:52:36,1.89,0.0,506,95628,买盘
2377,14:52:39,1.88,-0.01,28,5289,卖盘
2378,14:52:45,1.88,0.0,8,1504,卖盘
2379,14:52:49,1.89,0.01,50,9450,买盘
2380,14:52:52,1.89,0.0,5,945,买盘
2381,14:52:55,1.88,-0.01,1,188,卖盘
2382,14:52:57,1.88,0.0,4,752,卖盘
2383,14:53:00,1.89,0.01,1,189,买盘
2384,14:53:09,1.88,-0.01,2,376,卖盘
2385,14:53:12,1.89,0.01,20,3780,买盘
2386,14:53:15,1.88,-0.01,134,25192,卖盘
2387,14:53:19,1.89,0.01,135,25515,买盘
2388,14:53:22,1.89,0.0,6,1134,买盘
2389,14:53:39,1.88,-0.01,1,188,卖盘
2390,14:53:45,1.88,0.0,5,940,卖盘
2391,14:53:52,1.88,0.0,16,3008,卖盘
2392,14:54:12,1.88,0.0,10,1880,卖盘
2393,14:54:21,1.88,0.0,20,3760,卖盘
2394,14:54:24,1.88,0.0,1030,193640,卖盘
2395,14:54:27,1.88,0.0,59,11147,卖盘
2396,14:54:42,1.89,0.01,505,95445,买盘
2397,14:54:45,1.89,0.0,29,5481,买盘
2398,14:54:48,1.89,0.0,134,25326,买盘
2399,14:54:51,1.88,-0.01,90,16932,卖盘
2400,14:54:54,1.89,0.01,229,43256,买盘
2401,14:54:58,1.89,0.0,12,2268,买盘
2402,14:55:01,1.89,0.0,1,189,买盘
2403,14:55:04,1.89,0.0,10,1890,买盘
2404,14:55:09,1.89,0.0,91,17109,买盘
2405,14:55:12,1.89,0.0,5,945,买盘
2406,14:55:18,1.88,-0.01,928,175390,卖盘
2407,14:55:21,1.89,0.01,47,8883,买盘
2408,14:55:30,1.89,0.0,33,6236,买盘
2409,14:55:33,1.89,0.0,5,945,买盘
2410,14:55:36,1.89,0.0,923,174447,买盘
2411,14:55:39,1.89,0.0,334,63026,买盘
2412,14:55:42,1.89,0.0,218,41202,买盘
2413,14:55:45,1.89,0.0,11,2079,买盘
2414,14:55:48,1.89,0.0,18,3402,买盘
2415,14:55:55,1.89,0.0,208,39142,买盘
2416,14:55:57,1.89,0.0,67,12663,买盘
2417,14:56:06,1.89,0.0,16,3024,买盘
2418,14:56:12,1.89,0.0,2,377,买盘
2419,14:56:18,1.89,0.0,201,37989,买盘
2420,14:56:21,1.89,0.0,252,47391,买盘
2421,14:56:24,1.89,0.0,646,122094,买盘
2422,14:56:27,1.89,0.0,42,7938,买盘
2423,14:56:30,1.89,0.0,887,167643,买盘
2424,14:56:33,1.88,-0.01,147,27683,卖盘
2425,14:56:36,1.89,0.01,8,1512,买盘
2426,14:56:39,1.88,-0.01,634,119292,卖盘
2427,14:56:42,1.88,0.0,203,38207,卖盘
2428,14:56:45,1.89,0.01,10,1890,买盘
2429,14:56:48,1.88,-0.01,1,188,卖盘
2430,14:56:51,1.89,0.01,120,22680,买盘
2431,14:56:54,1.89,0.0,7,1323,买盘
2432,14:56:57,1.89,0.0,257,48438,买盘
2433,14:57:00,1.89,0.0,14,2646,买盘
2434,15:00:04,1.89,0.0,3413,645057,卖盘
