,time,price,change,volume,amount,type
0,09:25:04,4.15,-0.04,3369,1398135,卖盘
1,09:30:04,4.14,-0.01,2322,961924,卖盘
2,09:30:07,4.16,0.02,364,151004,买盘
3,09:30:10,4.16,0.0,147,61040,买盘
4,09:30:12,4.15,-0.01,22,9140,卖盘
5,09:30:18,4.15,0.0,70,29095,卖盘
6,09:30:22,4.15,0.0,244,101391,卖盘
7,09:30:25,4.15,0.0,139,57685,卖盘
8,09:30:27,4.15,0.0,30,12450,买盘
9,09:30:31,4.14,-0.01,352,145728,卖盘
10,09:30:34,4.14,0.0,66,27324,买盘
11,09:30:36,4.13,-0.01,179,73967,卖盘
12,09:30:40,4.14,0.01,250,103250,买盘
13,09:30:43,4.14,0.0,19,7832,买盘
14,09:30:46,4.14,0.0,18,7436,买盘
15,09:30:49,4.14,0.0,162,66997,买盘
16,09:30:52,4.12,-0.02,272,112178,卖盘
17,09:30:55,4.13,0.01,130,53790,中性盘
18,09:30:57,4.14,0.01,672,276782,买盘
19,09:31:00,4.13,-0.01,4,1652,卖盘
20,09:31:04,4.12,-0.01,16,6592,买盘
21,09:31:06,4.11,-0.01,15,6165,卖盘
22,09:31:09,4.11,0.0,365,150018,卖盘
23,09:31:13,4.11,0.0,191,78584,买盘
24,09:31:16,4.1,-0.01,281,115352,卖盘
25,09:31:18,4.12,0.02,59,24304,买盘
26,09:31:21,4.11,-0.01,78,32103,卖盘
27,09:31:24,4.11,0.0,12,4942,卖盘
28,09:31:28,4.12,0.01,28,11536,买盘
29,09:31:31,4.12,0.0,240,98718,买盘
30,09:31:34,4.12,0.0,35,14420,卖盘
31,09:31:37,4.12,0.0,70,28840,卖盘
32,09:31:39,4.12,0.0,6,2472,卖盘
33,09:31:42,4.12,0.0,50,20600,卖盘
34,09:31:46,4.13,0.01,154,63573,买盘
35,09:31:48,4.12,-0.01,62,25564,卖盘
36,09:31:51,4.12,0.0,13,5359,卖盘
37,09:31:55,4.12,0.0,10,4120,卖盘
38,09:31:58,4.12,0.0,72,29734,卖盘
39,09:32:00,4.13,0.01,240,99120,买盘
40,09:32:04,4.12,-0.01,43,17748,卖盘
41,09:32:07,4.12,0.0,137,56444,卖盘
42,09:32:10,4.13,0.01,172,71026,买盘
43,09:32:12,4.14,0.01,16,6602,买盘
44,09:32:15,4.13,-0.01,18,7434,中性盘
45,09:32:19,4.14,0.01,50,20700,买盘
46,09:32:22,4.14,0.0,41,16973,买盘
47,09:32:25,4.14,0.0,26,10764,买盘
48,09:32:27,4.14,0.0,51,21114,买盘
49,09:32:31,4.14,0.0,10,4140,买盘
50,09:32:34,4.14,0.0,17,7022,买盘
51,09:32:36,4.14,0.0,51,21114,买盘
52,09:32:40,4.15,0.01,22,9130,买盘
53,09:32:43,4.14,-0.01,80,33120,卖盘
54,09:32:45,4.15,0.01,30,12450,买盘
55,09:32:48,4.15,0.0,12,4980,买盘
56,09:32:52,4.15,0.0,71,29465,买盘
57,09:32:54,4.15,0.0,33,13685,买盘
58,09:32:58,4.15,0.0,65,26975,中性盘
59,09:33:04,4.15,0.0,78,32373,卖盘
60,09:33:06,4.14,-0.01,104,43152,卖盘
61,09:33:09,4.13,-0.01,750,310366,卖盘
62,09:33:22,4.13,0.0,35,14460,卖盘
63,09:33:25,4.15,0.02,371,153958,买盘
64,09:33:27,4.15,0.0,11,4565,卖盘
65,09:33:30,4.15,0.0,63,26145,卖盘
66,09:33:33,4.15,0.0,433,179695,卖盘
67,09:33:37,4.15,0.0,43,17848,卖盘
68,09:33:40,4.16,0.01,140,58107,买盘
69,09:33:43,4.16,0.0,51,21200,买盘
70,09:33:52,4.15,-0.01,10,4150,买盘
71,09:33:58,4.15,0.0,44,18260,买盘
72,09:34:01,4.14,-0.01,113,46866,卖盘
73,09:34:04,4.15,0.01,152,63070,买盘
74,09:34:06,4.14,-0.01,20,8280,卖盘
75,09:34:12,4.15,0.01,50,20750,买盘
76,09:34:16,4.14,-0.01,51,21114,卖盘
77,09:34:18,4.14,0.0,24,9936,买盘
78,09:34:25,4.14,0.0,29,12006,买盘
79,09:34:34,4.14,0.0,32,13248,买盘
80,09:34:37,4.14,0.0,282,116487,买盘
81,09:34:43,4.14,0.0,19,7866,买盘
82,09:34:49,4.14,0.0,96,39731,买盘
83,09:34:52,4.14,0.0,10,4140,买盘
84,09:34:55,4.13,-0.01,59,24368,卖盘
85,09:34:57,4.13,0.0,531,219354,卖盘
86,09:35:04,4.13,0.0,10,4130,卖盘
87,09:35:09,4.13,0.0,55,22715,卖盘
88,09:35:19,4.13,0.0,44,18172,卖盘
89,09:35:22,4.14,0.01,20,8280,买盘
90,09:35:27,4.13,-0.01,32,13216,卖盘
91,09:35:34,4.14,0.01,2,828,买盘
92,09:35:39,4.13,-0.01,20,8260,卖盘
93,09:35:42,4.13,0.0,6,2478,卖盘
94,09:35:45,4.13,0.0,3,1239,卖盘
95,09:35:48,4.13,0.0,391,161597,卖盘
96,09:35:55,4.13,0.0,197,81361,卖盘
97,09:36:01,4.13,0.0,30,12390,买盘
98,09:36:06,4.12,-0.01,12,4954,卖盘
99,09:36:10,4.13,0.01,480,197770,买盘
100,09:36:12,4.12,-0.01,538,221656,卖盘
101,09:36:18,4.12,0.0,65,26780,买盘
102,09:36:22,4.11,-0.01,32,13164,卖盘
103,09:36:27,4.12,0.01,32,13179,买盘
104,09:36:31,4.12,0.0,118,48536,买盘
105,09:36:34,4.12,0.0,20,8240,买盘
106,09:36:37,4.12,0.0,188,77280,买盘
107,09:36:40,4.11,-0.01,95,39070,卖盘
108,09:36:42,4.11,0.0,40,16440,卖盘
109,09:36:45,4.11,0.0,300,123300,卖盘
110,09:36:49,4.11,0.0,262,107682,卖盘
111,09:36:55,4.11,0.0,41,16851,买盘
112,09:36:58,4.12,0.01,223,91659,买盘
113,09:37:01,4.11,-0.01,99,40639,买盘
114,09:37:06,4.1,-0.01,449,184149,卖盘
115,09:37:09,4.11,0.01,1,411,中性盘
116,09:37:13,4.11,0.0,47,19317,卖盘
117,09:37:16,4.1,-0.01,209,85743,卖盘
118,09:37:21,4.11,0.01,35,14385,买盘
119,09:37:24,4.11,0.0,62,25482,卖盘
120,09:37:27,4.12,0.01,51,21012,买盘
121,09:37:30,4.11,-0.01,38,15619,卖盘
122,09:37:34,4.11,0.0,40,16440,卖盘
123,09:37:37,4.11,0.0,39,16029,买盘
124,09:37:40,4.11,0.0,162,66536,买盘
125,09:37:43,4.1,-0.01,61,25066,卖盘
126,09:37:46,4.11,0.01,189,77551,买盘
127,09:37:48,4.11,0.0,41,16851,买盘
128,09:37:52,4.11,0.0,338,138768,买盘
129,09:37:54,4.11,0.0,25,10275,卖盘
130,09:37:57,4.11,0.0,2,822,卖盘
131,09:38:00,4.11,0.0,39,16049,卖盘
132,09:38:04,4.11,0.0,31,12742,卖盘
133,09:38:07,4.12,0.01,116,47792,买盘
134,09:38:09,4.12,0.0,63,25956,卖盘
135,09:38:12,4.12,0.0,220,90640,卖盘
136,09:38:16,4.12,0.0,18,7416,卖盘
137,09:38:22,4.13,0.01,5,2065,买盘
138,09:38:25,4.12,-0.01,42,17304,卖盘
139,09:38:27,4.12,0.0,13,5356,卖盘
140,09:38:31,4.12,0.0,133,54796,卖盘
141,09:38:33,4.12,0.0,2,824,买盘
142,09:38:36,4.11,-0.01,309,126999,卖盘
143,09:38:39,4.11,0.0,163,66993,买盘
144,09:38:43,4.11,0.0,70,28770,买盘
145,09:38:46,4.11,0.0,172,70692,买盘
146,09:38:49,4.11,0.0,59,24245,买盘
147,09:38:51,4.11,0.0,94,38580,买盘
148,09:38:55,4.11,0.0,2,822,买盘
149,09:38:57,4.1,-0.01,7,2872,卖盘
150,09:39:01,4.11,0.01,47,19317,买盘
151,09:39:03,4.11,0.0,165,67815,买盘
152,09:39:07,4.12,0.01,12,4944,买盘
153,09:39:10,4.12,0.0,1,412,买盘
154,09:39:13,4.11,-0.01,83,34116,卖盘
155,09:39:21,4.11,0.0,469,192759,卖盘
156,09:39:24,4.11,0.0,117,48071,买盘
157,09:39:31,4.11,0.0,39,16029,买盘
158,09:39:34,4.11,0.0,37,15207,买盘
159,09:39:37,4.11,0.0,9,3699,买盘
160,09:39:39,4.1,-0.01,56,23006,卖盘
161,09:39:43,4.11,0.01,94,38634,买盘
162,09:39:46,4.11,0.0,182,74782,买盘
163,09:39:48,4.11,0.0,135,55485,买盘
164,09:39:52,4.11,0.0,203,83428,买盘
165,09:39:55,4.11,0.0,204,83838,买盘
166,09:39:57,4.12,0.01,224,92096,买盘
167,09:40:01,4.12,0.0,79,32548,买盘
168,09:40:04,4.12,0.0,59,24308,买盘
169,09:40:07,4.12,0.0,19,7828,买盘
170,09:40:09,4.12,0.0,16,6592,买盘
171,09:40:12,4.12,0.0,20,8240,买盘
172,09:40:16,4.12,0.0,35,14420,买盘
173,09:40:19,4.12,0.0,39,16068,买盘
174,09:40:21,4.12,0.0,54,22198,买盘
175,09:40:24,4.12,0.0,72,29664,买盘
176,09:40:37,4.13,0.01,60,24770,买盘
177,09:40:40,4.12,-0.01,17,7004,卖盘
178,09:40:43,4.13,0.01,51,21063,买盘
179,09:40:49,4.13,0.0,20,8260,买盘
180,09:40:52,4.13,0.0,28,11564,买盘
181,09:41:01,4.12,-0.01,30,12360,卖盘
182,09:41:06,4.13,0.01,18,7434,买盘
183,09:41:13,4.12,-0.01,47,19364,卖盘
184,09:41:16,4.12,0.0,10,4129,卖盘
185,09:41:24,4.12,0.0,50,20600,卖盘
186,09:41:28,4.12,0.0,175,72100,卖盘
187,09:41:30,4.12,0.0,33,13596,卖盘
188,09:41:33,4.12,0.0,53,21836,买盘
189,09:41:36,4.12,0.0,107,44084,买盘
190,09:41:42,4.12,0.0,4,1648,买盘
191,09:41:46,4.12,0.0,40,16480,买盘
192,09:41:49,4.12,0.0,28,11513,买盘
193,09:41:52,4.11,-0.01,4,1644,卖盘
194,09:41:54,4.11,0.0,300,123300,卖盘
195,09:41:57,4.11,0.0,18,7398,卖盘
196,09:42:09,4.11,0.0,2,822,卖盘
197,09:42:12,4.11,0.0,265,109130,卖盘
198,09:42:16,4.11,0.0,63,25943,卖盘
199,09:42:19,4.11,0.0,2,822,卖盘
200,09:42:21,4.12,0.01,6,2472,买盘
201,09:42:25,4.12,0.0,24,9884,买盘
202,09:42:27,4.12,0.0,3,1236,买盘
203,09:42:30,4.11,-0.01,5,2055,卖盘
204,09:42:34,4.11,0.0,20,8220,卖盘
205,09:42:37,4.11,0.0,18,7398,卖盘
206,09:42:39,4.12,0.01,10,4120,买盘
207,09:42:42,4.11,-0.01,71,29183,卖盘
208,09:42:46,4.11,0.0,30,12330,卖盘
209,09:42:48,4.11,0.0,15,6165,卖盘
210,09:42:52,4.12,0.01,8,3296,买盘
211,09:43:04,4.12,0.0,32,13164,买盘
212,09:43:06,4.11,-0.01,4,1644,卖盘
213,09:43:09,4.11,0.0,46,18906,卖盘
214,09:43:13,4.11,0.0,67,27537,卖盘
215,09:43:16,4.11,0.0,10,4110,卖盘
216,09:43:18,4.12,0.01,3,1236,买盘
217,09:43:22,4.11,-0.01,10,4110,卖盘
218,09:43:25,4.11,0.0,11,4521,卖盘
219,09:43:27,4.11,0.0,166,68226,卖盘
220,09:43:30,4.11,0.0,20,8220,卖盘
221,09:43:33,4.11,0.0,100,41100,卖盘
222,09:43:37,4.11,0.0,15,6165,卖盘
223,09:43:40,4.12,0.01,40,16480,买盘
224,09:43:43,4.11,-0.01,592,243312,卖盘
225,09:43:46,4.11,0.0,28,11508,卖盘
226,09:43:51,4.11,0.0,13,5343,卖盘
227,09:43:54,4.11,0.0,74,30414,卖盘
228,09:43:58,4.11,0.0,88,36168,买盘
229,09:44:04,4.11,0.0,71,29181,买盘
230,09:44:06,4.11,0.0,131,53841,卖盘
231,09:44:09,4.1,-0.01,106,43549,卖盘
232,09:44:13,4.11,0.01,52,21324,卖盘
233,09:44:16,4.11,0.0,53,21783,卖盘
234,09:44:21,4.11,0.0,28,11508,买盘
235,09:44:28,4.1,-0.01,27,11070,卖盘
236,09:44:30,4.11,0.01,100,41100,买盘
237,09:44:34,4.11,0.0,25,10265,买盘
238,09:44:37,4.11,0.0,75,30820,买盘
239,09:44:39,4.1,-0.01,59,24212,卖盘
240,09:44:42,4.1,0.0,10,4100,卖盘
241,09:44:46,4.11,0.01,1003,411233,买盘
242,09:44:52,4.1,-0.01,304,124640,卖盘
243,09:44:55,4.11,0.01,6,2465,买盘
244,09:44:58,4.1,-0.01,207,84870,卖盘
245,09:45:00,4.1,0.0,244,100040,卖盘
246,09:45:03,4.09,-0.01,23,9407,卖盘
247,09:45:10,4.09,0.0,48,19632,卖盘
248,09:45:12,4.1,0.01,20,8200,买盘
249,09:45:15,4.09,-0.01,407,166481,卖盘
250,09:45:18,4.09,0.0,64,26176,卖盘
251,09:45:22,4.09,0.0,749,306341,卖盘
252,09:45:25,4.09,0.0,177,72393,卖盘
253,09:45:28,4.08,-0.01,5,2040,卖盘
254,09:45:31,4.09,0.01,348,142207,买盘
255,09:45:33,4.08,-0.01,24,9796,卖盘
256,09:45:37,4.08,0.0,45,18373,卖盘
257,09:45:39,4.08,0.0,62,25296,卖盘
258,09:45:42,4.09,0.01,70,28629,买盘
259,09:45:46,4.09,0.0,10,4090,卖盘
260,09:45:48,4.08,-0.01,31,12669,卖盘
261,09:45:52,4.08,0.0,25,10200,卖盘
262,09:45:55,4.08,0.0,86,35144,卖盘
263,09:45:58,4.09,0.01,49,20034,买盘
264,09:46:01,4.09,0.0,140,57141,买盘
265,09:46:04,4.09,0.0,105,42945,买盘
266,09:46:12,4.09,0.0,3,1227,买盘
267,09:46:19,4.09,0.0,25,10225,买盘
268,09:46:21,4.09,0.0,90,36803,买盘
269,09:46:25,4.08,-0.01,146,59713,卖盘
270,09:46:28,4.08,0.0,400,163250,卖盘
271,09:46:30,4.08,0.0,34,13896,卖盘
272,09:46:33,4.09,0.01,397,162250,买盘
273,09:46:36,4.09,0.0,5,2045,卖盘
274,09:46:40,4.09,0.0,68,27812,卖盘
275,09:46:42,4.09,0.0,56,22904,卖盘
276,09:46:45,4.09,0.0,1,409,卖盘
277,09:46:49,4.1,0.01,103,42137,买盘
278,09:46:52,4.09,-0.01,10,4090,卖盘
279,09:46:54,4.09,0.0,50,20450,卖盘
280,09:47:01,4.09,0.0,90,36810,卖盘
281,09:47:04,4.09,0.0,103,42127,买盘
282,09:47:06,4.09,0.0,18,7362,卖盘
283,09:47:09,4.09,0.0,32,13088,卖盘
284,09:47:12,4.1,0.01,7,2870,买盘
285,09:47:16,4.09,-0.01,12,4908,卖盘
286,09:47:18,4.1,0.01,20,8200,买盘
287,09:47:28,4.09,-0.01,34,13921,卖盘
288,09:47:31,4.09,0.0,53,21677,买盘
289,09:47:36,4.09,0.0,9,3681,卖盘
290,09:47:40,4.09,0.0,27,11043,卖盘
291,09:47:43,4.09,0.0,24,9816,卖盘
292,09:47:46,4.1,0.01,136,55700,买盘
293,09:47:49,4.09,-0.01,30,12270,买盘
294,09:47:57,4.09,0.0,82,33538,买盘
295,09:48:01,4.08,-0.01,632,257856,卖盘
296,09:48:04,4.09,0.01,59,24129,买盘
297,09:48:06,4.09,0.0,19,7771,买盘
298,09:48:09,4.08,-0.01,1,408,卖盘
299,09:48:13,4.08,0.0,5,2040,卖盘
300,09:48:16,4.08,0.0,187,76296,卖盘
301,09:48:19,4.08,0.0,16,6537,卖盘
302,09:48:21,4.08,0.0,194,79155,卖盘
303,09:48:24,4.09,0.01,28,11452,买盘
304,09:48:31,4.08,-0.01,33,13464,卖盘
305,09:48:34,4.09,0.01,10,4090,买盘
306,09:48:46,4.08,-0.01,179,73032,卖盘
307,09:48:48,4.08,0.0,20,8160,卖盘
308,09:48:51,4.08,0.0,20,8160,卖盘
309,09:48:54,4.08,0.0,19,7752,卖盘
310,09:48:58,4.08,0.0,16,6528,卖盘
311,09:49:01,4.09,0.01,16,6543,买盘
312,09:49:04,4.08,-0.01,34,13902,卖盘
313,09:49:07,4.09,0.01,31,12679,买盘
314,09:49:10,4.08,-0.01,44,17952,卖盘
315,09:49:13,4.08,0.0,23,9384,卖盘
316,09:49:18,4.09,0.01,50,20450,买盘
317,09:49:31,4.09,0.0,243,99377,买盘
318,09:49:36,4.09,0.0,20,8180,买盘
319,09:49:39,4.09,0.0,30,12270,买盘
320,09:49:42,4.09,0.0,141,57577,买盘
321,09:49:46,4.08,-0.01,306,124928,卖盘
322,09:49:48,4.09,0.01,10,4090,中性盘
323,09:49:52,4.09,0.0,18,7354,买盘
324,09:49:57,4.08,-0.01,180,73546,卖盘
325,09:50:00,4.08,0.0,102,41616,卖盘
326,09:50:04,4.08,0.0,25,10200,卖盘
327,09:50:12,4.09,0.01,40,16360,买盘
328,09:50:16,4.09,0.0,20,8180,买盘
329,09:50:19,4.08,-0.01,256,104454,卖盘
330,09:50:22,4.08,0.0,17,6936,卖盘
331,09:50:25,4.08,0.0,1,408,卖盘
332,09:50:27,4.08,0.0,4,1632,卖盘
333,09:50:31,4.09,0.01,40,16360,买盘
334,09:50:33,4.08,-0.01,32,13056,卖盘
335,09:50:36,4.09,0.01,11,4489,买盘
336,09:50:39,4.09,0.0,16,6544,买盘
337,09:50:46,4.09,0.0,10,4090,卖盘
338,09:50:51,4.09,0.0,18,7363,卖盘
339,09:50:54,4.09,0.0,67,27458,卖盘
340,09:50:58,4.1,0.01,1,410,买盘
341,09:51:04,4.1,0.0,170,69700,买盘
342,09:51:07,4.1,0.0,42,17208,买盘
343,09:51:10,4.09,-0.01,6,2454,卖盘
344,09:51:12,4.1,0.01,15,6150,买盘
345,09:51:16,4.1,0.0,5,2050,买盘
346,09:51:22,4.1,0.0,127,52070,买盘
347,09:51:25,4.09,-0.01,25,10225,卖盘
348,09:51:28,4.1,0.01,10,4100,买盘
349,09:51:31,4.1,0.0,104,42576,买盘
350,09:51:34,4.09,-0.01,7,2863,卖盘
351,09:51:37,4.1,0.01,4,1640,买盘
352,09:51:40,4.1,0.0,15,6150,买盘
353,09:51:48,4.11,0.01,2,822,买盘
354,09:51:55,4.1,-0.01,10,4100,卖盘
355,09:52:00,4.11,0.01,201,82611,买盘
356,09:52:04,4.11,0.0,5,2055,买盘
357,09:52:09,4.11,0.0,100,41100,买盘
358,09:52:13,4.1,-0.01,6,2465,卖盘
359,09:52:19,4.1,0.0,20,8200,卖盘
360,09:52:24,4.12,0.02,240,98840,买盘
361,09:52:31,4.11,-0.01,9,3699,卖盘
362,09:52:36,4.12,0.01,115,47380,买盘
363,09:52:39,4.11,-0.01,3,1233,卖盘
364,09:52:42,4.11,0.0,93,38223,买盘
365,09:52:45,4.11,0.0,115,47250,买盘
366,09:52:54,4.11,0.0,33,13563,买盘
367,09:52:57,4.1,-0.01,21,8630,卖盘
368,09:53:00,4.11,0.01,28,11508,买盘
369,09:53:06,4.11,0.0,15,6160,买盘
370,09:53:12,4.1,-0.01,340,139440,卖盘
371,09:53:19,4.1,0.0,131,53710,卖盘
372,09:53:22,4.1,0.0,42,17220,卖盘
373,09:53:37,4.1,0.0,29,11890,买盘
374,09:53:40,4.1,0.0,30,12300,买盘
375,09:53:42,4.1,0.0,33,13530,买盘
376,09:53:48,4.09,-0.01,13,5317,卖盘
377,09:53:58,4.09,0.0,511,209238,卖盘
378,09:54:01,4.09,0.0,84,34356,卖盘
379,09:54:04,4.1,0.01,70,28700,买盘
380,09:54:09,4.09,-0.01,3,1227,卖盘
381,09:54:19,4.09,0.0,9,3681,卖盘
382,09:54:22,4.09,0.0,34,13906,卖盘
383,09:54:25,4.09,0.0,19,7771,卖盘
384,09:54:34,4.09,0.0,10,4090,卖盘
385,09:54:45,4.09,0.0,36,14724,卖盘
386,09:54:52,4.1,0.01,16,6559,买盘
387,09:54:58,4.1,0.0,15,6150,买盘
388,09:55:01,4.09,-0.01,29,11861,卖盘
389,09:55:04,4.1,0.01,10,4100,买盘
390,09:55:09,4.1,0.0,53,21730,买盘
391,09:55:13,4.1,0.0,10,4100,买盘
392,09:55:15,4.1,0.0,50,20500,买盘
393,09:55:33,4.1,0.0,37,15170,卖盘
394,09:55:36,4.1,0.0,5,2050,卖盘
395,09:55:46,4.1,0.0,10,4100,卖盘
396,09:55:51,4.11,0.01,79,32469,买盘
397,09:55:55,4.1,-0.01,24,9844,卖盘
398,09:56:01,4.11,0.01,7,2877,买盘
399,09:56:10,4.1,-0.01,35,14350,卖盘
400,09:56:12,4.11,0.01,17,6987,买盘
401,09:56:15,4.1,-0.01,10,4100,卖盘
402,09:56:19,4.1,0.0,27,11070,卖盘
403,09:56:28,4.1,0.0,20,8200,卖盘
404,09:56:31,4.11,0.01,20,8220,买盘
405,09:56:37,4.11,0.0,16,6576,买盘
406,09:56:40,4.11,0.0,15,6165,买盘
407,09:56:43,4.11,0.0,5,2055,买盘
408,09:56:45,4.11,0.0,253,103850,买盘
409,09:56:48,4.11,0.0,179,73569,买盘
410,09:56:51,4.1,-0.01,20,8200,卖盘
411,09:56:54,4.11,0.01,10,4110,买盘
412,09:57:01,4.11,0.0,170,69870,买盘
413,09:57:04,4.11,0.0,27,11087,买盘
414,09:57:12,4.13,0.02,343,141337,买盘
415,09:57:21,4.13,0.0,63,26019,买盘
416,09:57:40,4.13,0.0,23,9499,买盘
417,09:57:43,4.13,0.0,15,6195,买盘
418,09:57:49,4.13,0.0,4,1652,买盘
419,09:57:52,4.13,0.0,33,13629,买盘
420,09:57:54,4.13,0.0,50,20650,买盘
421,09:57:58,4.13,0.0,20,8260,买盘
422,09:58:00,4.12,-0.01,11,4532,卖盘
423,09:58:07,4.12,0.0,50,20600,卖盘
424,09:58:09,4.12,0.0,58,23901,卖盘
425,09:58:16,4.13,0.01,5,2065,买盘
426,09:58:21,4.12,-0.01,4,1648,卖盘
427,09:58:24,4.12,0.0,5,2060,买盘
428,09:58:30,4.12,0.0,1,412,买盘
429,09:58:40,4.12,0.0,5,2060,卖盘
430,09:58:43,4.12,0.0,106,43672,卖盘
431,09:58:48,4.12,0.0,10,4120,卖盘
432,09:59:01,4.12,0.0,45,18540,卖盘
433,09:59:10,4.12,0.0,4,1648,买盘
434,09:59:12,4.12,0.0,239,98633,买盘
435,09:59:16,4.12,0.0,65,26780,卖盘
436,09:59:18,4.12,0.0,20,8240,卖盘
437,09:59:25,4.12,0.0,67,27604,卖盘
438,09:59:42,4.12,0.0,5,2060,卖盘
439,09:59:45,4.12,0.0,22,9064,卖盘
440,09:59:51,4.12,0.0,70,28840,卖盘
441,10:00:01,4.13,0.01,5,2065,买盘
442,10:00:04,4.12,-0.01,220,90640,卖盘
443,10:00:07,4.12,0.0,50,20600,卖盘
444,10:00:15,4.12,0.0,118,48624,卖盘
445,10:00:18,4.12,0.0,70,28841,卖盘
446,10:00:21,4.12,0.0,1,412,卖盘
447,10:00:28,4.13,0.01,21,8673,买盘
448,10:00:31,4.12,-0.01,20,8240,卖盘
449,10:00:36,4.12,0.0,85,34855,卖盘
450,10:00:49,4.12,0.0,47,19529,买盘
451,10:00:52,4.11,-0.01,606,249026,卖盘
452,10:01:01,4.11,0.0,9,3863,买盘
453,10:01:34,4.11,0.0,20,8220,卖盘
454,10:01:37,4.12,0.01,20,8240,买盘
455,10:01:43,4.12,0.0,80,32882,买盘
456,10:01:58,4.12,0.0,4,1647,买盘
457,10:02:22,4.11,-0.01,3,1233,卖盘
458,10:02:33,4.12,0.01,100,41200,买盘
459,10:02:37,4.12,0.0,136,55916,买盘
460,10:02:43,4.12,0.0,10,4120,买盘
461,10:02:55,4.11,-0.01,56,23016,卖盘
462,10:03:04,4.11,0.0,31,12577,卖盘
463,10:03:06,4.11,0.0,5,2055,买盘
464,10:03:10,4.11,0.0,5,2055,买盘
465,10:03:15,4.1,-0.01,100,41000,卖盘
466,10:03:18,4.1,0.0,1,410,卖盘
467,10:03:22,4.1,0.0,194,79540,卖盘
468,10:03:24,4.11,0.01,20,8220,买盘
469,10:03:34,4.1,-0.01,15,6150,卖盘
470,10:03:46,4.11,0.01,4,1644,买盘
471,10:03:48,4.11,0.0,80,32880,买盘
472,10:03:51,4.11,0.0,11,4521,中性盘
473,10:04:01,4.11,0.0,9,3699,买盘
474,10:04:09,4.1,-0.01,2,820,卖盘
475,10:04:15,4.1,0.0,2,820,卖盘
476,10:04:34,4.11,0.01,37,15207,买盘
477,10:04:42,4.11,0.0,32,13152,卖盘
478,10:04:45,4.11,0.0,64,26304,卖盘
479,10:04:54,4.11,0.0,4,1644,卖盘
480,10:04:58,4.11,0.0,24,9864,卖盘
481,10:05:00,4.11,0.0,7,2877,卖盘
482,10:05:04,4.11,0.0,228,93708,卖盘
483,10:05:06,4.11,0.0,186,76446,卖盘
484,10:05:09,4.11,0.0,1,411,卖盘
485,10:05:16,4.1,-0.01,61,25010,卖盘
486,10:05:21,4.11,0.01,26,10686,买盘
487,10:05:33,4.1,-0.01,30,12300,卖盘
488,10:05:42,4.1,0.0,95,38950,卖盘
489,10:05:45,4.11,0.01,33,13533,买盘
490,10:05:51,4.1,-0.01,24,9840,卖盘
491,10:05:54,4.1,0.0,10,4100,卖盘
492,10:05:57,4.1,0.0,24,9840,卖盘
493,10:06:00,4.1,0.0,17,6970,卖盘
494,10:06:04,4.1,0.0,598,245180,卖盘
495,10:06:07,4.1,0.0,423,173430,卖盘
496,10:06:09,4.11,0.01,67,27500,买盘
497,10:06:12,4.11,0.0,159,65249,买盘
498,10:06:16,4.1,-0.01,43,17630,卖盘
499,10:06:19,4.1,0.0,48,19680,买盘
500,10:06:24,4.09,-0.01,135,55215,卖盘
501,10:06:27,4.1,0.01,12,4909,买盘
502,10:06:33,4.1,0.0,14,5740,买盘
503,10:06:36,4.1,0.0,38,15580,买盘
504,10:06:40,4.1,0.0,19,7790,卖盘
505,10:06:55,4.11,0.01,15,6165,买盘
506,10:07:00,4.11,0.0,10,4110,买盘
507,10:07:06,4.1,-0.01,10,4100,卖盘
508,10:07:10,4.11,0.01,10,4110,买盘
509,10:07:13,4.11,0.0,2,822,卖盘
510,10:07:16,4.11,0.0,29,11919,卖盘
511,10:07:27,4.11,0.0,20,8220,卖盘
512,10:07:36,4.12,0.01,46,18952,买盘
513,10:07:51,4.12,0.0,350,144200,买盘
514,10:07:54,4.12,0.0,5,2060,买盘
515,10:08:01,4.11,-0.01,267,109737,卖盘
516,10:08:04,4.12,0.01,6,2472,买盘
517,10:08:06,4.12,0.0,151,62211,买盘
518,10:08:30,4.11,-0.01,53,21783,卖盘
519,10:08:37,4.11,0.0,196,80556,卖盘
520,10:08:52,4.12,0.01,10,4120,买盘
521,10:09:04,4.11,-0.01,100,41100,卖盘
522,10:09:07,4.12,0.01,3,1236,买盘
523,10:09:13,4.11,-0.01,52,21372,卖盘
524,10:09:25,4.11,0.0,20,8220,卖盘
525,10:09:27,4.11,0.0,22,9042,卖盘
526,10:09:34,4.1,-0.01,46,18860,卖盘
527,10:09:49,4.1,0.0,1,410,卖盘
528,10:09:58,4.11,0.01,13,5343,买盘
529,10:10:13,4.11,0.0,36,14796,买盘
530,10:10:19,4.1,-0.01,38,15580,卖盘
531,10:10:31,4.1,0.0,1,410,卖盘
532,10:10:33,4.11,0.01,40,16440,买盘
533,10:10:40,4.11,0.0,18,7398,买盘
534,10:10:43,4.1,-0.01,100,41000,卖盘
535,10:10:46,4.1,0.0,2,820,卖盘
536,10:10:51,4.1,0.0,2,820,卖盘
537,10:11:01,4.1,0.0,3,1230,卖盘
538,10:11:12,4.11,0.01,41,16851,买盘
539,10:11:45,4.11,0.0,100,41100,买盘
540,10:11:48,4.11,0.0,94,38610,买盘
541,10:11:52,4.1,-0.01,10,4100,卖盘
542,10:11:54,4.11,0.01,27,11097,买盘
543,10:12:04,4.11,0.0,270,110939,卖盘
544,10:12:24,4.1,-0.01,60,24600,卖盘
545,10:12:30,4.11,0.01,3,1233,买盘
546,10:13:06,4.11,0.0,10,4110,买盘
547,10:13:09,4.1,-0.01,185,75850,卖盘
548,10:13:18,4.11,0.01,10,4110,买盘
549,10:13:21,4.11,0.0,7,2877,买盘
550,10:13:30,4.11,0.0,6,2466,买盘
551,10:13:46,4.1,-0.01,59,24190,卖盘
552,10:13:49,4.1,0.0,51,20910,卖盘
553,10:13:52,4.1,0.0,33,13530,卖盘
554,10:13:58,4.1,0.0,53,21730,卖盘
555,10:14:01,4.1,0.0,67,27470,卖盘
556,10:14:04,4.1,0.0,61,25010,卖盘
557,10:14:07,4.1,0.0,48,19680,卖盘
558,10:14:09,4.1,0.0,207,84870,卖盘
559,10:14:13,4.1,0.0,225,92250,卖盘
560,10:14:16,4.1,0.0,142,58220,卖盘
561,10:14:18,4.09,-0.01,4,1636,卖盘
562,10:14:22,4.09,0.0,52,21268,卖盘
563,10:14:27,4.1,0.01,30,12300,买盘
564,10:14:30,4.09,-0.01,28,11452,卖盘
565,10:14:36,4.09,0.0,1,409,卖盘
566,10:14:52,4.09,0.0,66,27004,卖盘
567,10:15:04,4.1,0.01,25,10250,买盘
568,10:15:06,4.09,-0.01,96,39264,卖盘
569,10:15:28,4.09,0.0,100,40900,卖盘
570,10:15:34,4.09,0.0,9,3681,卖盘
571,10:15:45,4.1,0.01,26,10660,买盘
572,10:15:48,4.1,0.0,15,6150,买盘
573,10:16:00,4.1,0.0,5,2050,卖盘
574,10:16:10,4.1,0.0,10,4100,卖盘
575,10:16:15,4.1,0.0,42,17220,卖盘
576,10:16:24,4.1,0.0,44,18040,买盘
577,10:16:31,4.1,0.0,12,4920,卖盘
578,10:16:34,4.1,0.0,18,7380,卖盘
579,10:16:39,4.1,0.0,20,8200,买盘
580,10:16:49,4.11,0.01,20,8218,买盘
581,10:16:54,4.09,-0.02,30,12292,卖盘
582,10:17:07,4.1,0.01,20,8200,买盘
583,10:17:19,4.1,0.0,10,4100,买盘
584,10:17:27,4.1,0.0,13,5330,买盘
585,10:17:40,4.09,-0.01,60,24559,卖盘
586,10:17:51,4.1,0.01,20,8205,卖盘
587,10:17:57,4.11,0.01,10,4110,买盘
588,10:18:00,4.11,0.0,9,3694,买盘
589,10:18:04,4.1,-0.01,47,19270,卖盘
590,10:18:06,4.1,0.0,10,4100,买盘
591,10:18:13,4.09,-0.01,30,12270,卖盘
592,10:18:21,4.1,0.01,20,8200,买盘
593,10:18:27,4.1,0.0,15,6150,买盘
594,10:18:30,4.1,0.0,46,18830,买盘
595,10:18:33,4.1,0.0,149,61090,买盘
596,10:18:42,4.09,-0.01,240,98242,卖盘
597,10:18:49,4.11,0.02,20,8220,买盘
598,10:19:04,4.1,-0.01,50,20500,卖盘
599,10:19:12,4.1,0.0,10,4100,卖盘
600,10:19:15,4.1,0.0,2,820,卖盘
601,10:19:34,4.1,0.0,7,2870,卖盘
602,10:19:39,4.11,0.01,167,68637,买盘
603,10:19:49,4.11,0.0,50,20550,买盘
604,10:19:51,4.11,0.0,10,4110,买盘
605,10:19:58,4.1,-0.01,23,9430,卖盘
606,10:20:10,4.1,0.0,21,8610,卖盘
607,10:20:33,4.1,0.0,6,2460,卖盘
608,10:20:49,4.1,0.0,18,7380,卖盘
609,10:20:55,4.1,0.0,18,7380,卖盘
610,10:21:24,4.1,0.0,1,410,卖盘
611,10:21:36,4.1,0.0,20,8200,卖盘
612,10:21:49,4.11,0.01,20,8220,买盘
613,10:21:57,4.1,-0.01,55,22550,卖盘
614,10:22:12,4.1,0.0,329,134890,卖盘
615,10:22:16,4.1,0.0,1,410,卖盘
616,10:22:18,4.1,0.0,20,8200,卖盘
617,10:22:22,4.1,0.0,25,10250,卖盘
618,10:22:25,4.11,0.01,37,15175,买盘
619,10:22:28,4.1,-0.01,7,2870,卖盘
620,10:22:33,4.1,0.0,20,8200,卖盘
621,10:22:36,4.1,0.0,40,16433,卖盘
622,10:22:43,4.11,0.01,26,10676,买盘
623,10:22:45,4.1,-0.01,30,12300,卖盘
624,10:22:58,4.1,0.0,11,4510,卖盘
625,10:23:04,4.1,0.0,1,410,卖盘
626,10:23:07,4.1,0.0,6,2460,卖盘
627,10:23:10,4.1,0.0,42,17232,卖盘
628,10:23:13,4.1,0.0,8,3280,卖盘
629,10:23:16,4.1,0.0,5,2050,卖盘
630,10:23:19,4.1,0.0,5,2050,卖盘
631,10:23:21,4.1,0.0,2,820,卖盘
632,10:23:24,4.1,0.0,100,41000,卖盘
633,10:23:28,4.1,0.0,8,3280,卖盘
634,10:23:31,4.1,0.0,24,9840,卖盘
635,10:23:33,4.1,0.0,3,1230,卖盘
636,10:23:36,4.1,0.0,100,41000,卖盘
637,10:23:39,4.1,0.0,5,2050,卖盘
638,10:23:42,4.11,0.01,4,1641,买盘
639,10:23:49,4.1,-0.01,105,43050,卖盘
640,10:23:51,4.1,0.0,2,820,买盘
641,10:24:18,4.1,0.0,28,11470,买盘
642,10:24:22,4.1,0.0,1,410,买盘
643,10:24:28,4.1,0.0,19,7790,买盘
644,10:24:42,4.1,0.0,25,10250,买盘
645,10:24:46,4.09,-0.01,129,52761,卖盘
646,10:24:54,4.09,0.0,50,20450,卖盘
647,10:25:01,4.09,0.0,106,43454,卖盘
648,10:25:12,4.09,0.0,11,4499,卖盘
649,10:25:25,4.1,0.01,100,41000,买盘
650,10:25:36,4.1,0.0,26,10660,买盘
651,10:25:45,4.09,-0.01,21,8589,卖盘
652,10:25:52,4.1,0.01,10,4100,买盘
653,10:25:57,4.1,0.0,50,20500,买盘
654,10:26:01,4.1,0.0,27,11070,买盘
655,10:26:18,4.1,0.0,2,820,卖盘
656,10:26:28,4.1,0.0,20,8200,卖盘
657,10:26:36,4.11,0.01,15,6165,买盘
658,10:26:42,4.1,-0.01,2,820,卖盘
659,10:26:54,4.11,0.01,97,39867,买盘
660,10:26:57,4.1,-0.01,41,16810,卖盘
661,10:27:04,4.1,0.0,8,3280,买盘
662,10:27:15,4.1,0.0,2,820,买盘
663,10:27:27,4.1,0.0,33,13530,卖盘
664,10:27:30,4.1,0.0,36,14760,卖盘
665,10:27:33,4.1,0.0,19,7790,卖盘
666,10:27:39,4.1,0.0,16,6560,卖盘
667,10:27:45,4.1,0.0,10,4100,卖盘
668,10:27:54,4.1,0.0,3,1230,卖盘
669,10:28:01,4.1,0.0,52,21320,卖盘
670,10:28:10,4.1,0.0,40,16400,卖盘
671,10:28:21,4.1,0.0,13,5330,卖盘
672,10:28:24,4.1,0.0,1,410,卖盘
673,10:28:39,4.1,0.0,10,4100,卖盘
674,10:28:42,4.1,0.0,24,9840,卖盘
675,10:28:51,4.1,0.0,26,10660,卖盘
676,10:28:57,4.09,-0.01,51,20923,卖盘
677,10:29:06,4.09,0.0,8,3272,卖盘
678,10:29:10,4.1,0.01,4,1640,买盘
679,10:29:16,4.1,0.0,3,1230,买盘
680,10:29:21,4.1,0.0,10,4100,买盘
681,10:29:36,4.09,-0.01,46,18814,卖盘
682,10:29:42,4.09,0.0,15,6135,卖盘
683,10:29:49,4.1,0.01,23,9419,买盘
684,10:29:52,4.09,-0.01,52,21268,卖盘
685,10:29:55,4.09,0.0,10,4090,卖盘
686,10:29:58,4.1,0.01,11,4510,买盘
687,10:30:01,4.09,-0.01,1057,432313,卖盘
688,10:30:09,4.09,0.0,560,229040,卖盘
689,10:30:12,4.09,0.0,65,26585,卖盘
690,10:30:18,4.08,-0.01,147,59976,卖盘
691,10:30:22,4.08,0.0,160,65280,卖盘
692,10:30:25,4.08,0.0,97,39576,卖盘
693,10:30:27,4.08,0.0,1,408,卖盘
694,10:30:31,4.08,0.0,411,167688,卖盘
695,10:30:33,4.08,0.0,164,66912,卖盘
696,10:30:37,4.08,0.0,128,52224,卖盘
697,10:30:40,4.08,0.0,176,71808,卖盘
698,10:30:43,4.07,-0.01,1022,416815,卖盘
699,10:30:45,4.07,0.0,36,14652,卖盘
700,10:30:48,4.07,0.0,98,39886,卖盘
701,10:30:51,4.07,0.0,37,15059,卖盘
702,10:30:54,4.07,0.0,7,2849,卖盘
703,10:30:57,4.07,0.0,169,68783,卖盘
704,10:31:01,4.07,0.0,62,25243,卖盘
705,10:31:04,4.07,0.0,4,1628,卖盘
706,10:31:10,4.07,0.0,500,203500,卖盘
707,10:31:13,4.07,0.0,53,21571,卖盘
708,10:31:15,4.07,0.0,28,11396,卖盘
709,10:31:21,4.07,0.0,51,20757,卖盘
710,10:31:24,4.08,0.01,8,3259,买盘
711,10:31:27,4.07,-0.01,5,2035,卖盘
712,10:31:30,4.07,0.0,88,35816,卖盘
713,10:31:37,4.07,0.0,56,22792,卖盘
714,10:31:40,4.07,0.0,100,40700,卖盘
715,10:31:43,4.07,0.0,98,39886,卖盘
716,10:31:46,4.07,0.0,140,56980,卖盘
717,10:31:49,4.07,0.0,6,2442,卖盘
718,10:31:52,4.07,0.0,10,4070,卖盘
719,10:31:54,4.07,0.0,26,10582,卖盘
720,10:31:57,4.07,0.0,26,10582,卖盘
721,10:32:04,4.07,0.0,21,8547,卖盘
722,10:32:07,4.07,0.0,60,24420,卖盘
723,10:32:10,4.07,0.0,10,4070,卖盘
724,10:32:15,4.08,0.01,302,123116,买盘
725,10:32:19,4.08,0.0,25,10200,卖盘
726,10:32:21,4.08,0.0,13,5304,卖盘
727,10:32:27,4.08,0.0,1,408,卖盘
728,10:32:30,4.08,0.0,105,42840,卖盘
729,10:32:34,4.08,0.0,4,1632,卖盘
730,10:32:37,4.08,0.0,1,408,卖盘
731,10:32:40,4.08,0.0,1,408,卖盘
732,10:32:42,4.08,0.0,1,408,卖盘
733,10:32:45,4.08,0.0,1,408,卖盘
734,10:32:58,4.08,0.0,20,8160,卖盘
735,10:33:01,4.08,0.0,4,1632,卖盘
736,10:33:04,4.08,0.0,1,408,卖盘
737,10:33:09,4.08,0.0,23,9384,卖盘
738,10:33:13,4.08,0.0,5,2040,买盘
739,10:33:18,4.08,0.0,54,22032,买盘
740,10:33:22,4.08,0.0,20,8160,卖盘
741,10:33:28,4.08,0.0,10,4080,卖盘
742,10:33:31,4.08,0.0,20,8160,卖盘
743,10:33:45,4.08,0.0,6,2448,卖盘
744,10:33:51,4.08,0.0,26,10610,卖盘
745,10:34:00,4.08,0.0,83,33864,卖盘
746,10:34:10,4.07,-0.01,100,40700,卖盘
747,10:34:16,4.07,0.0,10,4070,卖盘
748,10:34:18,4.07,0.0,90,36630,卖盘
749,10:34:24,4.07,0.0,64,26048,卖盘
750,10:34:27,4.06,-0.01,322,130796,卖盘
751,10:34:43,4.06,0.0,118,47916,卖盘
752,10:34:45,4.06,0.0,52,21112,卖盘
753,10:34:48,4.08,0.02,26,10585,买盘
754,10:34:51,4.06,-0.02,190,77140,卖盘
755,10:34:55,4.06,0.0,7,2842,卖盘
756,10:34:58,4.07,0.01,2,814,中性盘
757,10:35:01,4.07,0.0,1,407,卖盘
758,10:35:04,4.07,0.0,27,10989,卖盘
759,10:35:06,4.06,-0.01,1,406,卖盘
760,10:35:13,4.07,0.01,50,20301,买盘
761,10:35:16,4.06,-0.01,10,4060,卖盘
762,10:35:19,4.07,0.01,23,9361,买盘
763,10:35:21,4.06,-0.01,53,21518,卖盘
764,10:35:24,4.07,0.01,55,22385,买盘
765,10:35:33,4.07,0.0,10,4067,买盘
766,10:35:36,4.06,-0.01,12,4872,卖盘
767,10:35:39,4.06,0.0,73,29656,卖盘
768,10:35:49,4.07,0.01,10,4070,买盘
769,10:35:54,4.06,-0.01,25,10150,卖盘
770,10:35:58,4.06,0.0,6,2436,卖盘
771,10:36:07,4.06,0.0,25,10150,卖盘
772,10:36:10,4.07,0.01,53,21571,买盘
773,10:36:22,4.07,0.0,20,8140,买盘
774,10:36:25,4.07,0.0,2,814,买盘
775,10:36:28,4.06,-0.01,120,48720,卖盘
776,10:36:33,4.07,0.01,1,407,买盘
777,10:36:36,4.06,-0.01,10,4060,卖盘
778,10:36:39,4.06,0.0,6,2436,卖盘
779,10:36:42,4.06,0.0,40,16260,卖盘
780,10:36:45,4.07,0.01,67,27203,买盘
781,10:36:58,4.06,-0.01,31,12586,卖盘
782,10:37:06,4.07,0.01,72,29304,买盘
783,10:37:09,4.07,0.0,1,407,买盘
784,10:37:12,4.06,-0.01,40,16240,卖盘
785,10:37:16,4.06,0.0,59,23959,卖盘
786,10:37:18,4.07,0.01,2,814,买盘
787,10:37:21,4.06,-0.01,40,16270,卖盘
788,10:37:31,4.07,0.01,5,2035,买盘
789,10:37:34,4.07,0.0,11,4476,买盘
790,10:37:40,4.06,-0.01,3,1218,卖盘
791,10:37:42,4.07,0.01,20,8140,买盘
792,10:37:49,4.06,-0.01,6,2436,卖盘
793,10:37:52,4.07,0.01,75,30525,买盘
794,10:37:55,4.07,0.0,9,3663,卖盘
795,10:37:58,4.07,0.0,9,3663,卖盘
796,10:38:04,4.07,0.0,29,11803,卖盘
797,10:38:07,4.07,0.0,1,407,买盘
798,10:38:10,4.07,0.0,9,3663,卖盘
799,10:38:19,4.06,-0.01,50,20300,卖盘
800,10:38:21,4.06,0.0,2,812,卖盘
801,10:38:24,4.07,0.01,16,6512,买盘
802,10:38:48,4.07,0.0,10,4070,卖盘
803,10:39:04,4.07,0.0,10,4070,卖盘
804,10:39:12,4.07,0.0,4,1631,卖盘
805,10:39:15,4.08,0.01,47,19176,买盘
806,10:39:24,4.07,-0.01,47,19129,卖盘
807,10:39:28,4.08,0.01,10,4080,买盘
808,10:39:30,4.08,0.0,149,60792,买盘
809,10:39:37,4.08,0.0,9,3672,卖盘
810,10:39:40,4.08,0.0,273,111384,卖盘
811,10:39:43,4.08,0.0,68,27744,卖盘
812,10:39:45,4.08,0.0,7,2856,卖盘
813,10:39:48,4.08,0.0,17,6936,买盘
814,10:39:51,4.08,0.0,4,1632,卖盘
815,10:39:54,4.08,0.0,2,816,卖盘
816,10:39:57,4.08,0.0,32,13056,卖盘
817,10:40:00,4.08,0.0,4,1632,卖盘
818,10:40:04,4.08,0.0,14,5712,卖盘
819,10:40:16,4.08,0.0,15,6120,买盘
820,10:40:18,4.08,0.0,2,816,卖盘
821,10:40:51,4.08,0.0,200,81600,卖盘
822,10:40:54,4.08,0.0,15,6120,卖盘
823,10:40:57,4.08,0.0,6,2448,卖盘
824,10:41:00,4.08,0.0,4,1632,卖盘
825,10:41:06,4.08,0.0,297,121176,卖盘
826,10:41:09,4.08,0.0,27,11016,卖盘
827,10:41:37,4.08,0.0,11,4488,买盘
828,10:41:40,4.08,0.0,7,2856,买盘
829,10:42:10,4.08,0.0,107,43656,买盘
830,10:42:12,4.08,0.0,5,2040,卖盘
831,10:42:19,4.09,0.01,20,8180,买盘
832,10:42:34,4.09,0.0,10,4090,买盘
833,10:42:45,4.09,0.0,50,20450,买盘
834,10:43:01,4.09,0.0,1,409,买盘
835,10:43:12,4.09,0.0,50,20450,买盘
836,10:43:30,4.09,0.0,1,409,买盘
837,10:43:45,4.09,0.0,36,14724,买盘
838,10:44:06,4.09,0.0,93,37964,买盘
839,10:44:09,4.09,0.0,32,13086,买盘
840,10:44:12,4.09,0.0,12,4908,买盘
841,10:44:27,4.09,0.0,72,29448,买盘
842,10:44:36,4.09,0.0,501,204909,买盘
843,10:44:54,4.08,-0.01,116,47428,卖盘
844,10:45:06,4.09,0.01,10,4090,买盘
845,10:45:09,4.08,-0.01,110,44880,卖盘
846,10:45:15,4.08,0.0,50,20400,卖盘
847,10:45:18,4.08,0.0,113,46114,卖盘
848,10:45:24,4.08,0.0,20,8160,卖盘
849,10:45:33,4.08,0.0,9,3672,卖盘
850,10:45:36,4.08,0.0,60,24480,卖盘
851,10:45:42,4.08,0.0,184,75072,卖盘
852,10:45:48,4.08,0.0,213,86904,卖盘
853,10:45:51,4.08,0.0,64,26112,卖盘
854,10:46:04,4.08,0.0,7,2856,买盘
855,10:46:06,4.08,0.0,2,816,买盘
856,10:46:21,4.08,0.0,1,408,买盘
857,10:46:24,4.07,-0.01,2,814,卖盘
858,10:46:27,4.08,0.01,10,4080,买盘
859,10:46:34,4.07,-0.01,159,64713,卖盘
860,10:46:37,4.08,0.01,10,4080,买盘
861,10:46:45,4.07,-0.01,353,143671,卖盘
862,10:46:48,4.07,0.0,50,20350,卖盘
863,10:46:57,4.07,0.0,7,2849,卖盘
864,10:47:06,4.07,0.0,143,58201,卖盘
865,10:47:27,4.07,0.0,82,33374,卖盘
866,10:47:30,4.08,0.01,1,408,买盘
867,10:47:36,4.07,-0.01,40,16280,卖盘
868,10:47:48,4.07,0.0,21,8547,卖盘
869,10:48:09,4.07,0.0,110,44770,卖盘
870,10:48:21,4.07,0.0,11,4477,卖盘
871,10:48:25,4.07,0.0,60,24420,卖盘
872,10:48:30,4.07,0.0,50,20350,卖盘
873,10:48:45,4.07,0.0,136,55352,卖盘
874,10:48:51,4.07,0.0,82,33374,卖盘
875,10:48:57,4.07,0.0,9,3663,卖盘
876,10:49:12,4.07,0.0,201,81807,卖盘
877,10:49:33,4.08,0.01,19,7752,买盘
878,10:49:57,4.07,-0.01,10,4070,卖盘
879,10:50:36,4.08,0.01,10,4080,买盘
880,10:51:01,4.07,-0.01,47,19129,卖盘
881,10:51:19,4.08,0.01,19,7752,买盘
882,10:51:21,4.07,-0.01,109,44363,卖盘
883,10:51:30,4.07,0.0,6,2442,卖盘
884,10:51:36,4.08,0.01,2,816,买盘
885,10:52:30,4.07,-0.01,168,68376,卖盘
886,10:52:52,4.08,0.01,10,4080,买盘
887,10:52:58,4.07,-0.01,20,8140,卖盘
888,10:53:00,4.07,0.0,3,1221,卖盘
889,10:53:04,4.07,0.0,10,4070,卖盘
890,10:53:09,4.08,0.01,1,408,买盘
891,10:53:12,4.07,-0.01,100,40700,卖盘
892,10:53:27,4.07,0.0,100,40700,卖盘
893,10:53:57,4.08,0.01,9,3669,买盘
894,10:54:30,4.07,-0.01,10,4070,卖盘
895,10:54:57,4.07,0.0,3,1221,卖盘
896,10:55:27,4.08,0.01,58,23654,买盘
897,10:55:33,4.08,0.0,5,2040,买盘
898,10:55:39,4.08,0.0,395,160855,买盘
899,10:55:42,4.08,0.0,19,7752,买盘
900,10:55:57,4.07,-0.01,5,2035,卖盘
901,10:56:06,4.08,0.01,10,4080,买盘
902,10:56:09,4.07,-0.01,4,1628,卖盘
903,10:56:25,4.07,0.0,333,135450,卖盘
904,10:56:33,4.06,-0.01,3,1218,卖盘
905,10:56:36,4.06,0.0,46,18676,卖盘
906,10:56:51,4.06,0.0,30,12180,卖盘
907,10:56:57,4.06,0.0,44,17864,卖盘
908,10:57:00,4.06,0.0,34,13804,卖盘
909,10:57:04,4.07,0.01,12,4884,买盘
910,10:57:06,4.06,-0.01,12,4872,卖盘
911,10:57:15,4.07,0.01,3,1221,买盘
912,10:57:27,4.06,-0.01,10,4060,卖盘
913,10:57:30,4.06,0.0,10,4060,卖盘
914,10:57:40,4.06,0.0,21,8526,卖盘
915,10:57:52,4.06,0.0,10,4060,卖盘
916,10:58:04,4.06,0.0,6,2436,卖盘
917,10:58:07,4.07,0.01,601,244606,买盘
918,10:58:09,4.06,-0.01,2,812,卖盘
919,10:58:51,4.05,-0.01,3977,1612706,卖盘
920,10:58:55,4.07,0.02,42,17018,买盘
921,10:58:58,4.05,-0.02,17,6885,卖盘
922,10:59:06,4.05,0.0,6,2430,卖盘
923,10:59:18,4.05,0.0,55,22275,卖盘
924,10:59:22,4.05,0.0,70,28350,卖盘
925,10:59:25,4.05,0.0,57,23085,卖盘
926,10:59:27,4.05,0.0,6,2430,卖盘
927,10:59:30,4.05,0.0,4,1620,卖盘
928,10:59:34,4.05,0.0,25,10125,买盘
929,10:59:39,4.05,0.0,57,23085,买盘
930,10:59:42,4.05,0.0,191,77355,买盘
931,10:59:45,4.05,0.0,20,8100,卖盘
932,10:59:48,4.05,0.0,77,31185,卖盘
933,10:59:51,4.05,0.0,60,24300,卖盘
934,11:00:04,4.05,0.0,51,20655,卖盘
935,11:00:07,4.05,0.0,140,56700,卖盘
936,11:00:09,4.05,0.0,86,34830,卖盘
937,11:00:13,4.05,0.0,10,4050,买盘
938,11:00:15,4.04,-0.01,2,808,卖盘
939,11:00:19,4.05,0.01,59,23891,买盘
940,11:00:25,4.05,0.0,117,47385,买盘
941,11:00:27,4.05,0.0,199,80566,买盘
942,11:00:31,4.04,-0.01,51,20635,卖盘
943,11:00:33,4.04,0.0,9,3641,卖盘
944,11:00:37,4.05,0.01,39,15795,买盘
945,11:00:40,4.05,0.0,227,92300,买盘
946,11:00:51,4.06,0.01,500,203000,买盘
947,11:00:54,4.06,0.0,10,4060,买盘
948,11:01:04,4.05,-0.01,200,81000,卖盘
949,11:01:07,4.06,0.01,1,406,买盘
950,11:01:18,4.05,-0.01,10,4050,卖盘
951,11:01:22,4.05,0.0,58,23490,卖盘
952,11:01:24,4.05,0.0,20,8100,卖盘
953,11:01:34,4.05,0.0,500,202500,卖盘
954,11:01:39,4.06,0.01,76,30790,买盘
955,11:01:54,4.06,0.0,3,1218,买盘
956,11:02:00,4.05,-0.01,500,202500,卖盘
957,11:02:09,4.05,0.0,50,20250,卖盘
958,11:02:19,4.05,0.0,485,196425,卖盘
959,11:02:22,4.05,0.0,45,18225,卖盘
960,11:02:25,4.05,0.0,78,31590,卖盘
961,11:02:28,4.05,0.0,32,12596,卖盘
962,11:02:39,4.05,0.0,61,25070,买盘
963,11:02:45,4.04,-0.01,70,28288,卖盘
964,11:02:48,4.05,0.01,20,8100,卖盘
965,11:02:51,4.04,-0.01,100,40400,卖盘
966,11:02:54,4.05,0.01,90,36450,买盘
967,11:02:57,4.04,-0.01,65,26280,卖盘
968,11:03:06,4.04,0.0,45,18180,卖盘
969,11:03:09,4.05,0.01,902,365310,买盘
970,11:03:12,4.05,0.0,50,20250,卖盘
971,11:03:31,4.05,0.0,68,27540,卖盘
972,11:03:33,4.05,0.0,20,8100,买盘
973,11:03:37,4.05,0.0,12,4860,买盘
974,11:03:48,4.06,0.01,85,34510,买盘
975,11:03:51,4.05,-0.01,100,40500,卖盘
976,11:03:54,4.05,0.0,10,4050,卖盘
977,11:03:57,4.05,0.0,40,16220,卖盘
978,11:04:03,4.06,0.01,242,98140,买盘
979,11:04:09,4.06,0.0,209,84854,买盘
980,11:04:12,4.05,-0.01,101,40906,卖盘
981,11:04:16,4.05,0.0,23,9315,卖盘
982,11:04:19,4.06,0.01,8,3248,买盘
983,11:04:24,4.05,-0.01,1,405,卖盘
984,11:04:27,4.05,0.0,36,14583,卖盘
985,11:04:39,4.06,0.01,10,4060,买盘
986,11:04:49,4.07,0.01,21,8547,买盘
987,11:04:51,4.05,-0.02,33,13367,卖盘
988,11:05:07,4.06,0.01,2,812,买盘
989,11:05:09,4.06,0.0,80,32480,卖盘
990,11:05:18,4.06,0.0,10,4060,卖盘
991,11:05:27,4.07,0.01,1,407,买盘
992,11:05:42,4.06,-0.01,75,30450,卖盘
993,11:05:57,4.07,0.01,296,120146,买盘
994,11:06:00,4.07,0.0,7,2849,卖盘
995,11:06:03,4.07,0.0,220,89740,卖盘
996,11:06:12,4.07,0.0,50,20350,卖盘
997,11:06:36,4.07,0.0,75,30851,卖盘
998,11:06:42,4.07,0.0,5,2035,买盘
999,11:06:51,4.07,0.0,30,12210,买盘
1000,11:07:18,4.07,0.0,23,9361,买盘
1001,11:07:27,4.07,0.0,2,488,买盘
1002,11:07:39,4.07,0.0,18,7652,卖盘
1003,11:07:48,4.06,-0.01,60,24370,卖盘
1004,11:08:06,4.06,0.0,83,33698,卖盘
1005,11:08:18,4.07,0.01,30,12210,买盘
1006,11:08:21,4.06,-0.01,5,2030,卖盘
1007,11:08:43,4.07,0.01,10,4070,买盘
1008,11:08:45,4.06,-0.01,8,3248,卖盘
1009,11:09:06,4.07,0.01,12,4884,买盘
1010,11:09:09,4.07,0.0,2,814,买盘
1011,11:09:12,4.06,-0.01,5,2030,卖盘
1012,11:09:24,4.07,0.01,5,2035,买盘
1013,11:09:31,4.07,0.0,16,6512,买盘
1014,11:09:42,4.07,0.0,129,52177,买盘
1015,11:09:54,4.07,0.0,5,2035,卖盘
1016,11:10:00,4.07,0.0,56,23118,卖盘
1017,11:10:19,4.07,0.0,20,8140,买盘
1018,11:10:21,4.07,0.0,13,5291,买盘
1019,11:10:24,4.06,-0.01,2,812,卖盘
1020,11:10:31,4.07,0.01,10,4070,买盘
1021,11:10:33,4.07,0.0,30,12210,买盘
1022,11:10:36,4.07,0.0,5,2035,买盘
1023,11:10:39,4.06,-0.01,10,4060,卖盘
1024,11:10:43,4.07,0.01,166,67126,买盘
1025,11:11:06,4.08,0.01,10,4080,买盘
1026,11:11:31,4.08,0.0,40,16320,买盘
1027,11:11:42,4.08,0.0,7,2856,买盘
1028,11:12:01,4.08,0.0,100,40800,买盘
1029,11:12:07,4.08,0.0,105,42840,买盘
1030,11:12:18,4.08,0.0,26,10608,买盘
1031,11:12:27,4.08,0.0,18,7344,买盘
1032,11:12:30,4.08,0.0,3,1224,买盘
1033,11:12:36,4.08,0.0,5,2040,买盘
1034,11:12:54,4.08,0.0,10,4080,买盘
1035,11:13:00,4.08,0.0,15,6120,买盘
1036,11:13:04,4.08,0.0,50,20400,买盘
1037,11:13:12,4.07,-0.01,47,19129,卖盘
1038,11:13:18,4.08,0.01,11,4488,买盘
1039,11:13:28,4.08,0.0,30,12240,买盘
1040,11:13:31,4.07,-0.01,79,32153,卖盘
1041,11:13:36,4.08,0.01,8,3264,买盘
1042,11:13:39,4.08,0.0,39,15912,买盘
1043,11:13:42,4.08,0.0,200,81600,买盘
1044,11:13:48,4.07,-0.01,17,6919,卖盘
1045,11:14:03,4.08,0.01,2,816,买盘
1046,11:14:15,4.08,0.0,1,408,买盘
1047,11:14:27,4.08,0.0,1,408,买盘
1048,11:14:48,4.08,0.0,3,1224,买盘
1049,11:14:54,4.07,-0.01,47,19129,卖盘
1050,11:14:57,4.07,0.0,62,25249,卖盘
1051,11:15:06,4.07,0.0,20,8140,卖盘
1052,11:15:18,4.07,0.0,81,32967,卖盘
1053,11:15:37,4.07,0.0,50,20350,卖盘
1054,11:15:51,4.08,0.01,177,72216,买盘
1055,11:16:07,4.09,0.01,30,12270,买盘
1056,11:16:10,4.08,-0.01,17,6946,卖盘
1057,11:16:15,4.09,0.01,20,8180,买盘
1058,11:16:27,4.09,0.0,30,12270,买盘
1059,11:16:30,4.08,-0.01,7,2856,卖盘
1060,11:16:33,4.09,0.01,5,2045,买盘
1061,11:16:39,4.08,-0.01,99,40392,卖盘
1062,11:16:42,4.08,0.0,14,5720,卖盘
1063,11:16:45,4.08,0.0,2,816,卖盘
1064,11:16:51,4.09,0.01,18,7362,买盘
1065,11:17:22,4.08,-0.01,1,408,卖盘
1066,11:17:24,4.08,0.0,1,408,卖盘
1067,11:17:27,4.08,0.0,1,408,卖盘
1068,11:17:30,4.08,0.0,1,408,卖盘
1069,11:17:33,4.08,0.0,1,408,卖盘
1070,11:17:36,4.08,0.0,1,408,卖盘
1071,11:17:39,4.08,0.0,1,408,卖盘
1072,11:17:42,4.08,0.0,1,408,卖盘
1073,11:17:45,4.08,0.0,1,408,卖盘
1074,11:17:49,4.08,0.0,1,408,卖盘
1075,11:17:51,4.08,0.0,6,2448,卖盘
1076,11:17:54,4.08,0.0,1,408,卖盘
1077,11:17:57,4.08,0.0,1,408,卖盘
1078,11:18:00,4.08,0.0,1,408,卖盘
1079,11:18:05,4.08,0.0,1,408,卖盘
1080,11:18:06,4.08,0.0,1,408,卖盘
1081,11:18:10,4.08,0.0,1,408,卖盘
1082,11:18:12,4.08,0.0,1,408,卖盘
1083,11:18:30,4.08,0.0,10,4080,卖盘
1084,11:18:42,4.08,0.0,10,4080,卖盘
1085,11:18:51,4.08,0.0,18,7344,卖盘
1086,11:19:09,4.08,0.0,70,28560,卖盘
1087,11:19:12,4.08,0.0,1,408,卖盘
1088,11:19:15,4.08,0.0,1,408,卖盘
1089,11:19:18,4.08,0.0,76,31008,卖盘
1090,11:19:30,4.08,0.0,3,1224,买盘
1091,11:19:33,4.08,0.0,1,408,卖盘
1092,11:19:36,4.08,0.0,2,816,卖盘
1093,11:19:39,4.08,0.0,3,1224,卖盘
1094,11:19:42,4.08,0.0,1,408,卖盘
1095,11:19:45,4.08,0.0,1,408,卖盘
1096,11:20:04,4.09,0.01,50,20450,买盘
1097,11:20:45,4.09,0.0,10,4090,买盘
1098,11:20:48,4.09,0.0,10,4090,买盘
1099,11:20:51,4.09,0.0,106,43354,买盘
1100,11:20:57,4.09,0.0,265,108385,买盘
1101,11:21:07,4.1,0.01,10,4100,买盘
1102,11:21:09,4.1,0.0,12,4920,买盘
1103,11:21:12,4.09,-0.01,10,4090,卖盘
1104,11:21:15,4.1,0.01,35,14350,买盘
1105,11:21:21,4.1,0.0,40,16400,买盘
1106,11:21:24,4.1,0.0,68,27839,买盘
1107,11:21:27,4.1,0.0,46,18901,卖盘
1108,11:21:30,4.1,0.0,4,1640,买盘
1109,11:21:39,4.1,0.0,15,6138,买盘
1110,11:21:42,4.1,0.0,15,6138,买盘
1111,11:21:45,4.09,-0.01,20,8180,卖盘
1112,11:21:48,4.09,0.0,50,20470,卖盘
1113,11:21:51,4.09,0.0,56,22904,卖盘
1114,11:21:54,4.09,0.0,60,24540,卖盘
1115,11:21:57,4.09,0.0,46,18814,卖盘
1116,11:22:00,4.09,0.0,69,28221,卖盘
1117,11:22:04,4.1,0.01,317,129770,买盘
1118,11:22:06,4.09,-0.01,33,13497,卖盘
1119,11:22:10,4.09,0.0,32,13091,卖盘
1120,11:22:15,4.09,0.0,7,2863,买盘
1121,11:22:24,4.1,0.01,109,44627,买盘
1122,11:22:36,4.1,0.0,100,40980,买盘
1123,11:23:06,4.1,0.0,20,8200,买盘
1124,11:23:18,4.1,0.0,20,8200,买盘
1125,11:23:21,4.09,-0.01,2,818,卖盘
1126,11:23:24,4.1,0.01,22,9018,买盘
1127,11:23:27,4.09,-0.01,7,2863,卖盘
1128,11:23:36,4.09,0.0,16,6544,买盘
1129,11:23:39,4.09,0.0,43,17547,买盘
1130,11:23:42,4.09,0.0,3,1227,买盘
1131,11:24:25,4.09,0.0,35,14315,买盘
1132,11:24:34,4.08,-0.01,26,10608,卖盘
1133,11:25:15,4.09,0.01,10,4090,买盘
1134,11:25:30,4.09,0.0,11,4499,买盘
1135,11:25:52,4.08,-0.01,2,816,卖盘
1136,11:25:54,4.09,0.01,10,4090,买盘
1137,11:26:24,4.09,0.0,593,242537,买盘
1138,11:26:30,4.08,-0.01,31,12659,卖盘
1139,11:26:45,4.09,0.01,2,818,卖盘
1140,11:26:48,4.09,0.0,4,1636,卖盘
1141,11:26:51,4.09,0.0,1,409,卖盘
1142,11:26:55,4.09,0.0,8,3272,卖盘
1143,11:26:57,4.09,0.0,8,3272,卖盘
1144,11:27:00,4.09,0.0,8,3272,卖盘
1145,11:27:04,4.09,0.0,7,2863,卖盘
1146,11:27:07,4.09,0.0,58,23722,卖盘
1147,11:27:09,4.09,0.0,1,409,卖盘
1148,11:27:12,4.09,0.0,3,1227,卖盘
1149,11:27:16,4.09,0.0,19,7771,卖盘
1150,11:27:57,4.09,0.0,20,8180,买盘
1151,11:28:04,4.08,-0.01,8,3264,卖盘
1152,11:28:33,4.08,0.0,9,3672,卖盘
1153,11:28:36,4.09,0.01,17,6953,买盘
1154,11:28:42,4.08,-0.01,3,1225,卖盘
1155,11:28:54,4.08,0.0,46,18768,卖盘
1156,11:29:09,4.09,0.01,5,2045,买盘
1157,11:29:27,4.09,0.0,10,4090,买盘
1158,11:29:30,4.09,0.0,10,4090,买盘
1159,11:29:42,4.09,0.0,31,12679,买盘
1160,11:29:51,4.09,0.0,2,818,买盘
1161,13:00:04,4.09,0.0,365,149070,买盘
1162,13:00:07,4.09,0.0,87,35516,买盘
1163,13:00:19,4.09,0.0,10,4090,买盘
1164,13:00:57,4.09,0.0,46,18814,买盘
1165,13:01:24,4.09,0.0,3,1227,买盘
1166,13:01:36,4.09,0.0,5,2045,买盘
1167,13:01:58,4.08,-0.01,12,4896,卖盘
1168,13:02:07,4.08,0.0,16,6528,卖盘
1169,13:03:33,4.09,0.01,33,13497,买盘
1170,13:03:45,4.08,-0.01,1,408,卖盘
1171,13:04:01,4.09,0.01,50,20450,买盘
1172,13:04:33,4.08,-0.01,11,4488,卖盘
1173,13:04:48,4.08,0.0,25,10200,卖盘
1174,13:04:52,4.09,0.01,5,2045,买盘
1175,13:05:01,4.09,0.0,50,20450,买盘
1176,13:05:03,4.08,-0.01,10,4080,卖盘
1177,13:05:09,4.08,0.0,10,4080,卖盘
1178,13:06:10,4.08,0.0,51,20808,卖盘
1179,13:06:12,4.09,0.01,50,20450,买盘
1180,13:06:15,4.09,0.0,50,20450,买盘
1181,13:06:24,4.09,0.0,38,15505,买盘
1182,13:06:45,4.08,-0.01,10,4080,卖盘
1183,13:06:54,4.09,0.01,30,12270,买盘
1184,13:07:00,4.08,-0.01,200,81600,卖盘
1185,13:07:33,4.09,0.01,50,20450,买盘
1186,13:07:46,4.09,0.0,3,1227,买盘
1187,13:08:15,4.09,0.0,14,5726,买盘
1188,13:08:19,4.09,0.0,4,1636,买盘
1189,13:08:21,4.08,-0.01,151,61608,卖盘
1190,13:08:39,4.08,0.0,7,2856,买盘
1191,13:09:42,4.09,0.01,25,10225,买盘
1192,13:09:51,4.09,0.0,5,2045,买盘
1193,13:11:30,4.09,0.0,50,20450,买盘
1194,13:11:39,4.09,0.0,7,2863,买盘
1195,13:11:54,4.08,-0.01,5,2040,卖盘
1196,13:12:07,4.09,0.01,5,2045,买盘
1197,13:12:12,4.09,0.0,1,409,买盘
1198,13:12:21,4.09,0.0,8,3272,买盘
1199,13:12:30,4.08,-0.01,272,110976,卖盘
1200,13:12:33,4.08,0.0,2,816,卖盘
1201,13:12:36,4.08,0.0,22,8976,卖盘
1202,13:12:39,4.08,0.0,8,3264,卖盘
1203,13:12:43,4.08,0.0,18,7344,卖盘
1204,13:12:45,4.08,0.0,116,47328,卖盘
1205,13:12:48,4.08,0.0,14,5712,卖盘
1206,13:13:15,4.08,0.0,2,816,买盘
1207,13:13:39,4.07,-0.01,160,65120,卖盘
1208,13:13:54,4.07,0.0,1,407,卖盘
1209,13:13:57,4.07,0.0,9,3663,卖盘
1210,13:14:09,4.08,0.01,73,29784,买盘
1211,13:14:54,4.08,0.0,68,27744,卖盘
1212,13:15:12,4.08,0.0,20,8160,卖盘
1213,13:15:24,4.08,0.0,20,8160,买盘
1214,13:15:27,4.08,0.0,3,1224,卖盘
1215,13:15:36,4.08,0.0,3,1224,卖盘
1216,13:15:39,4.08,0.0,3,1224,卖盘
1217,13:15:42,4.08,0.0,3,1224,卖盘
1218,13:15:45,4.08,0.0,3,1224,卖盘
1219,13:15:48,4.08,0.0,3,1224,卖盘
1220,13:15:51,4.08,0.0,3,1224,卖盘
1221,13:15:54,4.08,0.0,16,6528,卖盘
1222,13:16:24,4.07,-0.01,2,814,卖盘
1223,13:16:37,4.07,0.0,6,2442,卖盘
1224,13:16:42,4.08,0.01,30,12240,买盘
1225,13:16:54,4.08,0.0,8,3264,买盘
1226,13:17:09,4.08,0.0,2,816,卖盘
1227,13:17:15,4.08,0.0,5,2040,卖盘
1228,13:17:27,4.08,0.0,5,2040,卖盘
1229,13:17:30,4.08,0.0,10,4080,卖盘
1230,13:17:33,4.08,0.0,8,3264,卖盘
1231,13:17:36,4.08,0.0,19,7752,卖盘
1232,13:17:39,4.08,0.0,17,6936,卖盘
1233,13:17:42,4.08,0.0,13,5304,卖盘
1234,13:17:45,4.08,0.0,16,6528,卖盘
1235,13:17:48,4.08,0.0,15,6120,卖盘
1236,13:17:51,4.08,0.0,10,4080,卖盘
1237,13:17:54,4.08,0.0,10,4080,卖盘
1238,13:17:57,4.09,0.01,209,85472,买盘
1239,13:18:03,4.08,-0.01,63,25704,卖盘
1240,13:18:06,4.08,0.0,4,1632,买盘
1241,13:18:09,4.08,0.0,70,28560,买盘
1242,13:18:18,4.08,0.0,230,93840,买盘
1243,13:18:21,4.08,0.0,25,10200,买盘
1244,13:18:33,4.08,0.0,108,44064,买盘
1245,13:18:42,4.08,0.0,25,10200,卖盘
1246,13:18:51,4.08,0.0,1,408,卖盘
1247,13:19:48,4.09,0.01,1,409,买盘
1248,13:19:54,4.08,-0.01,4,1632,卖盘
1249,13:20:30,4.08,0.0,50,20400,卖盘
1250,13:20:33,4.09,0.01,98,40082,买盘
1251,13:21:04,4.1,0.01,5,2050,买盘
1252,13:21:33,4.1,0.0,6,2460,买盘
1253,13:21:39,4.09,-0.01,89,36401,卖盘
1254,13:21:42,4.09,0.0,2,818,卖盘
1255,13:21:45,4.09,0.0,2,818,卖盘
1256,13:21:48,4.09,0.0,2,818,卖盘
1257,13:21:51,4.09,0.0,2,818,卖盘
1258,13:21:54,4.09,0.0,102,41818,卖盘
1259,13:22:04,4.09,0.0,51,20859,卖盘
1260,13:22:06,4.09,0.0,20,8180,卖盘
1261,13:22:09,4.09,0.0,12,4908,卖盘
1262,13:22:12,4.09,0.0,9,3681,卖盘
1263,13:22:15,4.09,0.0,2,818,卖盘
1264,13:22:18,4.09,0.0,32,13088,卖盘
1265,13:22:21,4.09,0.0,3,1227,卖盘
1266,13:22:24,4.09,0.0,3,1227,卖盘
1267,13:22:27,4.09,0.0,2,818,卖盘
1268,13:22:45,4.08,-0.01,1,408,卖盘
1269,13:22:55,4.1,0.02,50,20500,买盘
1270,13:23:12,4.09,-0.01,2,818,卖盘
1271,13:23:15,4.09,0.0,2,818,卖盘
1272,13:23:21,4.1,0.01,20,8200,买盘
1273,13:23:36,4.1,0.0,5,2050,买盘
1274,13:24:00,4.1,0.0,30,12300,买盘
1275,13:24:12,4.1,0.0,73,29889,买盘
1276,13:24:15,4.1,0.0,1,410,卖盘
1277,13:24:18,4.1,0.0,1,410,卖盘
1278,13:24:21,4.1,0.0,1,410,卖盘
1279,13:24:24,4.1,0.0,2,820,卖盘
1280,13:24:27,4.1,0.0,1,410,卖盘
1281,13:24:30,4.1,0.0,6,2460,卖盘
1282,13:24:33,4.1,0.0,21,8610,卖盘
1283,13:24:36,4.1,0.0,3,1230,卖盘
1284,13:24:39,4.1,0.0,2,820,卖盘
1285,13:24:43,4.1,0.0,2,820,卖盘
1286,13:24:46,4.1,0.0,2,820,卖盘
1287,13:24:49,4.1,0.0,5,2091,卖盘
1288,13:24:57,4.1,0.0,35,14330,买盘
1289,13:25:00,4.1,0.0,15,6150,买盘
1290,13:25:13,4.1,0.0,11,4510,买盘
1291,13:25:24,4.1,0.0,1,410,买盘
1292,13:26:04,4.09,-0.01,144,58896,卖盘
1293,13:26:18,4.09,0.0,3,1227,买盘
1294,13:26:21,4.09,0.0,1,409,卖盘
1295,13:26:24,4.09,0.0,1,409,卖盘
1296,13:26:28,4.09,0.0,1,409,卖盘
1297,13:26:31,4.09,0.0,1,409,卖盘
1298,13:26:37,4.09,0.0,20,8180,卖盘
1299,13:26:39,4.09,0.0,1,409,卖盘
1300,13:26:42,4.09,0.0,3,1227,卖盘
1301,13:26:54,4.08,-0.01,1,408,卖盘
1302,13:27:06,4.09,0.01,5,2045,买盘
1303,13:27:18,4.08,-0.01,10,4080,卖盘
1304,13:27:36,4.09,0.01,21,8569,买盘
1305,13:27:52,4.09,0.0,74,30266,买盘
1306,13:27:57,4.08,-0.01,58,23638,卖盘
1307,13:28:04,4.09,0.01,101,41309,卖盘
1308,13:28:33,4.09,0.0,26,10634,买盘
1309,13:28:48,4.09,0.0,1,409,买盘
1310,13:28:54,4.09,0.0,75,30675,买盘
1311,13:28:57,4.09,0.0,2,818,卖盘
1312,13:29:00,4.09,0.0,6,2454,卖盘
1313,13:29:04,4.09,0.0,92,37628,卖盘
1314,13:29:21,4.08,-0.01,143,58344,卖盘
1315,13:29:36,4.08,0.0,57,23256,卖盘
1316,13:29:57,4.08,0.0,7,2856,卖盘
1317,13:30:00,4.08,0.0,98,39984,卖盘
1318,13:30:36,4.08,0.0,9,3672,卖盘
1319,13:30:42,4.08,0.0,143,58344,卖盘
1320,13:30:48,4.08,0.0,98,39984,卖盘
1321,13:31:16,4.08,0.0,10,4080,卖盘
1322,13:31:36,4.08,0.0,58,23664,卖盘
1323,13:32:04,4.08,0.0,143,58344,卖盘
1324,13:32:48,4.08,0.0,49,19992,卖盘
1325,13:33:13,4.08,0.0,30,12240,卖盘
1326,13:33:21,4.08,0.0,113,46145,卖盘
1327,13:33:27,4.08,0.0,10,4080,买盘
1328,13:33:34,4.08,0.0,4,1632,买盘
1329,13:33:37,4.08,0.0,10,4080,买盘
1330,13:33:40,4.08,0.0,33,13464,买盘
1331,13:33:57,4.07,-0.01,625,254375,卖盘
1332,13:34:00,4.08,0.01,38,15463,买盘
1333,13:34:04,4.08,0.0,2,816,卖盘
1334,13:34:06,4.08,0.0,4,1632,卖盘
1335,13:34:09,4.08,0.0,2,816,卖盘
1336,13:34:12,4.08,0.0,2,816,卖盘
1337,13:34:15,4.08,0.0,2,816,卖盘
1338,13:34:18,4.08,0.0,2,816,卖盘
1339,13:34:22,4.08,0.0,24,9833,卖盘
1340,13:34:28,4.08,0.0,5,2040,买盘
1341,13:34:33,4.08,0.0,153,62383,买盘
1342,13:34:36,4.08,0.0,1,408,卖盘
1343,13:34:42,4.08,0.0,146,59568,卖盘
1344,13:34:46,4.08,0.0,32,13056,卖盘
1345,13:34:49,4.08,0.0,33,13464,卖盘
1346,13:34:52,4.08,0.0,214,87484,卖盘
1347,13:34:55,4.08,0.0,50,20400,卖盘
1348,13:34:58,4.08,0.0,40,16361,卖盘
1349,13:35:12,4.08,0.0,23,9384,买盘
1350,13:35:22,4.08,0.0,30,12240,买盘
1351,13:35:27,4.08,0.0,5,2040,买盘
1352,13:36:04,4.07,-0.01,143,58201,卖盘
1353,13:36:15,4.08,0.01,2,816,买盘
1354,13:36:33,4.07,-0.01,5,2035,卖盘
1355,13:36:48,4.08,0.01,22,8976,买盘
1356,13:36:54,4.08,0.0,1,408,买盘
1357,13:37:06,4.07,-0.01,35,14245,卖盘
1358,13:37:12,4.08,0.01,9,3672,买盘
1359,13:37:21,4.07,-0.01,143,58201,卖盘
1360,13:37:24,4.07,0.0,1,407,卖盘
1361,13:37:27,4.07,0.0,2,814,卖盘
1362,13:37:30,4.07,0.0,64,26072,卖盘
1363,13:37:42,4.07,0.0,20,8140,卖盘
1364,13:37:45,4.08,0.01,20,8160,买盘
1365,13:38:12,4.07,-0.01,30,12210,卖盘
1366,13:38:15,4.07,0.0,10,4070,卖盘
1367,13:38:18,4.07,0.0,27,10989,卖盘
1368,13:38:21,4.07,0.0,51,20757,卖盘
1369,13:38:24,4.07,0.0,66,26862,卖盘
1370,13:38:28,4.07,0.0,26,10582,卖盘
1371,13:38:30,4.07,0.0,39,15873,卖盘
1372,13:38:33,4.07,0.0,60,24420,卖盘
1373,13:38:36,4.07,0.0,41,16687,卖盘
1374,13:38:39,4.07,0.0,109,44445,卖盘
1375,13:38:42,4.07,0.0,154,62678,卖盘
1376,13:38:45,4.07,0.0,21,8547,卖盘
1377,13:38:48,4.07,0.0,19,7733,卖盘
1378,13:38:52,4.07,0.0,19,7733,卖盘
1379,13:38:54,4.07,0.0,19,7733,卖盘
1380,13:38:57,4.07,0.0,11,4477,卖盘
1381,13:39:00,4.07,0.0,16,6512,卖盘
1382,13:39:03,4.07,0.0,19,7733,卖盘
1383,13:39:06,4.07,0.0,14,5698,卖盘
1384,13:39:09,4.07,0.0,13,5291,卖盘
1385,13:39:13,4.07,0.0,17,6919,卖盘
1386,13:39:15,4.07,0.0,17,6919,卖盘
1387,13:39:18,4.07,0.0,12,4884,卖盘
1388,13:39:21,4.07,0.0,12,4884,卖盘
1389,13:39:24,4.07,0.0,16,6512,卖盘
1390,13:39:27,4.07,0.0,20,8140,卖盘
1391,13:39:30,4.07,0.0,23,9361,卖盘
1392,13:39:34,4.07,0.0,23,9361,卖盘
1393,13:39:37,4.07,0.0,23,9361,卖盘
1394,13:39:40,4.07,0.0,29,11812,卖盘
1395,13:39:42,4.07,0.0,37,15059,卖盘
1396,13:39:45,4.07,0.0,29,11803,卖盘
1397,13:39:48,4.07,0.0,19,7733,卖盘
1398,13:39:51,4.07,0.0,17,6919,卖盘
1399,13:39:54,4.07,0.0,1,407,卖盘
1400,13:39:57,4.07,0.0,31,12617,卖盘
1401,13:40:00,4.07,0.0,17,6919,卖盘
1402,13:40:04,4.08,0.01,171,69607,买盘
1403,13:40:06,4.07,-0.01,29,11803,卖盘
1404,13:40:09,4.07,0.0,49,19943,卖盘
1405,13:40:12,4.07,0.0,35,14245,卖盘
1406,13:40:15,4.07,0.0,20,8140,卖盘
1407,13:40:18,4.07,0.0,18,7326,卖盘
1408,13:40:21,4.07,0.0,70,28490,卖盘
1409,13:40:24,4.07,0.0,54,21978,卖盘
1410,13:40:27,4.07,0.0,106,43142,卖盘
1411,13:40:30,4.07,0.0,6,2442,卖盘
1412,13:40:33,4.07,0.0,43,17501,卖盘
1413,13:40:36,4.07,0.0,2,814,卖盘
1414,13:40:39,4.07,0.0,24,9768,买盘
1415,13:40:42,4.07,0.0,1,407,卖盘
1416,13:40:45,4.07,0.0,1,407,卖盘
1417,13:40:48,4.07,0.0,1,407,卖盘
1418,13:40:51,4.07,0.0,16,6829,卖盘
1419,13:40:54,4.07,0.0,1,407,卖盘
1420,13:40:57,4.07,0.0,1,407,卖盘
1421,13:41:00,4.07,0.0,37,15059,卖盘
1422,13:41:04,4.07,0.0,1,407,卖盘
1423,13:41:06,4.07,0.0,1,407,卖盘
1424,13:41:09,4.07,0.0,1,407,卖盘
1425,13:41:12,4.07,0.0,1,407,卖盘
1426,13:41:15,4.07,0.0,1,407,卖盘
1427,13:41:18,4.07,0.0,1,407,卖盘
1428,13:41:21,4.07,0.0,62,24917,卖盘
1429,13:41:27,4.07,0.0,20,8140,买盘
1430,13:41:48,4.07,0.0,21,8547,买盘
1431,13:41:54,4.08,0.01,100,40712,买盘
1432,13:42:04,4.07,-0.01,42,17094,卖盘
1433,13:42:07,4.07,0.0,10,4070,买盘
1434,13:42:09,4.07,0.0,65,26414,买盘
1435,13:42:42,4.07,0.0,144,58608,卖盘
1436,13:42:45,4.07,0.0,45,18315,卖盘
1437,13:42:48,4.07,0.0,289,117664,卖盘
1438,13:43:00,4.07,0.0,37,15059,买盘
1439,13:43:27,4.06,-0.01,153,62118,卖盘
1440,13:43:33,4.06,0.0,18,7308,卖盘
1441,13:43:39,4.06,0.0,174,70603,卖盘
1442,13:43:45,4.06,0.0,36,14616,卖盘
1443,13:44:04,4.06,0.0,144,58464,卖盘
1444,13:44:15,4.06,0.0,26,10556,卖盘
1445,13:44:18,4.06,0.0,20,8120,卖盘
1446,13:44:21,4.07,0.01,28,11396,买盘
1447,13:44:24,4.07,0.0,10,4070,买盘
1448,13:44:27,4.06,-0.01,50,20300,卖盘
1449,13:44:33,4.06,0.0,2,812,卖盘
1450,13:44:36,4.07,0.01,40,16280,买盘
1451,13:44:39,4.06,-0.01,27,10962,卖盘
1452,13:45:01,4.06,0.0,1,406,卖盘
1453,13:45:03,4.07,0.01,23,9346,买盘
1454,13:45:18,4.06,-0.01,2,812,卖盘
1455,13:45:21,4.06,0.0,144,58464,卖盘
1456,13:45:36,4.06,0.0,1,406,卖盘
1457,13:45:43,4.06,0.0,4,1624,卖盘
1458,13:45:46,4.07,0.01,38,15466,买盘
1459,13:45:49,4.06,-0.01,51,20706,卖盘
1460,13:45:54,4.06,0.0,50,20300,卖盘
1461,13:46:09,4.06,0.0,24,9744,卖盘
1462,13:46:27,4.06,0.0,66,26796,卖盘
1463,13:46:36,4.06,0.0,1,406,卖盘
1464,13:46:43,4.06,0.0,145,58870,卖盘
1465,13:46:46,4.06,0.0,126,51156,卖盘
1466,13:46:54,4.06,0.0,247,100282,卖盘
1467,13:47:00,4.06,0.0,12,4872,卖盘
1468,13:47:03,4.06,0.0,10,4060,卖盘
1469,13:47:09,4.06,0.0,114,46284,卖盘
1470,13:47:21,4.06,0.0,24,9744,卖盘
1471,13:47:24,4.06,0.0,1,406,卖盘
1472,13:47:27,4.06,0.0,2,812,卖盘
1473,13:48:00,4.06,0.0,6,2436,卖盘
1474,13:48:03,4.06,0.0,5,2030,卖盘
1475,13:48:12,4.07,0.01,29,11803,买盘
1476,13:48:33,4.06,-0.01,20,8120,卖盘
1477,13:48:39,4.07,0.01,354,144078,买盘
1478,13:48:57,4.08,0.01,36,14688,买盘
1479,13:49:10,4.08,0.0,10,4080,买盘
1480,13:50:12,4.07,-0.01,20,8140,卖盘
1481,13:50:16,4.07,0.0,3,1221,卖盘
1482,13:50:18,4.07,0.0,1,407,卖盘
1483,13:50:21,4.07,0.0,1,407,卖盘
1484,13:50:24,4.07,0.0,3,1221,卖盘
1485,13:50:27,4.07,0.0,6,2442,卖盘
1486,13:50:30,4.07,0.0,6,2442,卖盘
1487,13:50:33,4.07,0.0,6,2442,卖盘
1488,13:50:36,4.07,0.0,79,32229,卖盘
1489,13:50:39,4.07,0.0,18,7326,卖盘
1490,13:50:48,4.07,0.0,5,2035,卖盘
1491,13:51:01,4.07,0.0,2,814,卖盘
1492,13:51:09,4.08,0.01,1,408,买盘
1493,13:51:12,4.08,0.0,23,9384,买盘
1494,13:52:15,4.07,-0.01,2,814,卖盘
1495,13:52:34,4.07,0.0,1,407,卖盘
1496,13:52:48,4.08,0.01,27,10999,买盘
1497,13:53:12,4.08,0.0,45,18360,买盘
1498,13:53:19,4.08,0.0,16,6528,买盘
1499,13:53:39,4.08,0.0,1,408,买盘
1500,13:53:42,4.08,0.0,20,8160,买盘
1501,13:53:49,4.07,-0.01,68,27676,卖盘
1502,13:54:21,4.08,0.01,43,17544,买盘
1503,13:54:48,4.08,0.0,10,4080,买盘
1504,13:55:12,4.08,0.0,3,1224,买盘
1505,13:55:21,4.08,0.0,5,2040,买盘
1506,13:55:39,4.08,0.0,20,8160,买盘
1507,13:55:45,4.08,0.0,76,31008,买盘
1508,13:55:51,4.08,0.0,26,10587,买盘
1509,13:56:01,4.08,0.0,5,2040,买盘
1510,13:56:09,4.08,0.0,135,55080,买盘
1511,13:56:12,4.07,-0.01,2,814,卖盘
1512,13:56:15,4.08,0.01,7,2856,买盘
1513,13:56:24,4.07,-0.01,74,30118,卖盘
1514,13:56:54,4.08,0.01,68,27744,买盘
1515,13:56:57,4.07,-0.01,85,34595,卖盘
1516,13:57:00,4.07,0.0,13,5291,卖盘
1517,13:57:15,4.07,0.0,6,2442,卖盘
1518,13:57:18,4.07,0.0,91,37037,卖盘
1519,13:57:21,4.07,0.0,23,9361,卖盘
1520,13:57:24,4.07,0.0,75,30525,卖盘
1521,13:57:27,4.07,0.0,124,50468,卖盘
1522,13:57:30,4.07,0.0,39,15873,卖盘
1523,13:57:33,4.07,0.0,12,4894,卖盘
1524,13:57:39,4.07,0.0,37,15059,卖盘
1525,13:57:42,4.07,0.0,1,407,卖盘
1526,13:57:48,4.07,0.0,117,47619,卖盘
1527,13:57:57,4.07,0.0,30,12210,卖盘
1528,13:58:18,4.07,0.0,21,8547,卖盘
1529,13:58:46,4.07,0.0,19,7733,卖盘
1530,13:59:00,4.08,0.01,10,4080,买盘
1531,13:59:27,4.08,0.0,30,12240,买盘
1532,13:59:57,4.07,-0.01,1,407,卖盘
1533,14:00:04,4.08,0.01,20,8160,买盘
1534,14:00:30,4.08,0.0,41,16692,买盘
1535,14:00:33,4.07,-0.01,3,1221,卖盘
1536,14:00:36,4.07,0.0,11,4477,卖盘
1537,14:00:40,4.07,0.0,8,3256,卖盘
1538,14:00:42,4.08,0.01,11,4479,买盘
1539,14:00:45,4.07,-0.01,7,2849,卖盘
1540,14:00:48,4.07,0.0,8,3256,卖盘
1541,14:00:51,4.07,0.0,72,29304,卖盘
1542,14:00:54,4.07,0.0,22,8954,卖盘
1543,14:00:57,4.08,0.01,38,15486,买盘
1544,14:01:01,4.07,-0.01,14,5698,卖盘
1545,14:01:04,4.07,0.0,15,6105,卖盘
1546,14:01:06,4.07,0.0,16,6512,卖盘
1547,14:01:09,4.07,0.0,18,7326,卖盘
1548,14:01:12,4.07,0.0,16,6512,卖盘
1549,14:01:15,4.07,0.0,16,6512,卖盘
1550,14:01:18,4.07,0.0,92,37444,卖盘
1551,14:01:21,4.07,0.0,17,6919,卖盘
1552,14:01:24,4.07,0.0,14,5698,卖盘
1553,14:01:27,4.07,0.0,14,5698,卖盘
1554,14:01:30,4.07,0.0,12,4884,卖盘
1555,14:01:33,4.07,0.0,10,4070,卖盘
1556,14:01:36,4.07,0.0,8,3256,卖盘
1557,14:01:39,4.07,0.0,7,2849,卖盘
1558,14:01:45,4.07,0.0,136,55352,卖盘
1559,14:01:48,4.07,0.0,9,3663,卖盘
1560,14:01:51,4.07,0.0,56,22792,卖盘
1561,14:01:55,4.06,-0.01,16,6496,卖盘
1562,14:02:06,4.06,0.0,17,6902,卖盘
1563,14:02:21,4.06,0.0,76,30856,卖盘
1564,14:02:27,4.07,0.01,10,4070,买盘
1565,14:02:33,4.07,0.0,17,6919,卖盘
1566,14:02:48,4.07,0.0,12,4884,买盘
1567,14:03:24,4.06,-0.01,20,8120,卖盘
1568,14:03:28,4.06,0.0,40,16240,卖盘
1569,14:03:37,4.07,0.01,132,53724,买盘
1570,14:03:51,4.06,-0.01,20,8120,卖盘
1571,14:04:03,4.06,0.0,33,13401,卖盘
1572,14:04:06,4.06,0.0,3,1218,卖盘
1573,14:04:09,4.07,0.01,5,2035,买盘
1574,14:04:15,4.06,-0.01,10,4060,卖盘
1575,14:04:24,4.07,0.01,11,4467,买盘
1576,14:04:27,4.06,-0.01,8,3248,卖盘
1577,14:04:30,4.07,0.01,5,2035,买盘
1578,14:04:33,4.07,0.0,500,203500,买盘
1579,14:04:40,4.06,-0.01,10,4060,卖盘
1580,14:04:51,4.07,0.01,2,814,卖盘
1581,14:05:01,4.07,0.0,10,4070,卖盘
1582,14:05:10,4.08,0.01,1,408,买盘
1583,14:05:21,4.08,0.0,68,27719,买盘
1584,14:05:39,4.07,-0.01,1,407,卖盘
1585,14:05:45,4.07,0.0,10,4070,卖盘
1586,14:05:48,4.07,0.0,91,37037,卖盘
1587,14:05:55,4.07,0.0,76,30932,卖盘
1588,14:05:58,4.07,0.0,50,20350,卖盘
1589,14:06:01,4.07,0.0,275,111925,卖盘
1590,14:06:04,4.07,0.0,10,4070,买盘
1591,14:06:24,4.06,-0.01,90,36540,卖盘
1592,14:06:43,4.07,0.01,100,40700,买盘
1593,14:07:03,4.07,0.0,8,3253,买盘
1594,14:07:06,4.06,-0.01,20,8120,卖盘
1595,14:07:21,4.06,0.0,180,73080,卖盘
1596,14:07:24,4.07,0.01,39,15836,买盘
1597,14:07:30,4.07,0.0,3,1221,买盘
1598,14:07:51,4.06,-0.01,5,2030,卖盘
1599,14:08:00,4.06,0.0,1,406,卖盘
1600,14:08:07,4.06,0.0,20,8120,卖盘
1601,14:08:27,4.07,0.01,82,33374,买盘
1602,14:08:39,4.07,0.0,37,15059,买盘
1603,14:08:48,4.07,0.0,41,16687,买盘
1604,14:08:54,4.07,0.0,2,814,买盘
1605,14:09:00,4.06,-0.01,4,1624,卖盘
1606,14:09:04,4.07,0.01,99,40293,买盘
1607,14:09:09,4.07,0.0,19,7733,卖盘
1608,14:09:19,4.07,0.0,20,8140,卖盘
1609,14:09:25,4.07,0.0,2,814,卖盘
1610,14:09:30,4.07,0.0,3,1221,买盘
1611,14:09:51,4.07,0.0,200,81400,买盘
1612,14:09:54,4.07,0.0,39,15838,买盘
1613,14:10:25,4.07,0.0,10,4070,买盘
1614,14:10:33,4.07,0.0,58,23606,买盘
1615,14:10:42,4.06,-0.01,39,15862,卖盘
1616,14:10:54,4.07,0.01,7,2849,买盘
1617,14:11:12,4.07,0.0,22,8954,买盘
1618,14:11:21,4.07,0.0,35,14245,买盘
1619,14:11:24,4.07,0.0,2,814,买盘
1620,14:11:27,4.07,0.0,104,42328,买盘
1621,14:11:58,4.07,0.0,50,20350,买盘
1622,14:12:12,4.07,0.0,181,73667,买盘
1623,14:12:30,4.07,0.0,1,407,买盘
1624,14:12:39,4.07,0.0,13,5291,买盘
1625,14:12:43,4.07,0.0,537,218559,买盘
1626,14:12:49,4.08,0.01,100,40800,买盘
1627,14:13:19,4.08,0.0,10,4080,买盘
1628,14:13:22,4.08,0.0,1,408,买盘
1629,14:13:27,4.07,-0.01,31,12617,卖盘
1630,14:13:31,4.08,0.01,1000,408000,买盘
1631,14:13:36,4.08,0.0,50,20400,买盘
1632,14:13:40,4.08,0.0,100,40800,买盘
1633,14:13:43,4.08,0.0,102,41615,买盘
1634,14:13:46,4.08,0.0,2,816,买盘
1635,14:13:49,4.08,0.0,50,20400,买盘
1636,14:13:52,4.08,0.0,100,40800,买盘
1637,14:13:55,4.07,-0.01,2,814,卖盘
1638,14:14:01,4.08,0.01,42,17136,买盘
1639,14:14:07,4.07,-0.01,10,4070,卖盘
1640,14:14:10,4.08,0.01,205,83903,买盘
1641,14:14:27,4.08,0.0,6,2448,卖盘
1642,14:14:30,4.08,0.0,7,2856,卖盘
1643,14:14:33,4.08,0.0,12,4896,卖盘
1644,14:14:36,4.08,0.0,18,7344,卖盘
1645,14:14:39,4.08,0.0,13,5304,卖盘
1646,14:15:07,4.09,0.01,3,1227,买盘
1647,14:15:33,4.09,0.0,33,13497,买盘
1648,14:15:51,4.09,0.0,3,1227,买盘
1649,14:15:54,4.09,0.0,133,54397,买盘
1650,14:16:04,4.09,0.0,117,47823,买盘
1651,14:16:09,4.09,0.0,58,23722,买盘
1652,14:16:12,4.09,0.0,41,16769,卖盘
1653,14:16:15,4.09,0.0,58,23722,卖盘
1654,14:16:18,4.09,0.0,1,409,卖盘
1655,14:16:27,4.09,0.0,150,61350,卖盘
1656,14:16:31,4.09,0.0,2,818,卖盘
1657,14:16:36,4.09,0.0,23,9407,卖盘
1658,14:16:39,4.09,0.0,15,6135,卖盘
1659,14:16:42,4.1,0.01,36,14731,买盘
1660,14:16:46,4.09,-0.01,32,13088,卖盘
1661,14:17:00,4.1,0.01,1,410,买盘
1662,14:17:18,4.1,0.0,602,246820,买盘
1663,14:17:21,4.1,0.0,504,206640,买盘
1664,14:17:24,4.1,0.0,82,33620,买盘
1665,14:17:27,4.1,0.0,10,4100,卖盘
1666,14:17:33,4.11,0.01,10,4110,买盘
1667,14:17:36,4.11,0.0,10,4110,买盘
1668,14:17:39,4.11,0.0,215,88365,买盘
1669,14:17:42,4.11,0.0,55,22555,买盘
1670,14:17:45,4.11,0.0,140,57540,买盘
1671,14:17:48,4.11,0.0,170,69832,买盘
1672,14:17:51,4.11,0.0,4,1644,买盘
1673,14:17:55,4.1,-0.01,2,820,卖盘
1674,14:17:58,4.11,0.01,28,11485,买盘
1675,14:18:00,4.1,-0.01,5,2050,卖盘
1676,14:18:13,4.11,0.01,9,3699,买盘
1677,14:18:15,4.1,-0.01,5,2050,卖盘
1678,14:18:27,4.11,0.01,31,12741,买盘
1679,14:18:30,4.1,-0.01,715,293203,卖盘
1680,14:18:36,4.1,0.0,58,23780,买盘
1681,14:18:45,4.1,0.0,26,10660,买盘
1682,14:18:48,4.1,0.0,5,2050,买盘
1683,14:19:07,4.1,0.0,2,820,买盘
1684,14:19:18,4.09,-0.01,10,4090,卖盘
1685,14:19:28,4.1,0.01,50,20500,买盘
1686,14:19:46,4.1,0.0,350,143500,买盘
1687,14:19:48,4.09,-0.01,79,32311,卖盘
1688,14:19:51,4.11,0.02,247,101295,买盘
1689,14:19:54,4.09,-0.02,10,4090,卖盘
1690,14:19:57,4.09,0.0,89,36401,卖盘
1691,14:20:04,4.1,0.01,20,8200,买盘
1692,14:20:06,4.1,0.0,25,10250,买盘
1693,14:20:09,4.1,0.0,67,27470,买盘
1694,14:20:12,4.1,0.0,34,13940,买盘
1695,14:20:24,4.09,-0.01,16,6555,卖盘
1696,14:20:27,4.09,0.0,30,12270,卖盘
1697,14:20:30,4.1,0.01,10,4100,买盘
1698,14:20:42,4.1,0.0,22,9020,买盘
1699,14:20:57,4.09,-0.01,10,4090,卖盘
1700,14:21:04,4.1,0.01,300,123000,买盘
1701,14:21:27,4.1,0.0,68,27880,买盘
1702,14:21:57,4.1,0.0,2,820,买盘
1703,14:22:15,4.11,0.01,332,136103,买盘
1704,14:22:21,4.1,-0.01,20,8200,卖盘
1705,14:22:27,4.11,0.01,75,30825,买盘
1706,14:22:31,4.1,-0.01,47,19270,卖盘
1707,14:22:33,4.1,0.0,30,12310,卖盘
1708,14:22:36,4.11,0.01,69,28301,买盘
1709,14:22:48,4.1,-0.01,110,45100,卖盘
1710,14:22:51,4.1,0.0,156,63960,卖盘
1711,14:22:55,4.1,0.0,4,1640,卖盘
1712,14:22:57,4.1,0.0,8,3280,卖盘
1713,14:23:01,4.1,0.0,1,410,卖盘
1714,14:23:04,4.1,0.0,71,29110,卖盘
1715,14:23:06,4.1,0.0,154,63140,买盘
1716,14:23:16,4.09,-0.01,48,19657,卖盘
1717,14:23:24,4.1,0.01,22,9020,买盘
1718,14:23:33,4.1,0.0,40,16400,买盘
1719,14:24:04,4.1,0.0,44,18040,买盘
1720,14:24:07,4.09,-0.01,10,4090,卖盘
1721,14:24:18,4.09,0.0,30,12270,卖盘
1722,14:24:28,4.09,0.0,70,28630,卖盘
1723,14:24:31,4.09,0.0,50,20450,卖盘
1724,14:24:34,4.09,0.0,50,20450,卖盘
1725,14:24:36,4.09,0.0,32,13090,卖盘
1726,14:24:42,4.1,0.01,190,77900,买盘
1727,14:24:51,4.1,0.0,50,20500,买盘
1728,14:24:54,4.09,-0.01,38,15542,卖盘
1729,14:24:57,4.09,0.0,19,7771,卖盘
1730,14:25:06,4.1,0.01,2,820,买盘
1731,14:25:15,4.1,0.0,16,6560,买盘
1732,14:25:21,4.09,-0.01,202,82618,卖盘
1733,14:25:27,4.09,0.0,70,28680,卖盘
1734,14:25:33,4.09,0.0,126,51640,卖盘
1735,14:25:45,4.09,0.0,15,6135,卖盘
1736,14:25:52,4.1,0.01,6,2460,买盘
1737,14:25:54,4.1,0.0,60,24600,买盘
1738,14:25:57,4.09,-0.01,94,38446,卖盘
1739,14:26:04,4.1,0.01,4,1640,买盘
1740,14:26:09,4.09,-0.01,4,1636,卖盘
1741,14:26:18,4.09,0.0,20,8180,卖盘
1742,14:26:46,4.09,0.0,7,2863,卖盘
1743,14:27:04,4.1,0.01,100,41000,买盘
1744,14:27:06,4.09,-0.01,50,20450,卖盘
1745,14:27:09,4.1,0.01,32,13120,买盘
1746,14:27:12,4.09,-0.01,2,818,卖盘
1747,14:27:34,4.1,0.01,33,13530,买盘
1748,14:27:42,4.09,-0.01,12,4908,卖盘
1749,14:27:45,4.08,-0.01,770,314649,卖盘
1750,14:27:51,4.08,0.0,123,50184,卖盘
1751,14:27:54,4.09,0.01,11,4499,买盘
1752,14:27:57,4.07,-0.02,200,81404,卖盘
1753,14:28:03,4.09,0.02,29,11861,买盘
1754,14:28:07,4.07,-0.02,25,10205,卖盘
1755,14:28:12,4.08,0.01,204,83033,买盘
1756,14:28:18,4.1,0.02,50,20482,买盘
1757,14:28:31,4.09,-0.01,40,16329,买盘
1758,14:28:33,4.09,0.0,10,4090,买盘
1759,14:28:48,4.09,0.0,1,409,买盘
1760,14:28:57,4.08,-0.01,20,8160,卖盘
1761,14:29:04,4.09,0.01,30,12270,买盘
1762,14:29:24,4.09,0.0,20,8180,买盘
1763,14:29:33,4.09,0.0,5,2045,买盘
1764,14:29:40,4.09,0.0,6,2454,买盘
1765,14:29:42,4.08,-0.01,50,20400,卖盘
1766,14:29:54,4.08,0.0,24,9792,卖盘
1767,14:30:04,4.08,0.0,23,9384,卖盘
1768,14:30:07,4.08,0.0,47,19176,卖盘
1769,14:30:10,4.08,0.0,101,41033,卖盘
1770,14:30:12,4.08,0.0,199,81192,卖盘
1771,14:30:22,4.08,0.0,53,21799,卖盘
1772,14:30:46,4.07,-0.01,29,11803,卖盘
1773,14:30:51,4.08,0.01,24,9792,买盘
1774,14:31:00,4.08,0.0,13,5301,买盘
1775,14:31:03,4.08,0.0,14,5712,买盘
1776,14:31:09,4.08,0.0,139,56623,买盘
1777,14:31:25,4.07,-0.01,51,20807,卖盘
1778,14:31:28,4.07,0.0,70,28490,卖盘
1779,14:31:36,4.08,0.01,33,13464,买盘
1780,14:31:43,4.07,-0.01,87,35409,卖盘
1781,14:31:51,4.08,0.01,20,8160,买盘
1782,14:31:57,4.07,-0.01,100,40700,卖盘
1783,14:32:00,4.08,0.01,10,4080,买盘
1784,14:32:04,4.07,-0.01,120,48840,卖盘
1785,14:32:12,4.07,0.0,1000,407000,卖盘
1786,14:32:19,4.07,0.0,111,45177,卖盘
1787,14:32:30,4.07,0.0,10,4070,卖盘
1788,14:32:39,4.08,0.01,71,28968,买盘
1789,14:32:57,4.08,0.0,100,40800,买盘
1790,14:33:00,4.07,-0.01,20,8140,卖盘
1791,14:33:09,4.08,0.01,50,20400,买盘
1792,14:33:12,4.07,-0.01,46,18722,卖盘
1793,14:33:24,4.08,0.01,32,13056,买盘
1794,14:33:30,4.07,-0.01,23,9361,卖盘
1795,14:33:42,4.08,0.01,13,5304,买盘
1796,14:33:48,4.07,-0.01,20,8140,卖盘
1797,14:33:51,4.07,0.0,30,12210,卖盘
1798,14:34:04,4.08,0.01,4,1632,买盘
1799,14:34:18,4.08,0.0,675,275400,买盘
1800,14:34:24,4.07,-0.01,197,80229,卖盘
1801,14:34:27,4.07,0.0,15,6105,卖盘
1802,14:34:36,4.08,0.01,42,17136,买盘
1803,14:35:00,4.08,0.0,6,2448,买盘
1804,14:35:12,4.08,0.0,8,3259,买盘
1805,14:35:15,4.08,0.0,10,4080,买盘
1806,14:35:21,4.08,0.0,55,22440,买盘
1807,14:35:24,4.07,-0.01,124,50500,卖盘
1808,14:35:31,4.08,0.01,4,1632,买盘
1809,14:35:33,4.07,-0.01,10,4070,卖盘
1810,14:35:36,4.07,0.0,3,1221,卖盘
1811,14:35:46,4.08,0.01,6,2448,买盘
1812,14:35:54,4.07,-0.01,300,122100,卖盘
1813,14:36:00,4.07,0.0,345,140415,卖盘
1814,14:36:21,4.07,0.0,50,20350,买盘
1815,14:36:24,4.07,0.0,30,12210,买盘
1816,14:36:27,4.07,0.0,40,16280,买盘
1817,14:36:30,4.07,0.0,36,14652,买盘
1818,14:36:36,4.07,0.0,54,21978,买盘
1819,14:36:39,4.07,0.0,46,18722,买盘
1820,14:36:49,4.07,0.0,93,37851,卖盘
1821,14:36:52,4.07,0.0,20,8140,卖盘
1822,14:37:06,4.07,0.0,154,62678,卖盘
1823,14:37:10,4.07,0.0,126,51282,买盘
1824,14:37:15,4.07,0.0,20,8140,买盘
1825,14:37:48,4.07,0.0,30,12210,卖盘
1826,14:38:04,4.07,0.0,20,8140,卖盘
1827,14:38:10,4.07,0.0,10,4070,卖盘
1828,14:38:22,4.08,0.01,100,40800,买盘
1829,14:38:28,4.08,0.0,50,20400,买盘
1830,14:38:31,4.08,0.0,40,16320,买盘
1831,14:38:37,4.08,0.0,124,50592,买盘
1832,14:38:46,4.08,0.0,50,20400,买盘
1833,14:38:51,4.08,0.0,7,2856,买盘
1834,14:38:55,4.08,0.0,25,10180,买盘
1835,14:39:00,4.08,0.0,144,58752,买盘
1836,14:39:04,4.08,0.0,157,64056,卖盘
1837,14:39:06,4.08,0.0,13,5304,卖盘
1838,14:39:46,4.08,0.0,8,3264,卖盘
1839,14:39:48,4.08,0.0,1,408,卖盘
1840,14:39:51,4.08,0.0,80,32640,卖盘
1841,14:40:06,4.08,0.0,66,26928,卖盘
1842,14:40:21,4.08,0.0,10,4080,卖盘
1843,14:40:43,4.08,0.0,10,4080,卖盘
1844,14:40:46,4.09,0.01,5,2045,买盘
1845,14:40:54,4.09,0.0,51,20819,买盘
1846,14:41:00,4.09,0.0,76,31084,买盘
1847,14:41:12,4.08,-0.01,56,22848,卖盘
1848,14:41:24,4.08,0.0,254,103632,卖盘
1849,14:42:00,4.09,0.01,300,122700,买盘
1850,14:42:12,4.09,0.0,73,29857,买盘
1851,14:42:30,4.09,0.0,24,9816,买盘
1852,14:42:34,4.09,0.0,360,147240,买盘
1853,14:42:37,4.09,0.0,421,172189,买盘
1854,14:42:42,4.1,0.01,8,3277,买盘
1855,14:42:45,4.08,-0.02,1030,420433,卖盘
1856,14:42:54,4.08,0.0,5,2040,买盘
1857,14:42:57,4.08,0.0,30,12240,买盘
1858,14:43:04,4.08,0.0,33,13464,买盘
1859,14:43:12,4.08,0.0,10,4080,买盘
1860,14:43:18,4.08,0.0,77,31416,买盘
1861,14:43:22,4.08,0.0,95,38760,买盘
1862,14:43:25,4.08,0.0,91,37128,买盘
1863,14:43:30,4.08,0.0,20,8160,买盘
1864,14:43:36,4.08,0.0,130,53030,买盘
1865,14:43:39,4.08,0.0,40,16320,买盘
1866,14:43:42,4.08,0.0,3,1224,买盘
1867,14:43:48,4.08,0.0,70,28560,买盘
1868,14:43:52,4.07,-0.01,100,40700,卖盘
1869,14:43:54,4.07,0.0,36,14662,卖盘
1870,14:44:01,4.08,0.01,100,40800,买盘
1871,14:44:10,4.07,-0.01,914,372892,卖盘
1872,14:44:13,4.08,0.01,1297,528176,买盘
1873,14:44:15,4.08,0.0,121,49368,买盘
1874,14:44:19,4.08,0.0,77,31416,卖盘
1875,14:44:25,4.08,0.0,164,66912,买盘
1876,14:44:28,4.08,0.0,36,14688,买盘
1877,14:44:34,4.08,0.0,50,20400,卖盘
1878,14:44:39,4.08,0.0,5,2040,卖盘
1879,14:44:42,4.08,0.0,10,4080,卖盘
1880,14:44:48,4.09,0.01,50,20450,买盘
1881,14:44:55,4.09,0.0,2,818,买盘
1882,14:45:06,4.09,0.0,5,2045,买盘
1883,14:45:10,4.09,0.0,10,4090,买盘
1884,14:45:15,4.09,0.0,1,409,买盘
1885,14:45:22,4.09,0.0,10,4090,买盘
1886,14:45:24,4.09,0.0,50,20450,买盘
1887,14:45:27,4.09,0.0,2,818,买盘
1888,14:45:33,4.09,0.0,78,31902,买盘
1889,14:45:49,4.09,0.0,36,14724,卖盘
1890,14:45:54,4.09,0.0,50,20450,卖盘
1891,14:46:04,4.09,0.0,20,8180,卖盘
1892,14:46:10,4.08,-0.01,35,14312,卖盘
1893,14:46:16,4.09,0.01,20,8180,买盘
1894,14:46:19,4.09,0.0,90,36810,买盘
1895,14:46:22,4.09,0.0,100,40900,买盘
1896,14:46:48,4.08,-0.01,45,18360,卖盘
1897,14:46:51,4.08,0.0,100,40800,卖盘
1898,14:47:13,4.08,0.0,1062,433338,卖盘
1899,14:47:28,4.08,0.0,20,8160,卖盘
1900,14:47:37,4.08,0.0,96,39168,卖盘
1901,14:47:42,4.09,0.01,16,6544,买盘
1902,14:47:45,4.08,-0.01,20,8160,卖盘
1903,14:47:48,4.08,0.0,47,19176,卖盘
1904,14:47:54,4.08,0.0,85,34680,卖盘
1905,14:48:04,4.08,0.0,1,408,卖盘
1906,14:48:13,4.08,0.0,38,15534,卖盘
1907,14:48:16,4.08,0.0,23,9384,卖盘
1908,14:48:25,4.09,0.01,5,2045,买盘
1909,14:48:28,4.08,-0.01,30,12240,卖盘
1910,14:48:31,4.08,0.0,30,12240,卖盘
1911,14:48:40,4.09,0.01,8,3272,买盘
1912,14:48:49,4.09,0.0,44,17976,买盘
1913,14:48:52,4.09,0.0,10,4090,买盘
1914,14:48:55,4.09,0.0,60,24490,买盘
1915,14:49:04,4.08,-0.01,50,20400,卖盘
1916,14:49:12,4.08,0.0,82,33456,卖盘
1917,14:49:24,4.09,0.01,50,20450,买盘
1918,14:49:28,4.08,-0.01,10,4080,卖盘
1919,14:49:42,4.08,0.0,150,61205,卖盘
1920,14:49:49,4.08,0.0,12,4896,卖盘
1921,14:49:52,4.08,0.0,147,59976,卖盘
1922,14:49:55,4.08,0.0,396,161568,卖盘
1923,14:49:58,4.09,0.01,71,29039,买盘
1924,14:50:04,4.08,-0.01,1,122,卖盘
1925,14:50:06,4.08,0.0,51,20808,卖盘
1926,14:50:09,4.08,0.0,34,13873,卖盘
1927,14:50:15,4.08,0.0,307,125256,卖盘
1928,14:50:25,4.09,0.01,11,4499,买盘
1929,14:50:31,4.08,-0.01,61,24888,卖盘
1930,14:50:34,4.08,0.0,5,2040,卖盘
1931,14:50:39,4.08,0.0,108,44064,卖盘
1932,14:50:42,4.08,0.0,150,61486,卖盘
1933,14:50:51,4.08,0.0,45,18360,买盘
1934,14:50:55,4.08,0.0,9,3672,买盘
1935,14:51:00,4.08,0.0,232,94370,买盘
1936,14:51:07,4.08,0.0,133,54264,卖盘
1937,14:51:13,4.08,0.0,40,16320,卖盘
1938,14:51:15,4.08,0.0,81,33048,卖盘
1939,14:51:31,4.08,0.0,11,4488,卖盘
1940,14:51:34,4.09,0.01,2,818,买盘
1941,14:51:40,4.09,0.0,5,2045,买盘
1942,14:51:51,4.09,0.0,10,4090,买盘
1943,14:52:00,4.08,-0.01,94,38405,卖盘
1944,14:52:04,4.08,0.0,5,2040,卖盘
1945,14:52:07,4.08,0.0,68,27744,卖盘
1946,14:52:10,4.09,0.01,4,1636,买盘
1947,14:52:15,4.08,-0.01,20,8160,卖盘
1948,14:52:18,4.08,0.0,45,18404,卖盘
1949,14:52:22,4.09,0.01,1,409,买盘
1950,14:52:34,4.08,-0.01,210,85680,卖盘
1951,14:52:40,4.09,0.01,123,50251,买盘
1952,14:52:43,4.08,-0.01,109,44481,卖盘
1953,14:52:46,4.09,0.01,22,8998,买盘
1954,14:52:49,4.08,-0.01,22,8978,卖盘
1955,14:52:52,4.09,0.01,35,14315,买盘
1956,14:52:54,4.09,0.0,20,8180,买盘
1957,14:53:00,4.09,0.0,31,12649,买盘
1958,14:53:09,4.08,-0.01,44,17952,卖盘
1959,14:53:12,4.09,0.01,26,10634,买盘
1960,14:53:16,4.09,0.0,96,39256,买盘
1961,14:53:22,4.08,-0.01,33,13477,卖盘
1962,14:53:25,4.09,0.01,10,4090,买盘
1963,14:53:28,4.08,-0.01,12,4896,卖盘
1964,14:53:31,4.09,0.01,2,818,买盘
1965,14:53:34,4.08,-0.01,70,28615,卖盘
1966,14:53:40,4.09,0.01,112,45808,买盘
1967,14:53:42,4.08,-0.01,43,17544,卖盘
1968,14:53:45,4.08,0.0,20,8160,卖盘
1969,14:53:48,4.08,0.0,50,20400,卖盘
1970,14:53:52,4.08,0.0,13,5304,卖盘
1971,14:53:55,4.09,0.01,2,818,买盘
1972,14:53:58,4.08,-0.01,67,27349,卖盘
1973,14:54:01,4.09,0.01,299,122242,买盘
1974,14:54:04,4.08,-0.01,5,2040,卖盘
1975,14:54:07,4.09,0.01,1000,409000,买盘
1976,14:54:12,4.09,0.0,41,16769,买盘
1977,14:54:15,4.09,0.0,574,234648,买盘
1978,14:54:18,4.09,0.0,126,51534,卖盘
1979,14:54:22,4.09,0.0,20,8180,买盘
1980,14:54:25,4.08,-0.01,144,58890,卖盘
1981,14:54:28,4.09,0.01,20,8180,中性盘
1982,14:54:31,4.09,0.0,5,2045,卖盘
1983,14:54:34,4.09,0.0,126,51534,卖盘
1984,14:54:39,4.09,0.0,72,29448,卖盘
1985,14:54:42,4.08,-0.01,138,56334,卖盘
1986,14:54:52,4.09,0.01,8,3272,卖盘
1987,14:54:55,4.09,0.0,44,17996,卖盘
1988,14:55:01,4.1,0.01,35,14344,买盘
1989,14:55:10,4.1,0.0,29,11890,买盘
1990,14:55:13,4.09,-0.01,30,12270,中性盘
1991,14:55:15,4.09,0.0,123,50209,买盘
1992,14:55:19,4.09,0.0,180,73620,买盘
1993,14:55:24,4.09,0.0,10,4090,卖盘
1994,14:55:28,4.1,0.01,45,18407,买盘
1995,14:55:31,4.1,0.0,113,46259,买盘
1996,14:55:34,4.09,-0.01,60,24540,卖盘
1997,14:55:37,4.1,0.01,3,1230,买盘
1998,14:55:43,4.1,0.0,7,2870,买盘
1999,14:55:46,4.09,-0.01,118,48282,卖盘
2000,14:55:48,4.09,0.0,105,43001,卖盘
2001,14:55:52,4.1,0.01,127,52070,买盘
2002,14:55:55,4.1,0.0,15,6144,买盘
2003,14:55:57,4.09,-0.01,125,51160,卖盘
2004,14:56:03,4.1,0.01,42,17220,买盘
2005,14:56:07,4.09,-0.01,10,4090,卖盘
2006,14:56:10,4.1,0.01,28,11480,买盘
2007,14:56:12,4.1,0.0,80,32800,买盘
2008,14:56:16,4.1,0.0,684,279929,买盘
2009,14:56:19,4.09,-0.01,108,44248,卖盘
2010,14:56:21,4.09,0.0,10,4090,卖盘
2011,14:56:24,4.09,0.0,25,10225,卖盘
2012,14:56:27,4.09,0.0,5,2045,卖盘
2013,14:56:30,4.1,0.01,124,50760,买盘
2014,14:56:34,4.1,0.0,30,12300,买盘
2015,14:56:36,4.09,-0.01,20,8180,卖盘
2016,14:56:39,4.1,0.01,61,24951,买盘
2017,14:56:42,4.09,-0.01,98,40082,卖盘
2018,14:56:46,4.09,0.0,47,19223,卖盘
2019,14:56:48,4.1,0.01,33,13530,买盘
2020,14:56:52,4.1,0.0,11,4510,买盘
2021,14:56:55,4.09,-0.01,7,2863,卖盘
2022,14:56:58,4.09,0.0,22,8998,卖盘
2023,15:00:04,4.07,-0.02,5436,2212737,卖盘
