,time,price,change,volume,amount,type
0,09:25:04,3.95,0.04,227,89665,买盘
1,09:30:04,3.96,0.01,95,37590,买盘
2,09:30:07,3.96,0.0,1,396,买盘
3,09:30:18,3.96,0.0,23,9108,卖盘
4,09:30:22,3.97,0.01,12,4764,买盘
5,09:30:27,3.97,0.0,46,18250,买盘
6,09:30:31,3.96,-0.01,10,3961,卖盘
7,09:30:36,3.96,0.0,100,39600,卖盘
8,09:30:40,3.97,0.01,4,1585,买盘
9,09:30:43,3.96,-0.01,3,1188,卖盘
10,09:30:46,3.96,0.0,3,1188,卖盘
11,09:30:49,3.96,0.0,3,1188,卖盘
12,09:30:52,3.97,0.01,281,111557,买盘
13,09:31:09,3.98,0.01,13,5174,买盘
14,09:31:13,3.97,-0.01,30,11910,卖盘
15,09:31:21,3.97,0.0,53,21041,卖盘
16,09:31:24,3.97,0.0,1173,466786,卖盘
17,09:31:28,3.97,0.0,14,5558,买盘
18,09:31:37,3.97,0.0,1,397,买盘
19,09:31:39,3.97,0.0,6,2382,买盘
20,09:31:51,3.97,0.0,34,13498,买盘
21,09:31:58,3.97,0.0,35,13895,买盘
22,09:32:04,3.97,0.0,36,14292,买盘
23,09:32:07,3.97,0.0,95,37715,卖盘
24,09:32:10,3.97,0.0,3,1191,买盘
25,09:32:12,3.97,0.0,9,3573,买盘
26,09:32:34,3.97,0.0,5,1985,买盘
27,09:32:36,3.98,0.01,112,44478,买盘
28,09:32:43,3.97,-0.01,17,6746,卖盘
29,09:32:48,3.96,-0.01,5,1980,卖盘
30,09:32:54,3.97,0.01,12,4764,买盘
31,09:33:04,3.97,0.0,1,397,买盘
32,09:33:13,3.97,0.0,100,39700,买盘
33,09:33:25,3.97,0.0,62,24614,买盘
34,09:33:40,3.97,0.0,1,397,卖盘
35,09:33:46,3.98,0.01,2,796,买盘
36,09:33:49,3.97,-0.01,18,7146,卖盘
37,09:33:52,3.98,0.01,1,398,买盘
38,09:34:01,3.97,-0.01,500,198500,卖盘
39,09:34:04,3.97,0.0,1,397,卖盘
40,09:34:06,3.97,0.0,25,9925,卖盘
41,09:34:10,3.97,0.0,37,14695,卖盘
42,09:34:12,3.97,0.0,2,794,买盘
43,09:34:16,3.97,0.0,20,7940,买盘
44,09:34:25,3.97,0.0,34,13498,买盘
45,09:34:31,3.97,0.0,12,4764,买盘
46,09:34:37,3.97,0.0,8,3176,买盘
47,09:34:40,3.96,-0.01,60,23760,卖盘
48,09:34:43,3.96,0.0,9,3564,买盘
49,09:34:45,3.96,0.0,7,2772,买盘
50,09:34:52,3.97,0.01,24,9528,买盘
51,09:34:55,3.96,-0.01,28,11112,卖盘
52,09:35:01,3.97,0.01,2,794,买盘
53,09:35:04,3.96,-0.01,20,7920,卖盘
54,09:35:06,3.97,0.01,1,397,买盘
55,09:35:09,3.97,0.0,12,4764,买盘
56,09:35:15,3.96,-0.01,34,13464,卖盘
57,09:35:19,3.96,0.0,4,1584,卖盘
58,09:35:24,3.96,0.0,46,18228,卖盘
59,09:35:34,3.96,0.0,2,792,卖盘
60,09:35:39,3.96,0.0,1,396,买盘
61,09:35:48,3.95,-0.01,1,395,卖盘
62,09:35:52,3.96,0.01,2,792,买盘
63,09:35:55,3.95,-0.01,10,3950,卖盘
64,09:36:04,3.96,0.01,9,3564,买盘
65,09:36:15,3.96,0.0,10,3960,买盘
66,09:36:25,3.96,0.0,25,9900,买盘
67,09:36:27,3.96,0.0,1,396,买盘
68,09:36:31,3.96,0.0,1,396,买盘
69,09:36:34,3.96,0.0,8,3168,买盘
70,09:36:37,3.96,0.0,1,396,买盘
71,09:36:40,3.96,0.0,24,9500,买盘
72,09:36:42,3.96,0.0,19,7524,买盘
73,09:36:55,3.96,0.0,20,7920,卖盘
74,09:37:01,3.96,0.0,5,1980,卖盘
75,09:37:13,3.97,0.01,9,3573,买盘
76,09:37:34,3.96,-0.01,6,2376,卖盘
77,09:37:37,3.96,0.0,4,1584,卖盘
78,09:37:40,3.97,0.01,12,4764,买盘
79,09:37:54,3.97,0.0,10,3970,买盘
80,09:38:04,3.96,-0.01,4,1584,卖盘
81,09:38:09,3.97,0.01,75,29775,买盘
82,09:38:12,3.97,0.0,23,9131,买盘
83,09:38:19,3.97,0.0,9,3573,买盘
84,09:38:27,3.96,-0.01,24,9504,卖盘
85,09:38:36,3.96,0.0,4,1584,卖盘
86,09:39:01,3.96,0.0,5,1980,卖盘
87,09:39:03,3.96,0.0,7,2772,卖盘
88,09:39:10,3.97,0.01,4,1588,买盘
89,09:39:34,3.97,0.0,3,1191,买盘
90,09:39:39,3.97,0.0,5,1985,买盘
91,09:39:43,3.97,0.0,10,3970,买盘
92,09:39:46,3.97,0.0,3,1191,买盘
93,09:39:48,3.97,0.0,1,397,买盘
94,09:39:55,3.97,0.0,29,11513,买盘
95,09:40:01,3.97,0.0,1,397,买盘
96,09:40:04,3.96,-0.01,20,7920,卖盘
97,09:40:07,3.97,0.01,42,16674,买盘
98,09:40:09,3.97,0.0,34,13498,买盘
99,09:40:12,3.97,0.0,7,2779,买盘
100,09:40:16,3.97,0.0,23,9131,买盘
101,09:40:19,3.97,0.0,46,18262,买盘
102,09:40:21,3.97,0.0,39,15483,买盘
103,09:40:24,3.97,0.0,31,12307,买盘
104,09:40:27,3.97,0.0,26,10322,买盘
105,09:40:31,3.97,0.0,83,32945,买盘
106,09:40:34,3.97,0.0,123,48831,买盘
107,09:40:37,3.97,0.0,6,2382,买盘
108,09:40:45,3.97,0.0,20,7940,卖盘
109,09:40:49,3.97,0.0,7,2779,买盘
110,09:40:52,3.97,0.0,23,9131,买盘
111,09:40:57,3.97,0.0,4,1588,卖盘
112,09:41:18,3.98,0.01,3,1194,买盘
113,09:41:22,3.98,0.0,4,1592,买盘
114,09:41:28,3.97,-0.01,7,2779,卖盘
115,09:41:30,3.98,0.01,53,21094,买盘
116,09:41:33,3.98,0.0,125,49750,买盘
117,09:41:36,3.98,0.0,45,17910,买盘
118,09:41:40,3.98,0.0,7,2786,买盘
119,09:41:42,3.98,0.0,10,3977,买盘
120,09:41:46,3.98,0.0,5,1990,买盘
121,09:41:52,3.98,0.0,78,30994,买盘
122,09:41:54,3.97,-0.01,19,7553,卖盘
123,09:41:57,3.98,0.01,44,17512,买盘
124,09:42:04,3.98,0.0,2,796,买盘
125,09:42:07,3.98,0.0,10,3980,买盘
126,09:42:09,3.98,0.0,17,6766,买盘
127,09:42:16,3.98,0.0,17,6766,买盘
128,09:42:25,3.97,-0.01,6,2382,卖盘
129,09:42:27,3.97,0.0,4,1588,卖盘
130,09:42:30,3.98,0.01,2,796,买盘
131,09:42:34,3.98,0.0,2,796,买盘
132,09:42:37,3.98,0.0,1,398,买盘
133,09:42:46,3.98,0.0,150,59700,买盘
134,09:42:52,3.97,-0.01,3,1191,卖盘
135,09:42:55,3.97,0.0,13,5171,卖盘
136,09:43:04,3.98,0.01,71,28258,买盘
137,09:43:16,3.98,0.0,477,190452,卖盘
138,09:43:18,3.98,0.0,1,398,买盘
139,09:43:22,3.97,-0.01,7,2782,卖盘
140,09:43:30,3.98,0.01,2,796,买盘
141,09:43:43,3.98,0.0,14,5572,买盘
142,09:43:51,3.98,0.0,31,12338,买盘
143,09:43:54,3.97,-0.01,10,3970,卖盘
144,09:44:01,3.98,0.01,2,796,买盘
145,09:44:09,3.98,0.0,25,9950,买盘
146,09:44:19,3.98,0.0,27,10746,买盘
147,09:44:21,3.98,0.0,6,2388,买盘
148,09:44:25,3.97,-0.01,1,397,卖盘
149,09:44:28,3.97,0.0,5,1985,卖盘
150,09:44:30,3.98,0.01,2,796,买盘
151,09:44:39,3.98,0.0,38,15124,买盘
152,09:44:46,3.98,0.0,10,3980,买盘
153,09:44:48,3.97,-0.01,7,2779,卖盘
154,09:44:52,3.97,0.0,4,1590,卖盘
155,09:44:55,3.98,0.01,13,5171,买盘
156,09:44:58,3.99,0.01,29,11544,买盘
157,09:45:00,3.98,-0.01,14,5572,卖盘
158,09:45:15,3.98,0.0,103,40994,卖盘
159,09:45:22,3.98,0.0,2,796,卖盘
160,09:45:28,3.98,0.0,25,9950,卖盘
161,09:45:31,3.99,0.01,10,3990,买盘
162,09:45:39,3.98,-0.01,10,3980,卖盘
163,09:45:46,3.99,0.01,2,798,买盘
164,09:45:48,3.98,-0.01,15,5970,卖盘
165,09:45:52,3.98,0.0,31,12338,买盘
166,09:45:55,3.98,0.0,10,3980,买盘
167,09:45:58,3.97,-0.01,3,1191,卖盘
168,09:46:06,3.98,0.01,62,24666,买盘
169,09:46:25,3.97,-0.01,2,794,卖盘
170,09:46:28,3.97,0.0,20,7940,卖盘
171,09:46:40,3.97,0.0,50,19850,卖盘
172,09:46:52,3.97,0.0,11,4367,卖盘
173,09:46:54,3.97,0.0,2,794,卖盘
174,09:47:01,3.97,0.0,100,39700,卖盘
175,09:47:04,3.98,0.01,12,4766,买盘
176,09:47:12,3.98,0.0,2,796,买盘
177,09:47:25,3.98,0.0,2,796,买盘
178,09:47:28,3.97,-0.01,8,3176,卖盘
179,09:47:36,3.97,0.0,50,19850,卖盘
180,09:47:52,3.97,0.0,8,3176,卖盘
181,09:47:55,3.97,0.0,82,32554,卖盘
182,09:48:04,3.98,0.01,43,17094,买盘
183,09:48:09,3.97,-0.01,100,39700,卖盘
184,09:48:24,3.97,0.0,294,116718,卖盘
185,09:48:27,3.98,0.01,12,4770,买盘
186,09:48:34,3.96,-0.02,3,1188,卖盘
187,09:48:40,3.97,0.01,33,13098,买盘
188,09:48:46,3.97,0.0,44,17468,买盘
189,09:48:48,3.97,0.0,10,3970,卖盘
190,09:48:51,3.97,0.0,12,4765,卖盘
191,09:49:07,3.97,0.0,20,7940,卖盘
192,09:49:25,3.97,0.0,2,794,卖盘
193,09:49:39,3.97,0.0,16,6352,卖盘
194,09:49:55,3.97,0.0,2,794,卖盘
195,09:50:00,3.98,0.01,2,796,买盘
196,09:50:06,3.98,0.0,1,398,买盘
197,09:50:27,3.97,-0.01,4,1588,卖盘
198,09:50:49,3.98,0.01,40,15920,买盘
199,09:50:51,3.98,0.0,7,2786,买盘
200,09:50:58,3.97,-0.01,3,1191,卖盘
201,09:51:07,3.97,0.0,100,39700,卖盘
202,09:51:10,3.97,0.0,9,3573,卖盘
203,09:51:16,3.98,0.01,27,10746,买盘
204,09:51:25,3.97,-0.01,10,3970,卖盘
205,09:51:34,3.97,0.0,23,9131,卖盘
206,09:51:43,3.97,0.0,5,1985,卖盘
207,09:51:55,3.98,0.01,13,5166,买盘
208,09:52:04,3.97,-0.01,4,1588,卖盘
209,09:52:22,3.97,0.0,20,7940,卖盘
210,09:52:27,3.97,0.0,4,1588,卖盘
211,09:52:36,3.97,0.0,20,7940,卖盘
212,09:52:54,3.97,0.0,274,108778,卖盘
213,09:53:25,3.96,-0.01,16,6336,卖盘
214,09:53:27,3.96,0.0,9,3564,卖盘
215,09:53:54,3.96,0.0,9,3564,卖盘
216,09:53:58,3.96,0.0,5,1980,卖盘
217,09:54:01,3.96,0.0,15,5940,卖盘
218,09:54:27,3.96,0.0,5,1980,卖盘
219,09:54:30,3.96,0.0,100,39600,卖盘
220,09:54:34,3.97,0.01,3,1191,买盘
221,09:54:40,3.97,0.0,2,794,买盘
222,09:54:52,3.96,-0.01,2,792,卖盘
223,09:54:55,3.96,0.0,10,3960,卖盘
224,09:54:58,3.97,0.01,2,794,买盘
225,09:55:25,3.96,-0.01,7,2772,卖盘
226,09:55:28,3.96,0.0,100,39600,卖盘
227,09:55:33,3.96,0.0,7,2772,卖盘
228,09:55:51,3.96,0.0,6,2376,卖盘
229,09:56:04,3.96,0.0,2,792,卖盘
230,09:56:15,3.97,0.01,1,397,买盘
231,09:56:22,3.97,0.0,1,397,买盘
232,09:56:25,3.96,-0.01,11,4356,卖盘
233,09:56:43,3.96,0.0,30,11880,卖盘
234,09:56:54,3.96,0.0,22,8725,卖盘
235,09:57:16,3.96,0.0,39,15444,卖盘
236,09:57:21,3.96,0.0,19,7524,卖盘
237,09:57:30,3.97,0.01,1,397,买盘
238,09:57:34,3.96,-0.01,5,1980,卖盘
239,09:57:37,3.97,0.01,1,397,买盘
240,09:57:43,3.97,0.0,28,11116,买盘
241,09:57:52,3.96,-0.01,3,1188,卖盘
242,09:57:54,3.96,0.0,11,4356,卖盘
243,09:58:12,3.96,0.0,13,5148,卖盘
244,09:58:16,3.97,0.01,9,3573,买盘
245,09:58:18,3.97,0.0,4,1588,买盘
246,09:58:21,3.97,0.0,15,5955,买盘
247,09:58:27,3.96,-0.01,2,792,卖盘
248,09:58:30,3.97,0.01,7,2779,买盘
249,09:58:45,3.96,-0.01,4,1584,卖盘
250,09:58:51,3.97,0.01,34,13498,买盘
251,09:58:55,3.96,-0.01,10,3960,卖盘
252,09:59:04,3.97,0.01,173,68681,买盘
253,09:59:16,3.97,0.0,10,3970,买盘
254,09:59:25,3.96,-0.01,4,1584,卖盘
255,09:59:45,3.97,0.01,10,3970,买盘
256,09:59:48,3.97,0.0,5,1985,买盘
257,09:59:51,3.96,-0.01,20,7920,卖盘
258,09:59:55,3.96,0.0,4,1584,卖盘
259,10:00:01,3.97,0.01,7,2779,买盘
260,10:00:07,3.97,0.0,5,1985,买盘
261,10:00:10,3.96,-0.01,6,2376,卖盘
262,10:00:21,3.96,0.0,3,1188,卖盘
263,10:00:31,3.97,0.01,19,7537,买盘
264,10:00:40,3.96,-0.01,150,59400,卖盘
265,10:00:52,3.96,0.0,2,792,卖盘
266,10:01:16,3.97,0.01,10,3970,买盘
267,10:01:19,3.97,0.0,5,1985,买盘
268,10:01:22,3.96,-0.01,17,6745,卖盘
269,10:01:30,3.97,0.01,7,2779,买盘
270,10:01:52,3.96,-0.01,8,3170,卖盘
271,10:02:01,3.97,0.01,40,15880,买盘
272,10:02:07,3.97,0.0,5,1985,买盘
273,10:02:22,3.96,-0.01,8,3168,卖盘
274,10:02:43,3.97,0.01,5,1985,买盘
275,10:02:46,3.97,0.0,9,3573,买盘
276,10:02:52,3.96,-0.01,4,1584,卖盘
277,10:02:58,3.97,0.01,10,3970,买盘
278,10:03:06,3.97,0.0,5,1985,买盘
279,10:03:34,3.97,0.0,3,1191,买盘
280,10:03:54,3.96,-0.01,5,1980,卖盘
281,10:04:01,3.96,0.0,15,5940,卖盘
282,10:04:12,3.97,0.01,10,3970,买盘
283,10:04:15,3.97,0.0,4,1588,买盘
284,10:04:24,3.97,0.0,5,1985,买盘
285,10:04:27,3.96,-0.01,15,5947,卖盘
286,10:04:36,3.96,0.0,27,10692,卖盘
287,10:04:46,3.96,0.0,22,8712,卖盘
288,10:04:54,3.96,0.0,9,3569,卖盘
289,10:04:58,3.96,0.0,37,14652,卖盘
290,10:05:04,3.97,0.01,8,3176,买盘
291,10:05:06,3.96,-0.01,13,5154,卖盘
292,10:05:25,3.96,0.0,12,4757,卖盘
293,10:05:28,3.96,0.0,5,1980,卖盘
294,10:05:42,3.97,0.01,10,3970,买盘
295,10:05:45,3.97,0.0,5,1985,买盘
296,10:05:54,3.96,-0.01,39,15449,卖盘
297,10:05:58,3.96,0.0,15,5947,卖盘
298,10:06:10,3.97,0.01,10,3970,买盘
299,10:06:12,3.96,-0.01,9,3564,卖盘
300,10:06:22,3.97,0.01,7,2779,买盘
301,10:06:24,3.96,-0.01,8,3168,卖盘
302,10:06:31,3.96,0.0,1,396,卖盘
303,10:06:36,3.97,0.01,7,2779,买盘
304,10:06:52,3.96,-0.01,4,1584,卖盘
305,10:06:55,3.97,0.01,10,3970,买盘
306,10:07:00,3.96,-0.01,3,1190,卖盘
307,10:07:04,3.97,0.01,3,1191,买盘
308,10:07:06,3.97,0.0,5,1985,买盘
309,10:07:13,3.97,0.0,10,3970,买盘
310,10:07:16,3.97,0.0,5,1985,买盘
311,10:07:19,3.97,0.0,2,794,买盘
312,10:07:21,3.96,-0.01,11,4356,卖盘
313,10:07:25,3.96,0.0,1,396,卖盘
314,10:07:27,3.97,0.01,7,2779,买盘
315,10:07:58,3.96,-0.01,3,1188,卖盘
316,10:08:28,3.96,0.0,3,1188,卖盘
317,10:08:30,3.97,0.01,35,13895,买盘
318,10:08:37,3.97,0.0,2,794,买盘
319,10:08:43,3.97,0.0,14,5558,买盘
320,10:08:52,3.96,-0.01,1,396,卖盘
321,10:08:54,3.97,0.01,7,2779,买盘
322,10:08:58,3.96,-0.01,5,1980,卖盘
323,10:09:00,3.97,0.01,33,13101,买盘
324,10:09:04,3.97,0.0,8,3176,买盘
325,10:09:07,3.97,0.0,8,3176,买盘
326,10:09:09,3.97,0.0,12,4753,买盘
327,10:09:21,3.96,-0.01,5,1981,卖盘
328,10:09:25,3.96,0.0,81,32153,卖盘
329,10:09:30,3.97,0.01,1,397,买盘
330,10:09:40,3.97,0.0,3,1191,买盘
331,10:09:51,3.97,0.0,1,397,买盘
332,10:09:54,3.96,-0.01,7,2774,卖盘
333,10:10:00,3.97,0.01,1,397,买盘
334,10:10:04,3.97,0.0,33,13101,买盘
335,10:10:07,3.97,0.0,5,1985,买盘
336,10:10:10,3.97,0.0,14,5558,买盘
337,10:10:13,3.97,0.0,9,3573,买盘
338,10:10:16,3.96,-0.01,8,3168,卖盘
339,10:10:21,3.97,0.01,1,397,买盘
340,10:10:25,3.96,-0.01,8,3175,卖盘
341,10:10:31,3.97,0.01,1,397,买盘
342,10:10:33,3.97,0.0,15,5955,买盘
343,10:10:40,3.97,0.0,1,397,买盘
344,10:10:51,3.97,0.0,1,397,买盘
345,10:10:57,3.97,0.0,8,3176,买盘
346,10:11:01,3.97,0.0,5,1985,买盘
347,10:11:04,3.97,0.0,8,3176,买盘
348,10:11:06,3.97,0.0,6,2382,买盘
349,10:11:09,3.97,0.0,1,397,买盘
350,10:11:12,3.97,0.0,8,3176,买盘
351,10:11:15,3.97,0.0,20,7940,买盘
352,10:11:18,3.97,0.0,18,7146,买盘
353,10:11:21,3.97,0.0,14,5558,买盘
354,10:11:24,3.97,0.0,69,27393,买盘
355,10:11:30,3.98,0.01,12,4776,买盘
356,10:11:40,3.98,0.0,1,398,买盘
357,10:11:52,3.98,0.0,1,398,买盘
358,10:11:55,3.97,-0.01,1,397,卖盘
359,10:11:57,3.97,0.0,11,4367,卖盘
360,10:12:00,3.98,0.01,1,398,买盘
361,10:12:13,3.98,0.0,1,398,买盘
362,10:12:21,3.98,0.0,21,8338,买盘
363,10:12:30,3.98,0.0,3,1194,买盘
364,10:12:42,3.97,-0.01,117,46450,卖盘
365,10:12:49,3.98,0.01,8,3184,买盘
366,10:12:51,3.98,0.0,14,5572,买盘
367,10:12:54,3.98,0.0,250,99500,买盘
368,10:12:58,3.97,-0.01,8,3176,卖盘
369,10:13:01,3.98,0.01,35,13930,买盘
370,10:13:04,3.98,0.0,10,3980,买盘
371,10:13:09,3.97,-0.01,24,9528,卖盘
372,10:13:13,3.98,0.01,1,398,买盘
373,10:13:21,3.97,-0.01,2,795,卖盘
374,10:13:24,3.98,0.01,2,796,买盘
375,10:13:27,3.97,-0.01,1,397,卖盘
376,10:13:30,3.98,0.01,4,1589,买盘
377,10:13:42,3.98,0.0,1,398,买盘
378,10:13:52,3.98,0.0,1,398,买盘
379,10:13:55,3.98,0.0,2,796,买盘
380,10:13:58,3.98,0.0,1,398,买盘
381,10:14:01,3.98,0.0,1,398,买盘
382,10:14:09,3.98,0.0,4,1592,买盘
383,10:14:13,3.98,0.0,1,398,买盘
384,10:14:22,3.98,0.0,1,398,买盘
385,10:14:27,3.98,0.0,2,796,买盘
386,10:14:30,3.98,0.0,2,795,买盘
387,10:14:43,3.98,0.0,1,398,买盘
388,10:14:52,3.98,0.0,1,398,买盘
389,10:14:58,3.98,0.0,2,796,买盘
390,10:15:00,3.97,-0.01,3,1192,卖盘
391,10:15:04,3.97,0.0,3,1191,卖盘
392,10:15:12,3.98,0.01,1,398,买盘
393,10:15:21,3.98,0.0,1,398,买盘
394,10:15:28,3.98,0.0,2,796,买盘
395,10:15:31,3.98,0.0,2,795,买盘
396,10:15:42,3.98,0.0,3,1194,买盘
397,10:15:52,3.98,0.0,1,398,买盘
398,10:15:54,3.98,0.0,70,27860,买盘
399,10:15:57,3.97,-0.01,7,2779,卖盘
400,10:16:01,3.98,0.01,1,398,买盘
401,10:16:12,3.98,0.0,2,796,买盘
402,10:16:21,3.98,0.0,1,398,买盘
403,10:16:28,3.97,-0.01,10,3970,卖盘
404,10:16:31,3.98,0.01,1,398,买盘
405,10:16:34,3.97,-0.01,50,19850,卖盘
406,10:16:36,3.97,0.0,3,1191,卖盘
407,10:16:43,3.98,0.01,19,7562,买盘
408,10:16:45,3.98,0.0,40,15920,买盘
409,10:16:49,3.97,-0.01,16,6352,卖盘
410,10:16:51,3.98,0.01,1,398,买盘
411,10:16:57,3.97,-0.01,82,32554,卖盘
412,10:17:01,3.97,0.0,8,3171,买盘
413,10:17:04,3.97,0.0,45,17865,买盘
414,10:17:07,3.96,-0.01,17,6738,卖盘
415,10:17:09,3.97,0.01,9,3573,买盘
416,10:17:12,3.98,0.01,1,398,买盘
417,10:17:21,3.98,0.0,1,398,买盘
418,10:17:30,3.98,0.0,5,1986,买盘
419,10:17:43,3.98,0.0,1,398,买盘
420,10:17:51,3.98,0.0,1,398,买盘
421,10:18:00,3.98,0.0,1,398,买盘
422,10:18:13,3.98,0.0,1,398,买盘
423,10:18:19,3.98,0.0,18,7164,买盘
424,10:18:21,3.98,0.0,4,1589,买盘
425,10:18:27,3.98,0.0,2,796,买盘
426,10:18:30,3.98,0.0,1,398,买盘
427,10:18:39,3.98,0.0,1,398,买盘
428,10:18:42,3.98,0.0,1,398,买盘
429,10:18:51,3.98,0.0,1,398,买盘
430,10:18:54,3.98,0.0,31,12338,买盘
431,10:18:57,3.97,-0.01,5,1985,卖盘
432,10:19:01,3.98,0.01,1,398,买盘
433,10:19:12,3.98,0.0,1,398,买盘
434,10:19:18,3.98,0.0,15,5970,买盘
435,10:19:22,3.98,0.0,4,1589,买盘
436,10:19:25,3.98,0.0,27,10746,买盘
437,10:19:28,3.98,0.0,6,2388,买盘
438,10:19:31,3.98,0.0,35,13896,买盘
439,10:19:34,3.97,-0.01,4,1588,卖盘
440,10:19:37,3.97,0.0,50,19850,卖盘
441,10:19:42,3.98,0.01,1,398,买盘
442,10:19:51,3.98,0.0,1,398,买盘
443,10:20:00,3.98,0.0,1,398,买盘
444,10:20:04,3.98,0.0,9,3582,买盘
445,10:20:07,3.97,-0.01,3,1191,卖盘
446,10:20:15,3.98,0.01,2,796,买盘
447,10:20:24,3.98,0.0,36,14328,买盘
448,10:20:58,3.97,-0.01,5,1987,卖盘
449,10:21:15,3.98,0.01,6,2388,买盘
450,10:21:24,3.98,0.0,5,1990,买盘
451,10:21:28,3.97,-0.01,3,1191,卖盘
452,10:21:33,3.97,0.0,8,3176,卖盘
453,10:21:49,3.98,0.01,11,4378,买盘
454,10:21:55,3.98,0.0,34,13532,买盘
455,10:21:57,3.97,-0.01,3,1191,卖盘
456,10:22:01,3.97,0.0,2,794,卖盘
457,10:22:16,3.98,0.01,14,5572,买盘
458,10:22:18,3.97,-0.01,9,3573,卖盘
459,10:22:25,3.98,0.01,6,2388,买盘
460,10:22:28,3.97,-0.01,10,3970,卖盘
461,10:22:43,3.97,0.0,126,50022,卖盘
462,10:22:45,3.97,0.0,8,3176,卖盘
463,10:22:54,3.97,0.0,11,4367,卖盘
464,10:22:58,3.97,0.0,5,1985,卖盘
465,10:23:01,3.97,0.0,4,1588,卖盘
466,10:23:19,3.98,0.01,13,5174,买盘
467,10:23:21,3.98,0.0,1,398,买盘
468,10:23:24,3.98,0.0,40,15920,买盘
469,10:23:28,3.97,-0.01,4,1588,卖盘
470,10:23:31,3.97,0.0,6,2382,卖盘
471,10:24:01,3.97,0.0,8,3176,卖盘
472,10:24:10,3.98,0.01,20,7960,买盘
473,10:24:42,3.98,0.0,34,13532,买盘
474,10:24:46,3.98,0.0,6,2384,买盘
475,10:24:51,3.98,0.0,34,13532,买盘
476,10:25:01,3.97,-0.01,4,1588,卖盘
477,10:25:27,3.98,0.01,2,796,买盘
478,10:25:30,3.97,-0.01,1,397,卖盘
479,10:25:36,3.98,0.01,2,796,买盘
480,10:26:01,3.97,-0.01,3,1191,卖盘
481,10:26:09,3.98,0.01,13,5174,买盘
482,10:26:12,3.98,0.0,17,6753,买盘
483,10:26:18,3.98,0.0,6,2388,买盘
484,10:26:21,3.98,0.0,25,9950,买盘
485,10:26:42,3.98,0.0,2,796,卖盘
486,10:27:01,3.98,0.0,6,2388,卖盘
487,10:27:04,3.99,0.01,32,12765,买盘
488,10:27:09,3.98,-0.01,14,5572,卖盘
489,10:27:22,3.98,0.0,3,1194,买盘
490,10:27:27,3.98,0.0,2,796,买盘
491,10:27:43,3.98,0.0,13,5174,买盘
492,10:27:45,3.97,-0.01,3,1191,卖盘
493,10:27:48,3.98,0.01,2,796,买盘
494,10:27:51,3.98,0.0,33,13134,买盘
495,10:28:01,3.97,-0.01,8,3176,卖盘
496,10:28:12,3.97,0.0,9,3573,卖盘
497,10:28:15,3.97,0.0,3,1191,卖盘
498,10:28:30,3.97,0.0,21,8350,卖盘
499,10:29:00,3.97,0.0,8,3176,卖盘
500,10:29:13,3.98,0.01,12,4776,买盘
501,10:29:16,3.99,0.01,1,399,买盘
502,10:29:19,3.98,-0.01,2,796,卖盘
503,10:29:21,3.99,0.01,34,13548,买盘
504,10:29:25,3.98,-0.01,4,1592,卖盘
505,10:29:31,3.98,0.0,6,2388,卖盘
506,10:29:33,3.98,0.0,1,398,卖盘
507,10:29:36,3.98,0.0,1,398,卖盘
508,10:29:39,3.98,0.0,1,398,卖盘
509,10:29:42,3.98,0.0,1,398,卖盘
510,10:29:46,3.98,0.0,1,398,卖盘
511,10:29:49,3.98,0.0,1,398,卖盘
512,10:29:52,3.98,0.0,1,398,卖盘
513,10:29:55,3.98,0.0,1,398,卖盘
514,10:29:58,3.99,0.01,3,1196,买盘
515,10:30:01,3.98,-0.01,6,2388,卖盘
516,10:30:04,3.98,0.0,37,14762,卖盘
517,10:30:06,3.98,0.0,3,1194,卖盘
518,10:30:12,3.99,0.01,1,399,买盘
519,10:30:16,3.98,-0.01,8,3184,卖盘
520,10:30:22,3.99,0.01,2,798,买盘
521,10:30:27,3.99,0.0,2,798,买盘
522,10:30:31,3.98,-0.01,2,796,卖盘
523,10:30:43,3.99,0.01,13,5187,买盘
524,10:30:45,3.98,-0.01,2,796,卖盘
525,10:30:48,3.98,0.0,2,796,买盘
526,10:31:04,3.98,0.0,5,1990,买盘
527,10:31:07,3.98,0.0,18,7164,买盘
528,10:31:10,3.97,-0.01,4,1589,卖盘
529,10:31:30,3.97,0.0,4,1588,卖盘
530,10:31:37,3.98,0.01,8,3184,买盘
531,10:31:40,3.98,0.0,1,398,卖盘
532,10:31:43,3.98,0.0,7,2786,卖盘
533,10:31:46,3.98,0.0,3,1194,买盘
534,10:32:01,3.97,-0.01,3,1191,卖盘
535,10:32:07,3.98,0.01,16,6368,买盘
536,10:32:15,3.98,0.0,12,4776,买盘
537,10:32:19,3.99,0.01,7,2790,买盘
538,10:32:27,3.99,0.0,3,1196,买盘
539,10:32:30,3.98,-0.01,12,4776,卖盘
540,10:32:34,3.98,0.0,1,398,买盘
541,10:32:37,3.98,0.0,14,5572,买盘
542,10:32:40,3.98,0.0,2,796,买盘
543,10:32:42,3.97,-0.01,8,3176,卖盘
544,10:32:45,3.98,0.01,5,1990,买盘
545,10:32:58,3.98,0.0,2,796,买盘
546,10:33:01,3.97,-0.01,6,2383,卖盘
547,10:33:04,3.97,0.0,4,1589,卖盘
548,10:33:06,3.98,0.01,8,3184,买盘
549,10:33:09,3.98,0.0,8,3184,买盘
550,10:33:15,3.98,0.0,4,1592,买盘
551,10:33:18,3.98,0.0,38,15124,买盘
552,10:33:22,3.98,0.0,3,1194,卖盘
553,10:33:25,3.98,0.0,1,398,卖盘
554,10:33:28,3.98,0.0,11,4378,卖盘
555,10:33:31,3.97,-0.01,3,1191,卖盘
556,10:33:34,3.97,0.0,25,9925,卖盘
557,10:33:39,3.98,0.01,1,398,买盘
558,10:33:42,3.98,0.0,14,5572,买盘
559,10:33:45,3.98,0.0,405,160787,买盘
560,10:33:48,3.97,-0.01,20,7940,卖盘
561,10:33:51,3.97,0.0,21,8337,卖盘
562,10:33:55,3.97,0.0,8,3176,卖盘
563,10:34:00,3.97,0.0,2,794,卖盘
564,10:34:04,3.97,0.0,3,1191,卖盘
565,10:34:30,3.97,0.0,14,5558,卖盘
566,10:35:01,3.97,0.0,8,3178,卖盘
567,10:35:07,3.97,0.0,20,7940,卖盘
568,10:35:10,3.98,0.01,13,5174,买盘
569,10:35:19,3.98,0.0,31,12308,买盘
570,10:35:21,3.97,-0.01,64,25408,卖盘
571,10:35:24,3.97,0.0,11,4367,卖盘
572,10:35:30,3.97,0.0,40,15880,卖盘
573,10:35:33,3.97,0.0,203,80777,买盘
574,10:35:36,3.97,0.0,1,397,卖盘
575,10:35:39,3.97,0.0,15,5955,买盘
576,10:35:43,3.97,0.0,9,3573,买盘
577,10:35:46,3.97,0.0,1,397,卖盘
578,10:35:51,3.98,0.01,48,19104,买盘
579,10:35:54,3.97,-0.01,4,1588,卖盘
580,10:36:01,3.97,0.0,1,397,卖盘
581,10:36:12,3.98,0.01,1,398,买盘
582,10:36:33,3.97,-0.01,1,397,卖盘
583,10:36:42,3.98,0.01,14,5572,买盘
584,10:36:48,3.98,0.0,2,796,买盘
585,10:37:01,3.98,0.0,2,796,买盘
586,10:37:04,3.97,-0.01,7,2779,卖盘
587,10:37:31,3.98,0.01,2,796,买盘
588,10:37:34,3.97,-0.01,7,2779,卖盘
589,10:37:40,3.98,0.01,43,17114,买盘
590,10:37:42,3.97,-0.01,12,4764,卖盘
591,10:37:45,3.98,0.01,27,10746,买盘
592,10:37:52,3.97,-0.01,12,4764,卖盘
593,10:38:04,3.97,0.0,1,397,卖盘
594,10:38:19,3.98,0.01,15,5970,买盘
595,10:38:21,3.97,-0.01,3,1191,卖盘
596,10:38:31,3.97,0.0,60,23820,卖盘
597,10:38:33,3.97,0.0,3,1191,卖盘
598,10:38:45,3.98,0.01,1,398,买盘
599,10:39:00,3.98,0.0,2,796,买盘
600,10:39:04,3.97,-0.01,1,397,卖盘
601,10:39:33,3.97,0.0,17,6749,卖盘
602,10:39:37,3.98,0.01,2,796,买盘
603,10:39:43,3.98,0.0,13,5174,买盘
604,10:39:45,3.97,-0.01,8,3176,卖盘
605,10:39:48,3.98,0.01,5,1987,买盘
606,10:39:54,3.98,0.0,2,796,买盘
607,10:40:04,3.97,-0.01,53,21041,卖盘
608,10:40:07,3.97,0.0,3,1191,卖盘
609,10:40:33,3.97,0.0,4,1588,卖盘
610,10:40:45,3.97,0.0,50,19850,卖盘
611,10:40:48,3.98,0.01,10,3977,买盘
612,10:40:51,3.97,-0.01,50,19850,卖盘
613,10:40:54,3.98,0.01,14,5560,买盘
614,10:41:15,3.98,0.0,14,5572,买盘
615,10:41:19,3.98,0.0,1,398,买盘
616,10:41:21,3.98,0.0,7,2786,买盘
617,10:41:33,3.97,-0.01,9,3573,卖盘
618,10:42:04,3.97,0.0,9,3573,卖盘
619,10:42:34,3.97,0.0,3,1191,卖盘
620,10:42:42,3.98,0.01,13,5174,买盘
621,10:42:45,3.97,-0.01,3,1191,卖盘
622,10:42:51,3.98,0.01,2,796,买盘
623,10:43:30,3.97,-0.01,6,2382,卖盘
624,10:43:33,3.97,0.0,2,794,卖盘
625,10:43:51,3.98,0.01,6,2388,买盘
626,10:43:54,3.98,0.0,10,3980,买盘
627,10:44:00,3.97,-0.01,4,1588,卖盘
628,10:44:04,3.97,0.0,1,397,卖盘
629,10:44:06,3.98,0.01,4,1592,买盘
630,10:44:12,3.98,0.0,13,5174,买盘
631,10:44:15,3.98,0.0,5,1987,买盘
632,10:44:30,3.97,-0.01,14,5568,卖盘
633,10:44:33,3.98,0.01,2,796,买盘
634,10:44:36,3.97,-0.01,2,794,卖盘
635,10:44:40,3.97,0.0,8,3176,卖盘
636,10:44:43,3.98,0.01,54,21440,买盘
637,10:44:46,3.97,-0.01,4,1588,卖盘
638,10:44:49,3.97,0.0,98,38906,卖盘
639,10:44:51,3.97,0.0,13,5161,卖盘
640,10:45:01,3.97,0.0,188,74636,卖盘
641,10:45:04,3.97,0.0,25,9905,买盘
642,10:45:21,3.97,0.0,6,2382,买盘
643,10:45:42,3.97,0.0,14,5558,买盘
644,10:45:48,3.97,0.0,2,794,买盘
645,10:46:01,3.96,-0.01,4,1584,卖盘
646,10:46:04,3.96,0.0,3,1188,卖盘
647,10:46:10,3.97,0.01,1,397,买盘
648,10:46:31,3.96,-0.01,5,1980,卖盘
649,10:46:37,3.97,0.01,1,397,买盘
650,10:46:57,3.97,0.0,7,2779,买盘
651,10:47:00,3.97,0.0,2,794,买盘
652,10:47:04,3.97,0.0,5,1985,买盘
653,10:47:06,3.97,0.0,1,397,买盘
654,10:47:12,3.97,0.0,13,5161,买盘
655,10:47:18,3.97,0.0,1,397,买盘
656,10:47:51,3.96,-0.01,123,48708,卖盘
657,10:47:54,3.96,0.0,18,7128,卖盘
658,10:48:06,3.97,0.01,1,397,买盘
659,10:48:09,3.97,0.0,303,119991,买盘
660,10:48:12,3.96,-0.01,11,4356,卖盘
661,10:48:21,3.97,0.01,7,2779,买盘
662,10:48:30,3.97,0.0,67,26595,买盘
663,10:48:39,3.96,-0.01,47,18612,卖盘
664,10:48:42,3.97,0.01,7,2776,买盘
665,10:48:48,3.97,0.0,2,794,买盘
666,10:49:00,3.96,-0.01,3,1188,卖盘
667,10:49:04,3.96,0.0,26,10296,卖盘
668,10:49:06,3.97,0.01,2,794,买盘
669,10:49:24,3.96,-0.01,119,47124,卖盘
670,10:49:27,3.96,0.0,161,63756,买盘
671,10:49:30,3.95,-0.01,18,7126,卖盘
672,10:49:39,3.96,0.01,7,2772,买盘
673,10:50:04,3.96,0.0,5,1980,买盘
674,10:50:06,3.96,0.0,1,396,买盘
675,10:50:12,3.96,0.0,14,5544,买盘
676,10:50:54,3.96,0.0,3,1188,买盘
677,10:51:04,3.96,0.0,6,2376,买盘
678,10:51:06,3.95,-0.01,17,6715,卖盘
679,10:51:36,3.96,0.01,1,396,买盘
680,10:51:45,3.96,0.0,13,5148,买盘
681,10:52:01,3.95,-0.01,3,1185,卖盘
682,10:52:06,3.96,0.01,2,792,买盘
683,10:53:00,3.95,-0.01,6,2370,卖盘
684,10:53:04,3.96,0.01,1,396,买盘
685,10:53:12,3.96,0.0,2,792,买盘
686,10:53:24,3.96,0.0,33,13048,买盘
687,10:53:27,3.96,0.0,20,7920,买盘
688,10:53:30,3.95,-0.01,3,1185,卖盘
689,10:54:03,3.96,0.01,4,1583,买盘
690,10:54:27,3.96,0.0,2,792,买盘
691,10:55:04,3.96,0.0,6,2376,买盘
692,10:55:24,3.96,0.0,2,792,买盘
693,10:55:33,3.95,-0.01,5,1975,卖盘
694,10:55:57,3.96,0.01,19,7524,买盘
695,10:56:00,3.96,0.0,21,8316,买盘
696,10:56:04,3.96,0.0,14,5539,买盘
697,10:56:33,3.96,0.0,5,1979,买盘
698,10:57:04,3.96,0.0,5,1980,买盘
699,10:57:12,3.95,-0.01,30,11850,卖盘
700,10:57:19,3.96,0.01,51,20196,买盘
701,10:57:33,3.96,0.0,2,792,买盘
702,10:57:40,3.95,-0.01,10,3950,卖盘
703,10:57:45,3.96,0.01,2,792,买盘
704,10:58:04,3.96,0.0,6,2376,买盘
705,10:58:22,3.95,-0.01,52,20540,卖盘
706,10:58:27,3.96,0.01,100,39502,买盘
707,10:58:34,3.96,0.0,44,17421,买盘
708,10:58:45,3.96,0.0,5,1980,买盘
709,10:58:49,3.96,0.0,1,396,买盘
710,10:59:04,3.96,0.0,12,4747,买盘
711,10:59:18,3.96,0.0,3,1188,买盘
712,10:59:30,3.95,-0.01,115,45425,卖盘
713,10:59:34,3.96,0.01,2,791,买盘
714,10:59:37,3.95,-0.01,1,395,卖盘
715,10:59:39,3.95,0.0,40,15800,卖盘
716,10:59:48,3.96,0.01,1,396,买盘
717,10:59:51,3.96,0.0,2,792,买盘
718,10:59:58,3.96,0.0,15,5940,买盘
719,11:00:04,3.96,0.0,23,9105,买盘
720,11:00:07,3.95,-0.01,30,11851,卖盘
721,11:00:10,3.96,0.01,2,792,买盘
722,11:00:13,3.96,0.0,13,5148,买盘
723,11:00:19,3.96,0.0,3,1188,买盘
724,11:00:25,3.96,0.0,115,45540,买盘
725,11:00:33,3.96,0.0,96,38016,买盘
726,11:01:18,3.96,0.0,1,396,买盘
727,11:01:31,3.96,0.0,8,3168,买盘
728,11:02:15,3.96,0.0,2,792,买盘
729,11:02:19,3.96,0.0,2,792,买盘
730,11:02:25,3.95,-0.01,18,7110,卖盘
731,11:02:36,3.95,0.0,3,1185,卖盘
732,11:02:48,3.96,0.01,1,396,买盘
733,11:03:06,3.95,-0.01,1,395,卖盘
734,11:03:39,3.96,0.01,3,1188,买盘
735,11:03:42,3.96,0.0,8,3168,买盘
736,11:03:48,3.96,0.0,1,396,买盘
737,11:04:01,3.95,-0.01,7,2765,卖盘
738,11:04:22,3.96,0.01,1,396,买盘
739,11:04:27,3.96,0.0,2,792,买盘
740,11:04:30,3.96,0.0,75,29700,买盘
741,11:04:34,3.96,0.0,2,792,买盘
742,11:04:45,3.96,0.0,30,11880,买盘
743,11:04:55,3.96,0.0,10,3960,买盘
744,11:05:36,3.95,-0.01,3,1185,卖盘
745,11:06:12,3.96,0.01,53,20988,买盘
746,11:06:15,3.96,0.0,31,12276,买盘
747,11:06:18,3.96,0.0,6,2376,买盘
748,11:06:24,3.97,0.01,2,794,买盘
749,11:06:57,3.97,0.0,2,794,买盘
750,11:07:06,3.96,-0.01,4,1584,卖盘
751,11:07:57,3.96,0.0,5,1980,卖盘
752,11:08:24,3.96,0.0,4,1584,卖盘
753,11:08:27,3.97,0.01,2,794,买盘
754,11:08:45,3.97,0.0,2,794,买盘
755,11:08:48,3.97,0.0,10,3970,买盘
756,11:09:06,3.96,-0.01,4,1584,卖盘
757,11:09:24,3.97,0.01,2,794,买盘
758,11:10:04,3.97,0.0,1,397,买盘
759,11:10:21,3.96,-0.01,5,1980,卖盘
760,11:10:28,3.96,0.0,27,10692,卖盘
761,11:10:31,3.97,0.01,4,1588,买盘
762,11:10:36,3.97,0.0,2,794,买盘
763,11:11:19,3.97,0.0,3,1191,买盘
764,11:11:22,3.97,0.0,7,2779,买盘
765,11:11:36,3.96,-0.01,4,1584,卖盘
766,11:11:51,3.97,0.01,2,794,买盘
767,11:11:55,3.97,0.0,3,1191,买盘
768,11:12:07,3.96,-0.01,1,396,卖盘
769,11:12:24,3.97,0.01,2,794,买盘
770,11:12:43,3.97,0.0,2,794,买盘
771,11:12:55,3.97,0.0,30,11910,买盘
772,11:12:57,3.97,0.0,3,1191,买盘
773,11:13:51,3.97,0.0,2,794,买盘
774,11:13:54,3.97,0.0,11,4367,买盘
775,11:14:03,3.97,0.0,1,397,买盘
776,11:14:07,3.96,-0.01,2,792,卖盘
777,11:14:15,3.97,0.01,2,794,买盘
778,11:14:18,3.97,0.0,3,1191,买盘
779,11:14:24,3.96,-0.01,20,7920,卖盘
780,11:14:36,3.96,0.0,2,792,卖盘
781,11:14:40,3.96,0.0,5,1980,卖盘
782,11:14:43,3.97,0.01,3,1191,买盘
783,11:15:04,3.97,0.0,2,794,买盘
784,11:15:06,3.96,-0.01,1,396,卖盘
785,11:15:21,3.97,0.01,7,2779,买盘
786,11:15:27,3.97,0.0,75,29775,买盘
787,11:15:30,3.97,0.0,49,19453,买盘
788,11:15:45,3.97,0.0,34,13498,买盘
789,11:15:51,3.97,0.0,3,1191,买盘
790,11:16:07,3.96,-0.01,5,1980,卖盘
791,11:16:21,3.97,0.01,3,1191,买盘
792,11:16:24,3.97,0.0,6,2382,买盘
793,11:16:30,3.97,0.0,29,11513,买盘
794,11:16:52,3.97,0.0,5,1985,买盘
795,11:17:06,3.96,-0.01,1,396,卖盘
796,11:17:09,3.97,0.01,2,794,买盘
797,11:17:22,3.97,0.0,1,397,买盘
798,11:17:54,3.97,0.0,29,11513,买盘
799,11:18:33,3.97,0.0,1,397,买盘
800,11:18:36,3.97,0.0,21,8337,买盘
801,11:18:57,3.97,0.0,29,11513,买盘
802,11:19:21,3.97,0.0,2,794,买盘
803,11:19:27,3.97,0.0,2,794,买盘
804,11:20:04,3.97,0.0,35,13895,买盘
805,11:20:09,3.97,0.0,254,100834,买盘
806,11:20:12,3.97,0.0,220,87340,买盘
807,11:20:36,3.97,0.0,4,1588,卖盘
808,11:20:40,3.98,0.01,34,13532,买盘
809,11:20:48,3.97,-0.01,2,794,卖盘
810,11:21:09,3.98,0.01,25,9945,买盘
811,11:21:12,3.97,-0.01,50,19850,卖盘
812,11:21:27,3.98,0.01,29,11542,买盘
813,11:21:36,3.98,0.0,2,796,买盘
814,11:21:57,3.98,0.0,87,34626,买盘
815,11:22:06,3.98,0.0,2,796,买盘
816,11:22:10,3.97,-0.01,3,1191,卖盘
817,11:22:36,3.98,0.01,29,11542,买盘
818,11:23:09,3.98,0.0,25,9950,买盘
819,11:23:15,3.98,0.0,173,68829,买盘
820,11:23:39,3.98,0.0,30,11939,买盘
821,11:23:42,3.98,0.0,3,1194,买盘
822,11:23:48,3.98,0.0,159,63282,买盘
823,11:23:51,3.98,0.0,75,29850,买盘
824,11:24:00,3.98,0.0,100,39800,买盘
825,11:24:09,3.97,-0.01,6,2382,卖盘
826,11:24:36,3.98,0.01,2,796,买盘
827,11:24:40,3.97,-0.01,5,1985,卖盘
828,11:24:46,3.98,0.01,5,1990,买盘
829,11:25:00,3.98,0.0,29,11542,买盘
830,11:25:07,3.98,0.0,82,32636,买盘
831,11:25:10,3.97,-0.01,1,397,卖盘
832,11:25:58,3.98,0.01,42,16716,买盘
833,11:26:00,3.98,0.0,6,2388,买盘
834,11:26:15,3.98,0.0,2,796,买盘
835,11:26:18,3.98,0.0,39,15522,买盘
836,11:26:24,3.98,0.0,29,11542,买盘
837,11:26:39,3.97,-0.01,1,397,卖盘
838,11:27:09,3.97,0.0,10,3975,卖盘
839,11:27:16,3.98,0.01,2,796,买盘
840,11:27:24,3.98,0.0,87,34626,买盘
841,11:27:27,3.98,0.0,29,11542,买盘
842,11:27:43,3.97,-0.01,2,794,卖盘
843,11:27:57,3.98,0.01,1,398,买盘
844,11:28:00,3.97,-0.01,14,5558,卖盘
845,11:28:09,3.98,0.01,175,69650,买盘
846,11:28:13,3.97,-0.01,1,397,卖盘
847,11:28:16,3.98,0.01,34,13532,买盘
848,11:28:24,3.99,0.01,5,1995,买盘
849,11:28:33,3.99,0.0,34,13561,买盘
850,11:28:36,3.98,-0.01,20,7960,卖盘
851,11:28:48,3.99,0.01,13,5187,买盘
852,11:28:51,3.99,0.0,4,1596,买盘
853,11:29:09,3.99,0.0,175,69825,买盘
854,11:29:19,3.99,0.0,40,15955,买盘
855,11:29:25,3.99,0.0,47,18753,买盘
856,11:29:30,3.99,0.0,6,2394,买盘
857,11:29:39,3.98,-0.01,38,15124,卖盘
858,11:29:57,3.98,0.0,29,11542,买盘
859,13:00:04,3.97,-0.01,243,96471,卖盘
860,13:00:07,3.97,0.0,1,397,买盘
861,13:00:09,3.97,0.0,20,7940,买盘
862,13:00:45,3.98,0.01,5,1990,买盘
863,13:01:13,3.98,0.0,29,11542,买盘
864,13:01:51,3.98,0.0,1,398,买盘
865,13:01:58,3.98,0.0,5,1990,买盘
866,13:02:15,3.98,0.0,29,11542,买盘
867,13:02:24,3.97,-0.01,60,23820,卖盘
868,13:03:22,3.98,0.01,5,1990,买盘
869,13:03:31,3.98,0.0,29,11542,买盘
870,13:04:21,3.98,0.0,13,5174,买盘
871,13:04:33,3.99,0.01,30,11970,买盘
872,13:04:58,3.98,-0.01,23,9154,卖盘
873,13:05:09,3.98,0.0,5,1990,卖盘
874,13:05:18,3.98,0.0,45,17910,买盘
875,13:05:27,3.98,0.0,20,7960,卖盘
876,13:05:36,3.99,0.01,5,1995,买盘
877,13:05:42,3.99,0.0,29,11571,买盘
878,13:06:03,3.99,0.0,131,52269,买盘
879,13:06:12,3.98,-0.01,26,10348,卖盘
880,13:06:33,3.98,0.0,24,9552,买盘
881,13:06:48,3.99,0.01,5,1995,买盘
882,13:06:54,3.98,-0.01,50,19900,卖盘
883,13:07:06,3.99,0.01,29,11571,买盘
884,13:07:36,3.99,0.0,70,27930,买盘
885,13:08:06,3.99,0.0,6,2394,买盘
886,13:08:09,3.99,0.0,29,11571,买盘
887,13:08:21,3.99,0.0,2,798,买盘
888,13:08:36,3.99,0.0,36,14364,买盘
889,13:08:39,3.99,0.0,76,30324,买盘
890,13:08:54,3.98,-0.01,5,1990,卖盘
891,13:08:58,3.99,0.01,29,11571,买盘
892,13:09:09,3.99,0.0,5,1995,买盘
893,13:09:19,3.99,0.0,55,21945,买盘
894,13:09:21,3.99,0.0,29,11571,买盘
895,13:09:36,3.99,0.0,8,3192,买盘
896,13:09:39,3.99,0.0,51,20349,买盘
897,13:10:21,3.99,0.0,5,1995,买盘
898,13:10:30,3.99,0.0,2,798,买盘
899,13:10:45,3.99,0.0,29,11571,买盘
900,13:11:07,3.99,0.0,2,798,买盘
901,13:11:36,3.99,0.0,6,2394,买盘
902,13:11:39,3.99,0.0,38,15162,买盘
903,13:11:51,3.99,0.0,29,11571,买盘
904,13:12:07,3.98,-0.01,23,9154,卖盘
905,13:12:21,3.98,0.0,200,79600,卖盘
906,13:12:48,3.99,0.01,5,1995,买盘
907,13:12:51,3.99,0.0,58,23142,买盘
908,13:13:07,3.98,-0.01,54,21492,卖盘
909,13:13:10,3.99,0.01,29,11571,买盘
910,13:13:15,3.98,-0.01,2,796,卖盘
911,13:13:36,3.99,0.01,59,23541,买盘
912,13:13:45,3.99,0.0,2,798,买盘
913,13:14:07,3.99,0.0,29,11571,买盘
914,13:14:12,3.99,0.0,5,1995,买盘
915,13:15:16,3.98,-0.01,10,3980,卖盘
916,13:15:18,3.98,0.0,107,42586,卖盘
917,13:15:36,3.98,0.0,29,11542,买盘
918,13:16:12,3.98,0.0,44,17512,买盘
919,13:16:18,3.98,0.0,5,1990,买盘
920,13:16:27,3.98,0.0,5,1990,买盘
921,13:16:39,3.98,0.0,29,11542,买盘
922,13:16:51,3.97,-0.01,129,51213,卖盘
923,13:16:54,3.98,0.01,79,31371,买盘
924,13:17:36,3.98,0.0,5,1990,买盘
925,13:17:42,3.97,-0.01,1,397,卖盘
926,13:17:45,3.98,0.01,29,11542,买盘
927,13:18:18,3.98,0.0,9,3582,买盘
928,13:18:48,3.98,0.0,6,2388,买盘
929,13:19:06,3.98,0.0,29,11542,买盘
930,13:19:18,3.98,0.0,13,5174,买盘
931,13:19:36,3.97,-0.01,1,397,卖盘
932,13:19:39,3.98,0.01,40,15920,买盘
933,13:20:04,3.98,0.0,5,1990,买盘
934,13:20:07,3.98,0.0,27,10746,买盘
935,13:20:09,3.98,0.0,5,1990,买盘
936,13:20:12,3.98,0.0,29,11542,买盘
937,13:20:28,3.98,0.0,88,35024,买盘
938,13:20:30,3.98,0.0,14,5572,买盘
939,13:20:33,3.98,0.0,2,796,买盘
940,13:20:36,3.98,0.0,3,1194,买盘
941,13:21:15,3.98,0.0,30,11940,卖盘
942,13:21:18,3.98,0.0,5,1990,买盘
943,13:21:30,3.98,0.0,30,11940,买盘
944,13:21:33,3.98,0.0,2,796,买盘
945,13:22:06,3.97,-0.01,20,7940,卖盘
946,13:22:27,3.97,0.0,78,30966,卖盘
947,13:22:30,3.97,0.0,3,1191,买盘
948,13:22:33,3.97,0.0,3,1191,买盘
949,13:22:36,3.97,0.0,34,13498,买盘
950,13:22:51,3.97,0.0,41,16277,买盘
951,13:23:03,3.97,0.0,4,1588,买盘
952,13:23:12,3.97,0.0,37,14689,买盘
953,13:23:28,3.97,0.0,30,11910,卖盘
954,13:23:36,3.98,0.01,6,2388,买盘
955,13:23:39,3.97,-0.01,1,397,卖盘
956,13:24:06,3.98,0.01,29,11542,买盘
957,13:24:36,3.98,0.0,27,10746,买盘
958,13:24:43,3.99,0.01,100,39829,买盘
959,13:24:51,3.99,0.0,5,1995,买盘
960,13:25:06,3.99,0.0,29,11571,买盘
961,13:25:24,3.98,-0.01,4,1592,卖盘
962,13:26:00,3.99,0.01,5,1995,买盘
963,13:26:15,3.99,0.0,29,11571,买盘
964,13:26:37,3.98,-0.01,19,7562,卖盘
965,13:26:51,3.99,0.01,2,798,买盘
966,13:27:06,3.98,-0.01,81,32238,卖盘
967,13:27:09,3.97,-0.01,1,397,卖盘
968,13:27:18,3.98,0.01,29,11542,买盘
969,13:27:28,3.98,0.0,20,7960,买盘
970,13:27:30,3.98,0.0,6,2388,买盘
971,13:27:36,3.98,0.0,64,25472,买盘
972,13:28:27,3.99,0.01,5,1995,买盘
973,13:28:33,3.99,0.0,8,3192,买盘
974,13:28:39,3.99,0.0,29,11571,买盘
975,13:29:36,3.99,0.0,5,1995,买盘
976,13:30:04,3.99,0.0,30,11970,买盘
977,13:30:06,3.99,0.0,29,11571,买盘
978,13:30:09,3.98,-0.01,1,398,卖盘
979,13:30:45,3.99,0.01,6,2394,买盘
980,13:31:03,3.99,0.0,30,11970,买盘
981,13:31:10,3.99,0.0,2,798,买盘
982,13:32:00,3.99,0.0,5,1995,买盘
983,13:32:21,3.98,-0.01,200,79600,卖盘
984,13:32:24,3.99,0.01,29,11571,买盘
985,13:32:27,3.98,-0.01,16,6368,卖盘
986,13:32:51,3.98,0.0,10,3980,卖盘
987,13:33:18,3.99,0.01,5,1995,买盘
988,13:33:40,3.99,0.0,29,11571,买盘
989,13:34:04,3.99,0.0,1,399,买盘
990,13:34:46,3.99,0.0,7,2792,买盘
991,13:34:49,3.99,0.0,29,11571,买盘
992,13:35:33,3.99,0.0,5,1995,买盘
993,13:36:00,3.98,-0.01,1,398,卖盘
994,13:36:04,3.99,0.01,31,12369,买盘
995,13:36:19,3.99,0.0,131,52156,买盘
996,13:36:54,3.99,0.0,29,11571,买盘
997,13:37:06,3.99,0.0,6,2394,买盘
998,13:37:52,3.98,-0.01,1,398,卖盘
999,13:38:03,3.99,0.01,5,1995,买盘
1000,13:38:12,3.98,-0.01,19,7562,卖盘
1001,13:38:15,3.98,0.0,10,3980,卖盘
1002,13:38:21,3.98,0.0,50,19900,卖盘
1003,13:38:28,3.99,0.01,29,11571,买盘
1004,13:38:33,3.99,0.0,40,15960,买盘
1005,13:39:27,3.99,0.0,6,2394,买盘
1006,13:39:37,3.99,0.0,29,11571,买盘
1007,13:39:54,3.99,0.0,35,13965,买盘
1008,13:40:09,3.99,0.0,26,10374,买盘
1009,13:40:21,3.99,0.0,5,1995,买盘
1010,13:40:54,3.99,0.0,29,11571,买盘
1011,13:41:15,3.99,0.0,2,798,买盘
1012,13:41:39,3.99,0.0,5,1995,买盘
1013,13:41:51,3.98,-0.01,62,24676,卖盘
1014,13:41:54,3.99,0.01,18,7181,买盘
1015,13:42:00,3.99,0.0,29,11571,买盘
1016,13:43:06,3.99,0.0,8,3192,买盘
1017,13:43:13,3.99,0.0,55,21945,买盘
1018,13:43:22,3.99,0.0,7,2793,买盘
1019,13:43:58,3.99,0.0,5,1995,买盘
1020,13:44:30,3.99,0.0,30,11970,买盘
1021,13:45:09,3.98,-0.01,33,13134,卖盘
1022,13:45:12,3.98,0.0,5,1990,卖盘
1023,13:45:15,3.99,0.01,6,2394,买盘
1024,13:45:18,3.99,0.0,29,11571,买盘
1025,13:45:25,3.99,0.0,21,8379,买盘
1026,13:45:58,3.98,-0.01,30,11940,卖盘
1027,13:46:21,3.98,0.0,3,1194,买盘
1028,13:46:25,3.97,-0.01,1,397,卖盘
1029,13:46:36,3.98,0.01,35,13930,买盘
1030,13:46:39,3.98,0.0,1,398,买盘
1031,13:46:43,3.98,0.0,6,2388,买盘
1032,13:46:46,3.98,0.0,1,398,买盘
1033,13:46:49,3.98,0.0,1,398,买盘
1034,13:46:51,3.98,0.0,29,11542,买盘
1035,13:47:36,3.99,0.01,5,1995,买盘
1036,13:47:57,3.98,-0.01,8,3184,卖盘
1037,13:48:03,3.99,0.01,29,11571,买盘
1038,13:48:09,3.99,0.0,6,2394,买盘
1039,13:48:40,3.99,0.0,25,9975,买盘
1040,13:48:48,3.99,0.0,5,1995,买盘
1041,13:49:00,3.99,0.0,29,11571,买盘
1042,13:49:10,3.99,0.0,23,9177,买盘
1043,13:49:16,3.99,0.0,1,399,买盘
1044,13:49:30,3.98,-0.01,10,3980,卖盘
1045,13:49:46,3.98,0.0,1,398,卖盘
1046,13:49:57,3.99,0.01,6,2394,买盘
1047,13:50:03,3.99,0.0,2,798,买盘
1048,13:50:09,3.98,-0.01,38,15124,卖盘
1049,13:50:16,3.99,0.01,29,11571,买盘
1050,13:50:42,3.98,-0.01,5,1990,卖盘
1051,13:50:57,3.98,0.0,100,39800,卖盘
1052,13:51:12,3.99,0.01,5,1995,买盘
1053,13:51:36,3.99,0.0,29,11571,买盘
1054,13:51:45,3.99,0.0,32,12768,买盘
1055,13:52:12,3.98,-0.01,1,398,卖盘
1056,13:52:21,3.99,0.01,2,798,买盘
1057,13:52:25,3.99,0.0,5,1995,买盘
1058,13:52:30,3.99,0.0,29,11571,买盘
1059,13:52:51,3.98,-0.01,1,398,卖盘
1060,13:53:12,3.99,0.01,2,798,买盘
1061,13:53:30,3.98,-0.01,2,796,卖盘
1062,13:53:37,3.99,0.01,6,2394,买盘
1063,13:53:51,3.99,0.0,29,11571,买盘
1064,13:54:36,3.99,0.0,2,798,买盘
1065,13:54:51,3.99,0.0,5,1995,买盘
1066,13:55:12,3.99,0.0,31,12369,买盘
1067,13:56:01,3.99,0.0,5,1995,买盘
1068,13:56:24,3.99,0.0,59,23511,买盘
1069,13:56:36,3.98,-0.01,38,15124,卖盘
1070,13:56:57,3.98,0.0,29,11542,卖盘
1071,13:57:21,3.99,0.01,5,1995,买盘
1072,13:57:39,3.99,0.0,29,11571,买盘
1073,13:57:51,3.98,-0.01,11,4378,卖盘
1074,13:57:57,3.98,0.0,5,1990,卖盘
1075,13:58:00,3.98,0.0,10,3980,卖盘
1076,13:58:21,3.98,0.0,1,398,卖盘
1077,13:58:33,3.99,0.01,6,2394,买盘
1078,13:58:48,3.98,-0.01,1,398,卖盘
1079,13:58:54,3.99,0.01,29,11571,买盘
1080,13:59:21,3.98,-0.01,68,27064,卖盘
1081,13:59:27,3.99,0.01,8,3192,买盘
1082,13:59:48,3.98,-0.01,4,1592,卖盘
1083,13:59:55,3.99,0.01,5,1995,买盘
1084,14:00:09,3.99,0.0,29,11571,买盘
1085,14:00:12,3.99,0.0,31,12369,买盘
1086,14:00:24,3.98,-0.01,1,398,卖盘
1087,14:00:45,3.99,0.01,5,1995,买盘
1088,14:01:09,3.99,0.0,29,11571,买盘
1089,14:01:27,3.99,0.0,2,798,买盘
1090,14:01:55,3.98,-0.01,12,4776,卖盘
1091,14:02:00,3.99,0.01,6,2394,买盘
1092,14:02:27,3.98,-0.01,149,59331,卖盘
1093,14:02:54,3.99,0.01,5,1995,买盘
1094,14:03:06,3.98,-0.01,126,50149,卖盘
1095,14:03:09,3.99,0.01,24,9557,买盘
1096,14:03:28,3.99,0.0,29,11571,买盘
1097,14:03:42,3.98,-0.01,11,4378,卖盘
1098,14:03:45,3.99,0.01,1,399,买盘
1099,14:04:12,3.98,-0.01,68,27064,卖盘
1100,14:04:15,3.98,0.0,32,12736,买盘
1101,14:04:24,3.99,0.01,5,1995,买盘
1102,14:04:49,3.98,-0.01,14,5572,卖盘
1103,14:04:54,3.99,0.01,29,11571,买盘
1104,14:05:55,3.99,0.0,29,11571,买盘
1105,14:06:04,3.99,0.0,6,2394,买盘
1106,14:06:51,3.99,0.0,5,1995,买盘
1107,14:07:00,3.98,-0.01,13,5174,卖盘
1108,14:07:03,3.98,0.0,26,10348,卖盘
1109,14:07:18,3.98,0.0,29,11542,买盘
1110,14:07:22,3.98,0.0,2,796,买盘
1111,14:07:24,3.98,0.0,29,11542,买盘
1112,14:07:39,3.97,-0.01,20,7940,卖盘
1113,14:07:51,3.97,0.0,30,11910,卖盘
1114,14:07:57,3.98,0.01,5,1990,买盘
1115,14:08:04,3.97,-0.01,50,19850,卖盘
1116,14:08:10,3.97,0.0,6,2382,卖盘
1117,14:08:18,3.97,0.0,55,21835,卖盘
1118,14:08:33,3.98,0.01,29,11542,买盘
1119,14:09:16,3.98,0.0,6,2388,买盘
1120,14:09:28,3.97,-0.01,6,2382,卖盘
1121,14:09:30,3.98,0.01,29,11542,买盘
1122,14:10:28,3.97,-0.01,34,13503,卖盘
1123,14:10:45,3.98,0.01,29,11542,买盘
1124,14:11:04,3.97,-0.01,1,397,卖盘
1125,14:11:15,3.97,0.0,18,7146,卖盘
1126,14:11:58,3.98,0.01,5,1990,买盘
1127,14:12:06,3.98,0.0,29,11542,买盘
1128,14:12:21,3.98,0.0,216,85968,买盘
1129,14:12:25,3.98,0.0,58,23084,买盘
1130,14:12:28,3.98,0.0,33,13110,买盘
1131,14:12:30,3.98,0.0,5,1990,买盘
1132,14:12:33,3.98,0.0,7,2786,买盘
1133,14:12:46,3.99,0.01,9,3585,买盘
1134,14:12:49,3.99,0.0,2,798,买盘
1135,14:12:55,3.98,-0.01,1,398,卖盘
1136,14:13:07,3.99,0.01,29,11571,买盘
1137,14:14:16,3.99,0.0,7,2793,买盘
1138,14:14:22,3.99,0.0,29,11571,买盘
1139,14:14:30,3.99,0.0,3,1197,买盘
1140,14:14:45,3.99,0.0,2,798,买盘
1141,14:15:01,3.99,0.0,3,1197,买盘
1142,14:15:13,3.99,0.0,1,399,买盘
1143,14:15:16,3.99,0.0,5,1995,买盘
1144,14:15:22,3.98,-0.01,29,11542,卖盘
1145,14:15:33,3.99,0.01,29,11571,买盘
1146,14:16:27,3.99,0.0,7,2793,买盘
1147,14:16:48,3.99,0.0,29,11571,买盘
1148,14:17:01,3.99,0.0,1,399,买盘
1149,14:17:12,3.99,0.0,2,798,买盘
1150,14:17:58,3.99,0.0,6,2394,买盘
1151,14:18:00,3.99,0.0,29,11571,买盘
1152,14:18:27,3.99,0.0,2,798,买盘
1153,14:18:45,3.99,0.0,5,1995,买盘
1154,14:19:12,3.99,0.0,29,11571,买盘
1155,14:19:15,3.99,0.0,2,798,买盘
1156,14:19:24,3.98,-0.01,12,4776,卖盘
1157,14:19:28,3.99,0.01,3,1197,买盘
1158,14:19:30,3.99,0.0,30,11970,买盘
1159,14:19:57,3.99,0.0,4,1596,买盘
1160,14:20:04,3.99,0.0,5,1995,买盘
1161,14:20:12,3.99,0.0,2,798,买盘
1162,14:20:18,3.99,0.0,29,11571,买盘
1163,14:21:00,3.99,0.0,2,798,买盘
1164,14:21:24,3.99,0.0,2,798,买盘
1165,14:21:33,3.99,0.0,7,2793,买盘
1166,14:21:36,3.99,0.0,31,12369,买盘
1167,14:21:54,3.98,-0.01,10,3980,卖盘
1168,14:22:04,3.99,0.01,2,798,买盘
1169,14:22:15,3.99,0.0,268,106932,买盘
1170,14:22:24,3.99,0.0,5,1995,买盘
1171,14:22:33,3.98,-0.01,500,199000,卖盘
1172,14:22:40,3.99,0.01,29,11571,买盘
1173,14:23:06,3.99,0.0,1,399,买盘
1174,14:23:33,3.99,0.0,5,1995,买盘
1175,14:23:39,3.99,0.0,20,7980,买盘
1176,14:23:57,3.99,0.0,29,11571,买盘
1177,14:24:24,3.99,0.0,3,1197,买盘
1178,14:24:34,3.99,0.0,1,399,买盘
1179,14:24:39,3.98,-0.01,9,3582,卖盘
1180,14:24:45,3.99,0.01,6,2394,买盘
1181,14:24:49,3.99,0.0,1,399,买盘
1182,14:24:52,3.99,0.0,5,1995,买盘
1183,14:24:57,3.99,0.0,139,55461,买盘
1184,14:25:06,3.99,0.0,3,1197,买盘
1185,14:25:09,3.99,0.0,31,12369,买盘
1186,14:25:12,3.99,0.0,30,11970,买盘
1187,14:25:18,3.99,0.0,30,11970,买盘
1188,14:25:21,3.99,0.0,190,75810,买盘
1189,14:25:27,3.99,0.0,1,399,买盘
1190,14:25:45,3.99,0.0,4,1596,买盘
1191,14:25:52,3.99,0.0,2,798,买盘
1192,14:26:04,3.99,0.0,5,1995,买盘
1193,14:26:06,3.99,0.0,30,11970,买盘
1194,14:26:09,3.99,0.0,7,2793,买盘
1195,14:26:12,3.99,0.0,30,11970,买盘
1196,14:26:15,3.99,0.0,1,399,买盘
1197,14:26:18,3.99,0.0,18,7182,买盘
1198,14:26:21,3.99,0.0,29,11571,买盘
1199,14:26:42,3.98,-0.01,76,30248,卖盘
1200,14:27:04,3.98,0.0,74,29452,卖盘
1201,14:27:06,3.99,0.01,1,399,买盘
1202,14:27:15,3.99,0.0,5,1995,买盘
1203,14:27:42,3.99,0.0,29,11571,买盘
1204,14:27:48,3.98,-0.01,39,15522,卖盘
1205,14:27:52,3.98,0.0,39,15522,卖盘
1206,14:28:10,3.98,0.0,38,15124,卖盘
1207,14:28:12,3.98,0.0,38,15124,卖盘
1208,14:28:27,3.98,0.0,37,14726,卖盘
1209,14:28:33,3.99,0.01,5,1995,买盘
1210,14:28:37,3.98,-0.01,32,12736,卖盘
1211,14:28:48,3.98,0.0,36,14357,卖盘
1212,14:29:00,3.98,0.0,38,15124,卖盘
1213,14:29:21,3.98,0.0,29,11542,卖盘
1214,14:29:33,3.99,0.01,6,2394,买盘
1215,14:29:45,3.99,0.0,29,11571,买盘
1216,14:29:57,3.99,0.0,8,3192,买盘
1217,14:30:04,3.99,0.0,25,9975,买盘
1218,14:30:07,3.99,0.0,32,12768,买盘
1219,14:30:18,3.99,0.0,2,798,买盘
1220,14:30:30,3.99,0.0,3,1197,买盘
1221,14:30:42,3.99,0.0,43,17157,买盘
1222,14:30:54,3.99,0.0,5,1995,买盘
1223,14:31:06,3.99,0.0,29,11571,买盘
1224,14:31:09,3.99,0.0,1,399,买盘
1225,14:31:30,3.99,0.0,2,798,买盘
1226,14:31:43,3.99,0.0,44,17556,买盘
1227,14:31:45,3.98,-0.01,20,7960,卖盘
1228,14:32:04,3.99,0.01,6,2394,买盘
1229,14:32:06,3.99,0.0,2,798,买盘
1230,14:32:33,3.99,0.0,29,11571,买盘
1231,14:32:48,3.98,-0.01,1,398,卖盘
1232,14:33:06,3.99,0.01,1,399,买盘
1233,14:33:19,3.99,0.0,8,3192,买盘
1234,14:33:24,3.99,0.0,6,2394,买盘
1235,14:33:28,3.99,0.0,48,19152,买盘
1236,14:33:36,3.99,0.0,29,11571,买盘
1237,14:34:10,3.98,-0.01,50,19900,卖盘
1238,14:34:36,3.99,0.01,9,3587,买盘
1239,14:34:45,3.99,0.0,36,14364,买盘
1240,14:34:52,3.99,0.0,1,399,买盘
1241,14:34:54,3.98,-0.01,13,5174,卖盘
1242,14:35:21,3.98,0.0,1,398,卖盘
1243,14:35:24,3.99,0.01,1,399,买盘
1244,14:35:27,3.98,-0.01,12,4776,卖盘
1245,14:35:43,3.98,0.0,262,104276,卖盘
1246,14:35:57,3.98,0.0,48,19104,卖盘
1247,14:36:00,3.98,0.0,40,15920,卖盘
1248,14:36:04,3.99,0.01,5,1995,买盘
1249,14:36:06,3.99,0.0,29,11571,买盘
1250,14:36:12,3.98,-0.01,4,1592,卖盘
1251,14:36:15,3.98,0.0,2,797,卖盘
1252,14:36:18,3.98,0.0,5,1990,卖盘
1253,14:36:24,3.98,0.0,26,10348,卖盘
1254,14:36:27,3.99,0.01,1,399,买盘
1255,14:36:30,3.99,0.0,30,11970,买盘
1256,14:36:43,3.99,0.0,9,3591,买盘
1257,14:36:49,3.99,0.0,12,4788,买盘
1258,14:36:52,3.99,0.0,6,2394,买盘
1259,14:37:00,3.99,0.0,29,11571,买盘
1260,14:37:19,3.98,-0.01,10,3980,卖盘
1261,14:37:40,3.99,0.01,2,798,买盘
1262,14:38:04,3.99,0.0,5,1995,买盘
1263,14:38:25,3.99,0.0,29,11571,买盘
1264,14:39:00,3.99,0.0,1,399,买盘
1265,14:39:33,3.99,0.0,5,1995,买盘
1266,14:39:48,3.99,0.0,29,11571,买盘
1267,14:39:51,3.98,-0.01,12,4776,卖盘
1268,14:40:04,3.99,0.01,251,100149,买盘
1269,14:40:31,3.99,0.0,1,399,买盘
1270,14:40:36,3.99,0.0,29,11571,买盘
1271,14:40:46,3.99,0.0,6,2394,买盘
1272,14:40:49,3.99,0.0,251,100149,买盘
1273,14:41:07,3.99,0.0,1,399,买盘
1274,14:41:10,3.99,0.0,27,10773,买盘
1275,14:41:30,3.99,0.0,196,78204,买盘
1276,14:41:34,3.99,0.0,50,19950,买盘
1277,14:41:49,3.99,0.0,6,2394,买盘
1278,14:42:00,3.99,0.0,203,80953,买盘
1279,14:42:04,3.99,0.0,300,119700,买盘
1280,14:42:07,3.99,0.0,179,71421,买盘
1281,14:42:10,4.0,0.01,3,1200,买盘
1282,14:42:52,4.0,0.0,30,12000,买盘
1283,14:42:55,4.0,0.0,117,46800,买盘
1284,14:42:57,4.0,0.0,69,27600,买盘
1285,14:43:10,4.0,0.0,1,400,买盘
1286,14:43:22,4.0,0.0,29,11600,买盘
1287,14:44:01,4.0,0.0,6,2400,买盘
1288,14:44:13,4.0,0.0,63,25200,买盘
1289,14:44:19,4.0,0.0,20,8000,买盘
1290,14:44:21,4.0,0.0,2,800,买盘
1291,14:44:34,4.0,0.0,39,15600,买盘
1292,14:44:36,4.0,0.0,1,400,买盘
1293,14:44:39,3.99,-0.01,4,1596,卖盘
1294,14:45:12,4.0,0.01,25,10000,买盘
1295,14:45:15,4.0,0.0,7,2800,买盘
1296,14:45:18,4.0,0.0,951,380399,买盘
1297,14:45:24,4.0,0.0,100,40000,买盘
1298,14:45:30,4.0,0.0,137,54800,买盘
1299,14:45:33,4.0,0.0,101,40400,买盘
1300,14:45:36,4.0,0.0,100,40000,买盘
1301,14:45:40,4.0,0.0,11,4400,买盘
1302,14:45:46,4.0,0.0,141,56400,买盘
1303,14:45:49,4.0,0.0,92,36800,买盘
1304,14:45:51,4.0,0.0,100,40000,买盘
1305,14:45:54,4.0,0.0,2,800,买盘
1306,14:45:57,4.0,0.0,7,2800,买盘
1307,14:46:16,4.0,0.0,2,800,买盘
1308,14:46:25,4.0,0.0,31,12400,买盘
1309,14:46:30,4.0,0.0,180,71900,买盘
1310,14:46:34,4.0,0.0,2,800,买盘
1311,14:46:36,4.0,0.0,156,62400,买盘
1312,14:46:48,3.99,-0.01,100,39900,卖盘
1313,14:46:58,3.99,0.0,10,3990,卖盘
1314,14:47:04,4.0,0.01,502,200798,买盘
1315,14:47:15,4.0,0.0,100,40000,买盘
1316,14:47:25,4.0,0.0,1,400,买盘
1317,14:47:28,4.0,0.0,100,40000,买盘
1318,14:47:42,4.0,0.0,32,12800,买盘
1319,14:47:45,4.0,0.0,2,800,买盘
1320,14:47:58,4.0,0.0,2,800,买盘
1321,14:48:36,4.0,0.0,1,400,买盘
1322,14:48:43,4.0,0.0,1,400,买盘
1323,14:48:55,4.0,0.0,32,12800,买盘
1324,14:49:19,3.99,-0.01,30,11970,卖盘
1325,14:49:22,4.0,0.01,2,800,买盘
1326,14:49:34,4.0,0.0,175,70000,买盘
1327,14:50:01,4.0,0.0,1,400,买盘
1328,14:50:04,4.0,0.0,128,51200,买盘
1329,14:50:06,4.0,0.0,26,10400,买盘
1330,14:50:18,4.0,0.0,20,8000,买盘
1331,14:50:34,4.0,0.0,175,70000,买盘
1332,14:50:36,4.0,0.0,2,800,买盘
1333,14:50:45,4.0,0.0,1,400,买盘
1334,14:50:55,4.0,0.0,98,39200,买盘
1335,14:50:57,4.0,0.0,50,20000,买盘
1336,14:51:10,4.0,0.0,61,24400,买盘
1337,14:51:13,4.01,0.01,605,242042,买盘
1338,14:51:15,4.0,-0.01,55,22000,买盘
1339,14:51:18,4.0,0.0,5,2000,卖盘
1340,14:51:22,4.0,0.0,33,13200,买盘
1341,14:51:28,4.0,0.0,43,17200,买盘
1342,14:51:31,4.01,0.01,1,401,买盘
1343,14:51:37,4.0,-0.01,5,2000,卖盘
1344,14:51:40,4.0,0.0,1,400,买盘
1345,14:51:43,4.0,0.0,38,15200,买盘
1346,14:51:45,4.0,0.0,21,8399,卖盘
1347,14:51:48,4.0,0.0,17,6800,买盘
1348,14:51:51,4.01,0.01,4,1604,买盘
1349,14:51:57,4.0,-0.01,39,15600,卖盘
1350,14:52:04,4.0,0.0,90,36063,卖盘
1351,14:52:13,4.0,0.0,14,5600,卖盘
1352,14:52:30,4.0,0.0,30,12010,卖盘
1353,14:52:34,4.0,0.0,10,4001,卖盘
1354,14:52:40,4.0,0.0,1,400,卖盘
1355,14:52:46,4.0,0.0,30,12000,卖盘
1356,14:52:52,4.01,0.01,1,401,买盘
1357,14:53:04,4.0,-0.01,20,8000,卖盘
1358,14:53:09,4.01,0.01,149,59749,买盘
1359,14:53:12,4.01,0.0,3,1203,买盘
1360,14:53:25,4.01,0.0,221,88621,买盘
1361,14:53:31,4.0,-0.01,5,2000,卖盘
1362,14:53:45,4.01,0.01,80,32050,买盘
1363,14:53:48,4.0,-0.01,10,4000,卖盘
1364,14:53:52,4.01,0.01,10,4010,买盘
1365,14:53:58,4.01,0.0,12,4802,买盘
1366,14:54:04,4.0,-0.01,2,800,卖盘
1367,14:54:10,4.0,0.0,1,400,卖盘
1368,14:54:25,4.0,0.0,1,400,卖盘
1369,14:54:36,4.01,0.01,5,2005,买盘
1370,14:54:52,4.01,0.0,118,47308,买盘
1371,14:54:55,4.01,0.0,247,99047,买盘
1372,14:55:07,4.01,0.0,397,159197,买盘
1373,14:55:28,4.01,0.0,30,12030,买盘
1374,14:55:31,4.01,0.0,139,55739,买盘
1375,14:55:37,4.01,0.0,67,26847,买盘
1376,14:55:40,4.01,0.0,86,34480,买盘
1377,14:55:43,4.0,-0.01,11,4405,卖盘
1378,14:55:46,4.01,0.01,134,53734,买盘
1379,14:55:57,4.01,0.0,26,10426,买盘
1380,14:56:03,4.01,0.0,29,11629,买盘
1381,14:56:07,4.01,0.0,2,802,买盘
1382,14:56:12,4.01,0.0,27,10827,买盘
1383,14:56:21,4.01,0.0,126,50526,买盘
1384,14:56:24,4.01,0.0,22,8822,买盘
1385,14:56:34,4.01,0.0,26,10426,买盘
1386,14:56:36,4.01,0.0,10,4010,买盘
1387,14:56:39,4.01,0.0,10,4010,买盘
1388,14:56:42,4.01,0.0,10,4010,买盘
1389,14:56:46,4.01,0.0,9,3609,买盘
1390,14:56:48,4.01,0.0,6,2406,买盘
1391,14:56:52,4.01,0.0,6,2406,买盘
1392,14:56:55,4.01,0.0,11,4411,买盘
1393,14:56:58,4.01,0.0,6,2406,买盘
1394,14:57:00,4.01,0.0,6,2406,买盘
1395,15:00:04,4.01,0.0,480,192480,卖盘
