,time,price,change,volume,amount,type
0,09:25:04,28.96,0.8,251,726896,卖盘
1,09:30:04,28.97,0.01,64,185388,买盘
2,09:30:07,29.0,0.03,134,388358,买盘
3,09:30:10,28.98,-0.02,38,110183,卖盘
4,09:30:13,28.98,0.0,2,5796,卖盘
5,09:30:16,29.1,0.12,3,8728,买盘
6,09:30:19,29.02,-0.08,50,145109,卖盘
7,09:30:22,29.11,0.09,5,14555,买盘
8,09:30:28,29.11,0.0,32,93163,卖盘
9,09:30:31,29.12,0.01,9,26208,买盘
10,09:30:34,29.12,0.0,58,168923,卖盘
11,09:30:37,29.11,-0.01,23,66977,卖盘
12,09:30:40,29.14,0.03,74,215665,中性盘
13,09:30:43,29.19,0.05,7,20399,买盘
14,09:30:46,29.16,-0.03,12,34989,中性盘
15,09:30:49,29.15,-0.01,14,40810,卖盘
16,09:30:52,29.14,-0.01,24,69945,卖盘
17,09:30:55,29.16,0.02,22,64144,买盘
18,09:30:58,29.19,0.03,112,326411,买盘
19,09:31:01,29.16,-0.03,71,207036,卖盘
20,09:31:04,29.19,0.03,53,154573,买盘
21,09:31:07,29.16,-0.03,58,169242,卖盘
22,09:31:10,29.16,0.0,4,11663,买盘
23,09:31:13,29.12,-0.04,27,78647,卖盘
24,09:31:16,29.16,0.04,14,40809,买盘
25,09:31:19,29.12,-0.04,17,49483,中性盘
26,09:31:22,29.09,-0.03,27,78578,卖盘
27,09:31:25,29.13,0.04,7,20391,中性盘
28,09:31:28,29.09,-0.04,2,5819,卖盘
29,09:31:31,29.09,0.0,8,23274,买盘
30,09:31:34,29.08,-0.01,28,81432,卖盘
31,09:31:37,29.0,-0.08,78,226637,卖盘
32,09:31:40,28.97,-0.03,111,321812,卖盘
33,09:31:43,28.99,0.02,46,133606,中性盘
34,09:31:46,28.99,0.0,25,72441,卖盘
35,09:31:49,28.96,-0.03,39,112975,卖盘
36,09:31:52,28.91,-0.05,11,31849,卖盘
37,09:31:55,28.9,-0.01,1,2890,买盘
38,09:31:58,28.89,-0.01,14,40449,中性盘
39,09:32:01,28.86,-0.03,16,46156,中性盘
40,09:32:05,28.84,-0.02,2,5768,买盘
41,09:32:07,28.89,0.05,40,115490,买盘
42,09:32:10,28.86,-0.03,11,31694,中性盘
43,09:32:13,28.86,0.0,73,210146,买盘
44,09:32:16,28.87,0.01,27,77979,买盘
45,09:32:19,28.87,0.0,15,43335,卖盘
46,09:32:22,28.87,0.0,13,37534,卖盘
47,09:32:25,28.93,0.06,49,141623,卖盘
48,09:32:28,28.97,0.04,50,144850,买盘
49,09:32:34,28.96,-0.01,12,34776,卖盘
50,09:32:37,28.96,0.0,42,121649,卖盘
51,09:32:40,28.94,-0.02,17,49229,卖盘
52,09:32:43,28.9,-0.04,58,168119,卖盘
53,09:32:46,28.96,0.06,6,17378,卖盘
54,09:32:49,29.03,0.07,20,58060,买盘
55,09:32:52,29.03,0.0,16,46435,买盘
56,09:32:55,28.96,-0.07,18,52194,卖盘
57,09:32:58,28.95,-0.01,22,63770,卖盘
58,09:33:05,29.07,0.12,10,29011,买盘
59,09:33:07,28.96,-0.11,5,14491,卖盘
60,09:33:10,29.01,0.05,110,319639,买盘
61,09:33:13,29.0,-0.01,3,8707,卖盘
62,09:33:19,29.06,0.06,6,17436,卖盘
63,09:33:22,29.06,0.0,3,8718,卖盘
64,09:33:28,29.07,0.01,5,14531,买盘
65,09:33:31,29.08,0.01,51,148250,买盘
66,09:33:34,29.07,-0.01,118,343026,卖盘
67,09:33:37,29.06,-0.01,63,183123,卖盘
68,09:33:43,29.08,0.02,8,23279,卖盘
69,09:33:49,29.08,0.0,26,75630,卖盘
70,09:33:52,29.11,0.03,3,8733,卖盘
71,09:33:55,29.11,0.0,8,23289,卖盘
72,09:33:58,29.11,0.0,10,29102,买盘
73,09:34:01,29.07,-0.04,12,34884,买盘
74,09:34:04,29.06,-0.01,6,17440,卖盘
75,09:34:06,29.07,0.01,16,46501,买盘
76,09:34:10,29.07,0.0,7,20349,卖盘
77,09:34:13,29.07,0.0,45,130895,卖盘
78,09:34:16,29.06,-0.01,29,84295,卖盘
79,09:34:19,29.05,-0.01,4,11620,中性盘
80,09:34:22,29.05,0.0,5,14525,买盘
81,09:34:25,29.05,0.0,2,5810,买盘
82,09:34:28,29.0,-0.05,1,2900,卖盘
83,09:34:34,29.0,0.0,12,34800,卖盘
84,09:34:37,29.0,0.0,42,121938,中性盘
85,09:34:40,29.0,0.0,28,81252,卖盘
86,09:34:43,29.04,0.04,62,179910,买盘
87,09:34:52,28.96,-0.08,2,5792,卖盘
88,09:34:58,28.99,0.03,2,5798,买盘
89,09:35:01,28.96,-0.03,20,57930,卖盘
90,09:35:07,28.96,0.0,32,92701,卖盘
91,09:35:10,28.96,0.0,36,104253,卖盘
92,09:35:13,28.98,0.02,10,28962,买盘
93,09:35:16,28.98,0.0,2,5795,买盘
94,09:35:19,28.98,0.0,11,31878,买盘
95,09:35:22,28.98,0.0,30,86984,卖盘
96,09:35:25,28.98,0.0,1,2898,卖盘
97,09:35:31,28.98,0.0,15,43470,卖盘
98,09:35:34,28.97,-0.01,13,37678,卖盘
99,09:35:37,28.98,0.01,1,2898,买盘
100,09:35:43,28.98,0.0,7,20286,买盘
101,09:35:46,28.98,0.0,9,26082,买盘
102,09:35:49,28.98,0.0,8,23184,买盘
103,09:35:52,28.98,0.0,13,37669,卖盘
104,09:35:55,29.0,0.02,9,26082,买盘
105,09:35:58,29.0,0.0,7,20300,买盘
106,09:36:01,28.98,-0.02,2,5797,卖盘
107,09:36:07,29.0,0.02,32,92787,买盘
108,09:36:10,29.0,0.0,12,34850,卖盘
109,09:36:13,29.0,0.0,10,29000,卖盘
110,09:36:16,29.05,0.05,17,49385,买盘
111,09:36:19,29.05,0.0,6,17430,买盘
112,09:36:22,29.05,0.0,35,101660,买盘
113,09:36:25,29.05,0.0,9,27016,买盘
114,09:36:28,29.11,0.06,33,95961,买盘
115,09:36:31,29.11,0.0,106,309101,卖盘
116,09:36:34,29.23,0.12,23,67177,买盘
117,09:36:37,29.24,0.01,14,40846,卖盘
118,09:36:40,29.24,0.0,12,36635,卖盘
119,09:36:43,29.4,0.16,95,278515,买盘
120,09:36:46,29.48,0.08,5,14732,买盘
121,09:36:49,29.5,0.02,15,44245,买盘
122,09:36:52,29.5,0.0,53,156477,卖盘
123,09:36:55,29.66,0.16,26,77020,买盘
124,09:36:58,29.67,0.01,10,29670,中性盘
125,09:37:01,29.68,0.01,19,56365,买盘
126,09:37:04,29.72,0.04,4,11888,卖盘
127,09:37:07,29.7,-0.02,130,386156,卖盘
128,09:37:10,29.6,-0.1,71,210736,卖盘
129,09:37:13,29.61,0.01,14,41454,中性盘
130,09:37:16,29.5,-0.11,86,254055,卖盘
131,09:37:19,29.64,0.14,52,153883,买盘
132,09:37:22,29.5,-0.14,23,67984,卖盘
133,09:37:25,29.47,-0.03,34,100317,卖盘
134,09:37:28,29.15,-0.32,6,17618,卖盘
135,09:37:34,29.45,0.3,13,38207,买盘
136,09:37:37,29.24,-0.21,4,11708,卖盘
137,09:37:40,29.45,0.21,30,88339,买盘
138,09:37:43,29.46,0.01,3,8838,中性盘
139,09:37:46,29.35,-0.11,3,8805,买盘
140,09:37:49,29.29,-0.06,2,5858,卖盘
141,09:37:52,29.35,0.06,8,23480,买盘
142,09:37:55,29.45,0.1,42,123555,买盘
143,09:38:01,29.46,0.01,87,255412,买盘
144,09:38:04,29.39,-0.07,21,61743,卖盘
145,09:38:07,29.46,0.07,87,255931,买盘
146,09:38:10,29.54,0.08,111,327405,买盘
147,09:38:13,29.61,0.07,51,150859,买盘
148,09:38:16,29.64,0.03,31,91818,买盘
149,09:38:19,29.66,0.02,80,236936,买盘
150,09:38:22,29.67,0.01,11,32627,买盘
151,09:38:25,29.74,0.07,195,579264,买盘
152,09:38:28,29.74,0.0,21,62530,卖盘
153,09:38:31,29.94,0.2,177,527767,买盘
154,09:38:34,29.95,0.01,42,125692,买盘
155,09:38:37,29.97,0.02,109,326620,买盘
156,09:38:40,29.88,-0.09,31,92889,卖盘
157,09:38:43,29.88,0.0,74,221580,卖盘
158,09:38:46,29.93,0.05,121,361153,买盘
159,09:38:49,29.81,-0.12,30,89394,中性盘
160,09:38:52,29.74,-0.07,5,14898,中性盘
161,09:38:55,29.79,0.05,14,41578,中性盘
162,09:38:58,29.78,-0.01,6,17868,中性盘
163,09:39:01,29.81,0.03,229,683159,买盘
164,09:39:04,29.87,0.06,81,241945,买盘
165,09:39:07,29.8,-0.07,101,300856,卖盘
166,09:39:10,29.87,0.07,38,113434,买盘
167,09:39:13,29.77,-0.1,11,32799,中性盘
168,09:39:16,29.77,0.0,1,2977,买盘
169,09:39:19,29.8,0.03,12,35747,买盘
170,09:39:22,29.8,0.0,42,125012,买盘
171,09:39:25,29.68,-0.12,54,160502,卖盘
172,09:39:28,29.76,0.08,31,92241,买盘
173,09:39:31,29.76,0.0,1,2976,买盘
174,09:39:34,29.76,0.0,60,178340,买盘
175,09:39:37,29.67,-0.09,77,228541,卖盘
176,09:39:40,29.66,-0.01,22,65220,买盘
177,09:39:43,29.66,0.0,10,29660,买盘
178,09:39:46,29.64,-0.02,4,11860,卖盘
179,09:39:49,29.66,0.02,1,2966,买盘
180,09:39:52,29.6,-0.06,9,26664,卖盘
181,09:39:55,29.6,0.0,1,2960,买盘
182,09:40:01,29.6,0.0,5,14800,买盘
183,09:40:04,29.6,0.0,20,59200,买盘
184,09:40:07,29.57,-0.03,24,70974,卖盘
185,09:40:10,29.57,0.0,1,2957,买盘
186,09:40:13,29.54,-0.03,7,20678,卖盘
187,09:40:22,29.66,0.12,21,62237,买盘
188,09:40:34,29.63,-0.03,14,41429,买盘
189,09:40:37,29.62,-0.01,6,17776,中性盘
190,09:40:40,29.52,-0.1,12,35505,卖盘
191,09:40:43,29.63,0.11,1,2963,卖盘
192,09:40:46,29.63,0.0,186,551909,卖盘
193,09:40:49,29.64,0.01,10,29643,卖盘
194,09:40:52,29.66,0.02,4,11864,中性盘
195,09:40:55,29.64,-0.02,3,8892,卖盘
196,09:40:58,29.64,0.0,18,53432,卖盘
197,09:41:01,29.77,0.13,6,17862,中性盘
198,09:41:04,29.77,0.0,7,20779,买盘
199,09:41:13,29.75,-0.02,1,2975,买盘
200,09:41:16,29.74,-0.01,6,17844,买盘
201,09:41:19,29.66,-0.08,9,26694,卖盘
202,09:41:22,29.71,0.05,1,2971,中性盘
203,09:41:25,29.71,0.0,1,2971,买盘
204,09:41:28,29.69,-0.02,15,44552,卖盘
205,09:41:31,29.7,0.01,3,8906,买盘
206,09:41:34,29.66,-0.04,48,142370,卖盘
207,09:41:37,29.65,-0.01,3,8896,卖盘
208,09:41:40,29.66,0.01,33,97687,买盘
209,09:41:43,29.66,0.0,28,83032,买盘
210,09:41:46,29.6,-0.06,9,26640,中性盘
211,09:41:52,29.52,-0.08,4,11808,卖盘
212,09:41:55,29.52,0.0,30,88560,卖盘
213,09:41:58,29.51,-0.01,9,26567,卖盘
214,09:42:01,29.55,0.04,2,5907,买盘
215,09:42:04,29.52,-0.03,6,17715,卖盘
216,09:42:06,29.51,-0.01,15,44267,卖盘
217,09:42:10,29.51,0.0,1,2951,买盘
218,09:42:13,29.51,0.0,4,11802,买盘
219,09:42:19,29.5,-0.01,10,29500,卖盘
220,09:42:22,29.5,0.0,2,5898,买盘
221,09:42:31,29.5,0.0,5,14750,买盘
222,09:42:37,29.5,0.0,16,47194,买盘
223,09:42:40,29.5,0.0,23,67850,买盘
224,09:42:43,29.52,0.02,42,123918,买盘
225,09:42:46,29.52,0.0,6,17712,买盘
226,09:42:49,29.61,0.09,95,281188,买盘
227,09:42:52,29.66,0.05,3,8895,买盘
228,09:42:55,29.71,0.05,68,201933,买盘
229,09:42:58,29.71,0.0,2,5942,买盘
230,09:43:01,29.71,0.0,1,2971,买盘
231,09:43:04,29.71,0.0,1,2971,卖盘
232,09:43:07,29.71,0.0,4,11892,卖盘
233,09:43:10,29.74,0.03,10,29740,中性盘
234,09:43:16,29.71,-0.03,6,17826,卖盘
235,09:43:19,29.71,0.0,8,23768,买盘
236,09:43:22,29.71,0.0,2,5943,卖盘
237,09:43:25,29.72,0.01,78,231740,买盘
238,09:43:34,29.65,-0.07,99,294075,卖盘
239,09:43:37,29.6,-0.05,1,2960,买盘
240,09:43:52,29.67,0.07,18,53396,买盘
241,09:43:55,29.67,0.0,5,14835,买盘
242,09:44:01,29.64,-0.03,5,14820,买盘
243,09:44:04,29.55,-0.09,11,32513,卖盘
244,09:44:07,29.61,0.06,14,41454,卖盘
245,09:44:13,29.6,-0.01,17,50301,买盘
246,09:44:19,29.6,0.0,25,74000,买盘
247,09:44:22,29.6,0.0,1,2960,买盘
248,09:44:25,29.51,-0.09,90,265641,卖盘
249,09:44:28,29.51,0.0,3,8853,买盘
250,09:44:34,29.51,0.0,11,32458,买盘
251,09:44:37,29.5,-0.01,148,436638,卖盘
252,09:44:40,29.5,0.0,49,144550,卖盘
253,09:44:43,29.5,0.0,122,359900,卖盘
254,09:44:46,29.4,-0.1,134,395004,卖盘
255,09:44:49,29.49,0.09,54,158145,买盘
256,09:44:52,29.5,0.01,12,35363,买盘
257,09:45:07,29.37,-0.13,49,143553,中性盘
258,09:45:13,29.49,0.12,10,29490,买盘
259,09:45:19,29.38,-0.11,1,2938,卖盘
260,09:45:25,29.49,0.11,32,94318,买盘
261,09:45:31,29.49,0.0,6,17694,卖盘
262,09:45:34,29.49,0.0,52,153348,卖盘
263,09:45:37,29.49,0.0,98,289030,卖盘
264,09:45:40,29.5,0.01,8,23598,买盘
265,09:45:43,29.5,0.0,46,135678,买盘
266,09:45:46,29.39,-0.11,16,47167,卖盘
267,09:45:49,29.49,0.1,1,2949,买盘
268,09:46:01,29.37,-0.12,6,17627,卖盘
269,09:46:04,29.4,0.03,1,2940,中性盘
270,09:46:07,29.39,-0.01,2,5878,卖盘
271,09:46:10,29.4,0.01,1,2940,买盘
272,09:46:16,29.4,0.0,9,26460,买盘
273,09:46:22,29.42,0.02,14,41188,卖盘
274,09:46:31,29.42,0.0,8,23538,卖盘
275,09:46:34,29.49,0.07,3,8845,买盘
276,09:46:37,29.42,-0.07,45,132431,卖盘
277,09:46:49,29.49,0.07,3,8845,买盘
278,09:46:55,29.42,-0.07,10,29433,卖盘
279,09:47:04,29.42,0.0,17,50014,卖盘
280,09:47:10,29.42,0.0,5,14710,买盘
281,09:47:16,29.42,0.0,3,8826,买盘
282,09:47:22,29.42,0.0,1,2942,买盘
283,09:47:25,29.42,0.0,25,73550,买盘
284,09:47:37,29.49,0.07,6,17687,买盘
285,09:47:49,29.4,-0.09,2,5882,卖盘
286,09:47:55,29.42,0.02,2,5891,中性盘
287,09:48:07,29.4,-0.02,6,17640,卖盘
288,09:48:19,29.4,0.0,20,58789,买盘
289,09:48:22,29.42,0.02,2,5884,买盘
290,09:48:25,29.42,0.0,12,35310,中性盘
291,09:48:34,29.4,-0.02,18,52922,卖盘
292,09:48:37,29.42,0.02,24,70626,卖盘
293,09:48:46,29.42,0.0,4,11768,买盘
294,09:48:49,29.4,-0.02,5,14700,卖盘
295,09:48:52,29.4,0.0,33,97037,卖盘
296,09:48:55,29.4,0.0,50,147000,卖盘
297,09:48:58,29.41,0.01,6,17643,中性盘
298,09:49:01,29.4,-0.01,56,164655,卖盘
299,09:49:07,29.4,0.0,4,11760,卖盘
300,09:49:10,29.41,0.01,1,2941,买盘
301,09:49:13,29.42,0.01,46,135259,买盘
302,09:49:16,29.36,-0.06,31,91088,卖盘
303,09:49:37,29.34,-0.02,1,2934,中性盘
304,09:49:40,29.33,-0.01,5,14666,卖盘
305,09:49:46,29.33,0.0,7,20531,卖盘
306,09:49:49,29.3,-0.03,37,108430,卖盘
307,09:49:52,29.3,0.0,6,17580,卖盘
308,09:50:01,29.31,0.01,25,73240,买盘
309,09:50:04,29.3,-0.01,19,55688,卖盘
310,09:50:07,29.2,-0.1,1,2920,卖盘
311,09:50:13,29.2,0.0,3,8760,卖盘
312,09:50:16,29.29,0.09,1,2929,买盘
313,09:50:19,29.2,-0.09,6,17520,卖盘
314,09:50:25,29.26,0.06,7,20482,买盘
315,09:50:31,29.25,-0.01,1,2925,买盘
316,09:50:34,29.25,0.0,1,2925,买盘
317,09:50:37,29.23,-0.02,25,72999,中性盘
318,09:50:43,29.25,0.02,48,140396,买盘
319,09:50:46,29.3,0.05,89,260451,买盘
320,09:50:49,29.32,0.02,10,29320,卖盘
321,09:50:52,29.27,-0.05,4,11708,中性盘
322,09:50:55,29.37,0.1,18,52841,买盘
323,09:51:01,29.3,-0.07,6,17609,卖盘
324,09:51:04,29.27,-0.03,12,35143,卖盘
325,09:51:07,29.28,0.01,27,79069,卖盘
326,09:51:25,29.3,0.02,10,29300,卖盘
327,09:51:31,29.35,0.05,1,2935,买盘
328,09:51:37,29.3,-0.05,23,67390,卖盘
329,09:51:40,29.3,0.0,3,8790,买盘
330,09:51:43,29.3,0.0,1,2930,买盘
331,09:51:58,29.3,0.0,10,29300,买盘
332,09:52:01,29.3,0.0,12,35155,买盘
333,09:52:04,29.29,-0.01,14,41006,卖盘
334,09:52:07,29.29,0.0,1,2929,买盘
335,09:52:10,29.29,0.0,1,2929,买盘
336,09:52:13,29.29,0.0,5,14645,买盘
337,09:52:16,29.28,-0.01,25,73203,卖盘
338,09:52:22,29.28,0.0,1,2928,买盘
339,09:52:28,29.27,-0.01,10,29270,卖盘
340,09:52:37,29.26,-0.01,19,55594,卖盘
341,09:52:40,29.27,0.01,5,14635,买盘
342,09:52:43,29.26,-0.01,4,11704,卖盘
343,09:52:58,29.26,0.0,1,2926,卖盘
344,09:53:04,29.27,0.01,22,64281,买盘
345,09:53:07,29.27,0.0,11,32197,买盘
346,09:53:13,29.26,-0.01,1,2926,买盘
347,09:53:22,29.26,0.0,5,14630,买盘
348,09:53:25,29.21,-0.05,24,70219,卖盘
349,09:53:34,29.25,0.04,4,11700,卖盘
350,09:53:58,29.22,-0.03,11,32142,卖盘
351,09:54:07,29.22,0.0,3,8768,卖盘
352,09:54:10,29.22,0.0,22,64284,买盘
353,09:54:16,29.22,0.0,2,5844,卖盘
354,09:54:19,29.25,0.03,20,58497,买盘
355,09:54:22,29.22,-0.03,3,8766,卖盘
356,09:54:34,29.21,-0.01,50,146093,卖盘
357,09:54:37,29.21,0.0,42,122684,卖盘
358,09:54:40,29.21,0.0,21,61321,买盘
359,09:54:46,29.2,-0.01,1,2920,卖盘
360,09:54:49,29.2,0.0,1,2920,买盘
361,09:54:52,29.2,0.0,1,2920,买盘
362,09:54:55,29.18,-0.02,22,64168,卖盘
363,09:54:58,29.18,0.0,2,5836,中性盘
364,09:55:06,29.15,-0.03,3,8745,卖盘
365,09:55:13,29.13,-0.02,11,32043,卖盘
366,09:55:22,29.13,0.0,2,5824,买盘
367,09:55:25,29.13,0.0,7,20387,买盘
368,09:55:31,29.11,-0.02,5,14555,卖盘
369,09:55:37,29.1,-0.01,37,107697,卖盘
370,09:55:43,29.11,0.01,1,2911,买盘
371,09:55:46,29.1,-0.01,23,66930,卖盘
372,09:55:58,29.1,0.0,25,72750,买盘
373,09:56:01,29.1,0.0,1,2910,卖盘
374,09:56:04,29.15,0.05,25,72809,买盘
375,09:56:07,29.1,-0.05,36,104915,卖盘
376,09:56:10,29.08,-0.02,25,72740,卖盘
377,09:56:13,29.1,0.02,11,31994,中性盘
378,09:56:16,29.08,-0.02,43,125114,中性盘
379,09:56:19,29.1,0.02,3,8730,买盘
380,09:56:22,29.1,0.0,36,104759,买盘
381,09:56:25,29.1,0.0,1,2910,买盘
382,09:56:28,29.09,-0.01,11,32009,中性盘
383,09:56:31,29.1,0.01,17,49470,买盘
384,09:56:37,29.11,0.01,10,29094,买盘
385,09:56:46,29.13,0.02,11,32043,中性盘
386,09:56:52,29.13,0.0,1,2913,卖盘
387,09:56:58,29.13,0.0,4,11652,卖盘
388,09:57:01,29.18,0.05,10,29171,买盘
389,09:57:07,29.12,-0.06,13,37875,卖盘
390,09:57:13,29.2,0.08,23,67120,买盘
391,09:57:19,29.14,-0.06,16,46684,卖盘
392,09:57:28,29.13,-0.01,30,87390,卖盘
393,09:57:31,29.21,0.08,19,55499,买盘
394,09:57:37,29.22,0.01,5,14610,卖盘
395,09:57:40,29.28,0.06,19,55598,买盘
396,09:57:46,29.25,-0.03,9,26333,卖盘
397,09:57:52,29.27,0.02,1,2927,买盘
398,09:57:58,29.27,0.0,1,2927,买盘
399,09:58:01,29.27,0.0,19,55613,卖盘
400,09:58:04,29.25,-0.02,6,17550,卖盘
401,09:58:07,29.26,0.01,10,29257,买盘
402,09:58:10,29.26,0.0,3,8778,买盘
403,09:58:19,29.22,-0.04,30,87666,卖盘
404,09:58:28,29.18,-0.04,2,5836,卖盘
405,09:58:37,29.18,0.0,1,2918,卖盘
406,09:58:46,29.11,-0.07,10,29126,卖盘
407,09:58:58,29.1,-0.01,40,116411,卖盘
408,09:59:01,29.1,0.0,77,224070,卖盘
409,09:59:04,29.1,0.0,35,101850,买盘
410,09:59:07,29.1,0.0,14,40740,买盘
411,09:59:10,29.09,-0.01,10,29090,卖盘
412,09:59:19,29.09,0.0,1,2909,卖盘
413,09:59:28,29.02,-0.07,43,124909,卖盘
414,09:59:34,29.02,0.0,8,23216,买盘
415,09:59:37,29.02,0.0,2,5804,买盘
416,09:59:40,29.02,0.0,21,60924,买盘
417,09:59:43,29.0,-0.02,2,5800,卖盘
418,09:59:49,29.07,0.07,4,11618,买盘
419,10:00:07,29.03,-0.04,16,46498,卖盘
420,10:00:13,29.08,0.05,9,26172,买盘
421,10:00:16,29.07,-0.01,5,14535,中性盘
422,10:00:22,29.07,0.0,2,5814,买盘
423,10:00:25,29.06,-0.01,2,5813,中性盘
424,10:00:28,29.07,0.01,12,34868,买盘
425,10:00:31,29.07,0.0,18,52326,买盘
426,10:00:37,29.18,0.11,77,224134,买盘
427,10:00:40,29.18,0.0,1,2918,买盘
428,10:00:43,29.25,0.07,9,26325,买盘
429,10:00:46,29.27,0.02,30,87783,买盘
430,10:00:49,29.25,-0.02,5,14629,卖盘
431,10:00:58,29.39,0.14,1,2939,买盘
432,10:01:07,29.27,-0.12,7,20498,卖盘
433,10:01:10,29.27,0.0,13,37955,买盘
434,10:01:16,29.26,-0.01,4,11705,卖盘
435,10:01:25,29.26,0.0,5,14630,买盘
436,10:01:28,29.19,-0.07,3,8757,卖盘
437,10:01:31,29.11,-0.08,16,46605,卖盘
438,10:01:37,29.22,0.11,28,81816,中性盘
439,10:01:46,29.12,-0.1,16,46611,中性盘
440,10:01:49,29.11,-0.01,3,8733,买盘
441,10:01:52,29.1,-0.01,8,23280,卖盘
442,10:01:55,29.11,0.01,7,20377,买盘
443,10:02:01,29.11,0.0,6,17466,买盘
444,10:02:04,29.11,0.0,5,14555,买盘
445,10:02:07,29.11,0.0,26,75669,卖盘
446,10:02:19,29.07,-0.04,24,69818,卖盘
447,10:02:25,29.06,-0.01,2,5812,卖盘
448,10:02:28,29.07,0.01,27,78478,买盘
449,10:02:46,29.14,0.07,20,58274,中性盘
450,10:02:49,29.11,-0.03,3,8733,卖盘
451,10:02:55,29.06,-0.05,28,81399,卖盘
452,10:02:58,29.08,0.02,1,2908,买盘
453,10:03:01,29.04,-0.04,1,2904,卖盘
454,10:03:05,29.07,0.03,6,17427,买盘
455,10:03:07,29.02,-0.05,35,101586,卖盘
456,10:03:10,29.02,0.0,11,31925,卖盘
457,10:03:13,29.02,0.0,5,14510,卖盘
458,10:03:16,29.02,0.0,3,8706,卖盘
459,10:03:22,29.02,0.0,15,43524,买盘
460,10:03:28,29.01,-0.01,1,2901,卖盘
461,10:03:31,29.01,0.0,1,2901,买盘
462,10:03:37,29.0,-0.01,4,11600,卖盘
463,10:03:40,29.0,0.0,23,66712,卖盘
464,10:03:43,28.9,-0.1,58,167911,卖盘
465,10:03:46,28.91,0.01,80,231258,买盘
466,10:04:04,28.92,0.01,4,11568,卖盘
467,10:04:07,28.92,0.0,18,52056,卖盘
468,10:04:10,28.88,-0.04,33,95415,卖盘
469,10:04:16,28.9,0.02,1,2890,中性盘
470,10:04:19,28.9,0.0,2,5780,买盘
471,10:04:28,28.88,-0.02,36,104014,卖盘
472,10:04:31,28.88,0.0,1,2888,卖盘
473,10:04:34,28.92,0.04,17,49157,买盘
474,10:04:37,28.91,-0.01,15,43365,卖盘
475,10:04:43,28.91,0.0,5,14455,卖盘
476,10:04:46,28.91,0.0,1,2891,买盘
477,10:04:58,28.91,0.0,3,8672,买盘
478,10:05:01,28.9,-0.01,1,2890,卖盘
479,10:05:07,28.9,0.0,11,31790,卖盘
480,10:05:10,28.9,0.0,3,8670,买盘
481,10:05:19,28.89,-0.01,1,2889,卖盘
482,10:05:25,28.89,0.0,1,2889,买盘
483,10:05:28,28.88,-0.01,8,23104,卖盘
484,10:05:31,28.88,0.0,1,2888,买盘
485,10:05:46,28.87,-0.01,12,34644,卖盘
486,10:05:49,28.87,0.0,7,20209,买盘
487,10:05:55,28.87,0.0,43,124141,买盘
488,10:05:58,28.81,-0.06,15,43239,卖盘
489,10:06:04,28.89,0.08,2,5777,买盘
490,10:06:07,28.82,-0.07,21,60522,卖盘
491,10:06:10,28.87,0.05,3,8661,买盘
492,10:06:16,28.83,-0.04,11,31713,卖盘
493,10:06:19,28.82,-0.01,30,86482,卖盘
494,10:06:22,28.87,0.05,7,20209,买盘
495,10:06:25,28.87,0.0,7,20203,买盘
496,10:06:28,28.84,-0.03,14,40391,卖盘
497,10:06:31,28.84,0.0,3,8652,中性盘
498,10:06:37,28.84,0.0,1,2884,买盘
499,10:06:43,28.82,-0.02,20,57656,卖盘
500,10:06:52,28.84,0.02,21,60586,中性盘
501,10:06:55,28.83,-0.01,83,239266,卖盘
502,10:06:58,28.83,0.0,8,23064,买盘
503,10:07:01,28.83,0.0,24,69232,卖盘
504,10:07:04,28.87,0.04,22,63514,买盘
505,10:07:06,28.83,-0.04,5,14418,卖盘
506,10:07:10,28.83,0.0,10,28822,买盘
507,10:07:13,28.83,0.0,6,17298,买盘
508,10:07:16,28.89,0.06,2,5778,买盘
509,10:07:28,28.87,-0.02,22,63514,卖盘
510,10:07:34,28.92,0.05,2,5784,中性盘
511,10:07:37,28.89,-0.03,4,11556,卖盘
512,10:07:40,28.89,0.0,9,26001,卖盘
513,10:07:43,28.89,0.0,11,31779,卖盘
514,10:07:46,28.88,-0.01,7,20216,中性盘
515,10:07:58,28.87,-0.01,5,14435,买盘
516,10:08:07,28.84,-0.03,9,25956,卖盘
517,10:08:10,28.84,0.0,2,5768,买盘
518,10:08:13,28.83,-0.01,8,23064,卖盘
519,10:08:16,28.84,0.01,12,34597,买盘
520,10:08:19,28.83,-0.01,4,11532,卖盘
521,10:08:22,28.84,0.01,1,2884,买盘
522,10:08:25,28.83,-0.01,3,8649,卖盘
523,10:08:28,28.82,-0.01,17,48994,卖盘
524,10:08:31,28.81,-0.01,36,103725,卖盘
525,10:08:34,28.81,0.0,25,72033,卖盘
526,10:08:37,28.81,0.0,19,54737,卖盘
527,10:08:40,28.8,-0.01,13,37440,卖盘
528,10:08:46,28.79,-0.01,18,51822,卖盘
529,10:08:49,28.76,-0.03,36,103536,卖盘
530,10:08:55,28.73,-0.03,3,8619,卖盘
531,10:09:01,28.73,0.0,17,48841,买盘
532,10:09:07,28.71,-0.02,6,17236,卖盘
533,10:09:13,28.7,-0.01,20,57407,卖盘
534,10:09:16,28.71,0.01,19,54549,卖盘
535,10:09:18,28.7,-0.01,5,14351,卖盘
536,10:09:22,28.71,0.01,1,2871,买盘
537,10:09:28,28.69,-0.02,2,5738,卖盘
538,10:09:31,28.7,0.01,8,22954,买盘
539,10:09:37,28.68,-0.02,4,11472,卖盘
540,10:09:43,28.68,0.0,10,28659,买盘
541,10:09:46,28.66,-0.02,4,11467,中性盘
542,10:09:49,28.68,0.02,5,14340,买盘
543,10:09:52,28.67,-0.01,10,28670,中性盘
544,10:09:55,28.67,0.0,1,2867,卖盘
545,10:09:58,28.65,-0.02,20,57312,卖盘
546,10:10:01,28.66,0.01,7,20074,中性盘
547,10:10:07,28.66,0.0,1,2866,卖盘
548,10:10:10,28.67,0.01,6,17202,买盘
549,10:10:13,28.65,-0.02,24,68777,卖盘
550,10:10:16,28.65,0.0,13,37245,买盘
551,10:10:19,28.65,0.0,8,22914,买盘
552,10:10:22,28.66,0.01,19,54443,买盘
553,10:10:24,28.65,-0.01,3,8595,中性盘
554,10:10:28,28.62,-0.03,42,120311,卖盘
555,10:10:31,28.67,0.05,18,51590,买盘
556,10:10:34,28.65,-0.02,4,11460,中性盘
557,10:10:36,28.69,0.04,18,51602,买盘
558,10:10:40,28.64,-0.05,10,28640,卖盘
559,10:10:43,28.63,-0.01,16,45847,卖盘
560,10:10:49,28.65,0.02,2,5730,卖盘
561,10:11:01,28.73,0.08,1,2873,买盘
562,10:11:07,28.71,-0.02,16,45926,卖盘
563,10:11:12,28.68,-0.03,5,14350,卖盘
564,10:11:19,28.77,0.09,2,5754,买盘
565,10:11:28,28.77,0.0,3,8624,买盘
566,10:11:31,28.75,-0.02,1,2875,中性盘
567,10:11:34,28.68,-0.07,33,94877,卖盘
568,10:11:37,28.77,0.09,15,43155,中性盘
569,10:11:45,28.71,-0.06,4,11484,卖盘
570,10:11:55,28.71,0.0,4,11484,卖盘
571,10:12:01,28.71,0.0,13,37323,卖盘
572,10:12:07,28.71,0.0,7,20100,卖盘
573,10:12:13,28.7,-0.01,5,14350,卖盘
574,10:12:16,28.77,0.07,3,8625,买盘
575,10:12:22,28.78,0.01,16,46048,卖盘
576,10:12:25,28.71,-0.07,6,17233,卖盘
577,10:12:34,28.77,0.06,1,2877,中性盘
578,10:12:43,28.78,0.01,17,48910,买盘
579,10:12:45,28.72,-0.06,1,2872,卖盘
580,10:13:01,28.71,-0.01,9,25839,卖盘
581,10:13:04,28.72,0.01,9,25844,买盘
582,10:13:07,28.7,-0.02,33,94727,卖盘
583,10:13:13,28.69,-0.01,17,48773,卖盘
584,10:13:16,28.68,-0.01,14,40160,卖盘
585,10:13:22,28.68,0.0,3,8604,中性盘
586,10:13:27,28.66,-0.02,4,11464,卖盘
587,10:13:33,28.65,-0.01,3,8595,卖盘
588,10:13:37,28.65,0.0,2,5730,买盘
589,10:13:43,28.65,0.0,10,28643,买盘
590,10:13:46,28.65,0.0,1,2865,买盘
591,10:14:04,28.63,-0.02,3,8589,卖盘
592,10:14:07,28.61,-0.02,30,85849,卖盘
593,10:14:10,28.63,0.02,13,37219,买盘
594,10:14:13,28.61,-0.02,4,11444,卖盘
595,10:14:19,28.62,0.01,1,2862,中性盘
596,10:14:25,28.62,0.0,1,2862,中性盘
597,10:14:28,28.61,-0.01,29,82971,卖盘
598,10:14:34,28.6,-0.01,7,20020,卖盘
599,10:14:40,28.6,0.0,4,11440,卖盘
600,10:14:43,28.6,0.0,1,2860,卖盘
601,10:14:46,28.6,0.0,24,68685,卖盘
602,10:14:52,28.59,-0.01,7,20013,卖盘
603,10:14:54,28.6,0.01,2,5720,买盘
604,10:15:01,28.6,0.0,10,28600,买盘
605,10:15:07,28.6,0.0,6,17160,买盘
606,10:15:10,28.63,0.03,6,17178,买盘
607,10:15:13,28.69,0.06,17,48716,买盘
608,10:15:15,28.7,0.01,2,5740,买盘
609,10:15:19,28.67,-0.03,4,11474,卖盘
610,10:15:28,28.69,0.02,6,17214,卖盘
611,10:15:33,28.77,0.08,5,14353,中性盘
612,10:15:37,28.77,0.0,2,5754,买盘
613,10:15:45,28.69,-0.08,1,2869,卖盘
614,10:15:48,28.77,0.08,3,8630,买盘
615,10:15:55,28.7,-0.07,4,11480,中性盘
616,10:16:04,28.7,0.0,4,11480,卖盘
617,10:16:07,28.7,0.0,2,5740,卖盘
618,10:16:10,28.7,0.0,9,25830,买盘
619,10:16:16,28.7,0.0,3,8610,卖盘
620,10:16:28,28.7,0.0,4,11480,卖盘
621,10:16:34,28.69,-0.01,8,22955,卖盘
622,10:16:37,28.69,0.0,17,48773,卖盘
623,10:16:40,28.69,0.0,4,11476,卖盘
624,10:16:43,28.69,0.0,15,43035,买盘
625,10:16:46,28.68,-0.01,23,65982,卖盘
626,10:16:52,28.65,-0.03,4,11460,卖盘
627,10:16:58,28.63,-0.02,2,5728,卖盘
628,10:17:04,28.73,0.1,100,287089,买盘
629,10:17:07,28.6,-0.13,18,51502,卖盘
630,10:17:10,28.65,0.05,1,2865,买盘
631,10:17:12,28.62,-0.03,4,11448,卖盘
632,10:17:22,28.63,0.01,4,11452,卖盘
633,10:17:28,28.63,0.0,1,2863,卖盘
634,10:17:31,28.63,0.0,26,74438,买盘
635,10:17:43,28.67,0.04,2,5734,卖盘
636,10:17:46,28.67,0.0,2,5734,买盘
637,10:17:52,28.73,0.06,10,28696,买盘
638,10:17:55,28.66,-0.07,2,5732,卖盘
639,10:17:58,28.66,0.0,2,5732,买盘
640,10:18:01,28.75,0.09,25,71833,买盘
641,10:18:04,28.75,0.0,11,31629,卖盘
642,10:18:07,28.75,0.0,13,37375,卖盘
643,10:18:10,28.75,0.0,6,17251,卖盘
644,10:18:13,28.82,0.07,10,28787,买盘
645,10:18:22,28.77,-0.05,1,2877,卖盘
646,10:18:24,28.77,0.0,1,2877,买盘
647,10:18:28,28.77,0.0,3,8631,买盘
648,10:18:37,28.77,0.0,1,2877,买盘
649,10:18:49,28.72,-0.05,23,66056,卖盘
650,10:18:52,28.72,0.0,9,25848,买盘
651,10:18:58,28.73,0.01,1,2873,卖盘
652,10:19:07,28.72,-0.01,23,66075,卖盘
653,10:19:10,28.73,0.01,15,43083,买盘
654,10:19:19,28.7,-0.03,31,89063,卖盘
655,10:19:28,28.7,0.0,26,74620,卖盘
656,10:19:43,28.71,0.01,4,11484,卖盘
657,10:19:52,28.71,0.0,2,5742,买盘
658,10:20:04,28.7,-0.01,30,86100,卖盘
659,10:20:07,28.7,0.0,4,11481,卖盘
660,10:20:10,28.7,0.0,7,20090,买盘
661,10:20:12,28.7,0.0,14,40168,买盘
662,10:20:16,28.68,-0.02,1,2868,卖盘
663,10:20:25,28.65,-0.03,4,11460,卖盘
664,10:20:28,28.65,0.0,6,17190,卖盘
665,10:20:34,28.63,-0.02,26,74438,卖盘
666,10:20:40,28.65,0.02,9,25777,买盘
667,10:20:46,28.61,-0.04,68,194552,卖盘
668,10:20:49,28.61,0.0,20,57220,买盘
669,10:20:52,28.61,0.0,1,2861,买盘
670,10:21:01,28.61,0.0,2,5722,买盘
671,10:21:04,28.61,0.0,8,22888,卖盘
672,10:21:06,28.6,-0.01,71,203061,卖盘
673,10:21:13,28.61,0.01,3,8583,卖盘
674,10:21:28,28.66,0.05,31,88793,买盘
675,10:21:31,28.68,0.02,4,11472,买盘
676,10:21:40,28.69,0.01,7,20083,买盘
677,10:21:42,28.68,-0.01,15,43020,卖盘
678,10:21:46,28.67,-0.01,30,86023,卖盘
679,10:21:49,28.67,0.0,3,8601,卖盘
680,10:21:52,28.69,0.02,50,143429,买盘
681,10:22:04,28.69,0.0,2,5738,买盘
682,10:22:07,28.7,0.01,7,20090,卖盘
683,10:22:13,28.7,0.0,14,40180,卖盘
684,10:22:22,28.68,-0.02,2,5736,卖盘
685,10:22:28,28.68,0.0,1,2868,买盘
686,10:22:43,28.68,0.0,2,5736,买盘
687,10:22:45,28.67,-0.01,3,8602,卖盘
688,10:22:55,28.7,0.03,8,22952,买盘
689,10:23:01,28.7,0.0,4,11480,卖盘
690,10:23:04,28.7,0.0,5,14350,卖盘
691,10:23:07,28.7,0.0,2,5740,卖盘
692,10:23:28,28.68,-0.02,17,48756,卖盘
693,10:23:46,28.67,-0.01,1,2867,卖盘
694,10:23:48,28.67,0.0,3,8601,卖盘
695,10:23:52,28.71,0.04,33,94678,买盘
696,10:23:55,28.75,0.04,4,11500,卖盘
697,10:24:07,28.75,0.0,87,250125,卖盘
698,10:24:13,28.75,0.0,77,221375,卖盘
699,10:24:22,28.7,-0.05,2,5743,卖盘
700,10:24:28,28.7,0.0,1,2870,卖盘
701,10:24:49,28.65,-0.05,8,22920,卖盘
702,10:24:54,28.68,0.03,5,14337,买盘
703,10:25:01,28.69,0.01,25,71725,卖盘
704,10:25:10,28.62,-0.07,8,22896,卖盘
705,10:25:22,28.73,0.11,66,189221,买盘
706,10:25:28,28.75,0.02,6,17250,卖盘
707,10:25:34,28.77,0.02,10,28764,买盘
708,10:25:37,28.75,-0.02,4,11500,卖盘
709,10:25:48,28.75,0.0,97,278875,卖盘
710,10:26:04,28.77,0.02,25,71925,中性盘
711,10:26:07,28.75,-0.02,29,83393,卖盘
712,10:26:28,28.78,0.03,18,51774,买盘
713,10:26:40,28.86,0.08,7,20185,买盘
714,10:26:49,28.76,-0.1,3,8628,卖盘
715,10:26:52,28.76,0.0,2,5752,买盘
716,10:27:07,28.75,-0.01,18,51750,卖盘
717,10:27:25,28.75,0.0,4,11500,卖盘
718,10:27:28,28.75,0.0,3,8625,卖盘
719,10:27:43,28.76,0.01,1,2876,买盘
720,10:27:45,28.75,-0.01,5,14375,卖盘
721,10:27:52,28.75,0.0,3,8625,买盘
722,10:27:54,28.76,0.01,5,14379,买盘
723,10:28:01,28.76,0.0,4,11504,卖盘
724,10:28:06,28.76,0.0,1,2876,中性盘
725,10:28:16,28.76,0.0,2,5752,买盘
726,10:28:28,28.65,-0.11,41,117465,卖盘
727,10:28:37,28.64,-0.01,4,11456,卖盘
728,10:28:40,28.65,0.01,13,37245,买盘
729,10:28:43,28.65,0.0,7,20055,买盘
730,10:28:48,28.64,-0.01,24,68751,卖盘
731,10:28:58,28.74,0.1,1,2874,买盘
732,10:29:09,28.67,-0.07,1,2867,卖盘
733,10:29:13,28.7,0.03,7,20090,卖盘
734,10:29:24,28.7,0.0,12,34440,卖盘
735,10:29:33,28.7,0.0,10,28700,买盘
736,10:29:40,28.7,0.0,1,2870,买盘
737,10:30:10,28.7,0.0,25,71750,卖盘
738,10:30:12,28.74,0.04,13,37342,买盘
739,10:30:22,28.74,0.0,9,25866,买盘
740,10:30:28,28.74,0.0,63,181062,卖盘
741,10:30:40,28.74,0.0,1,2874,卖盘
742,10:30:43,28.77,0.03,7,20137,买盘
743,10:30:49,28.75,-0.02,27,77654,卖盘
744,10:30:52,28.74,-0.01,35,100590,卖盘
745,10:30:54,28.74,0.0,1,2874,买盘
746,10:30:58,28.74,0.0,2,5748,买盘
747,10:31:04,28.74,0.0,26,74724,买盘
748,10:31:07,28.74,0.0,1,2874,买盘
749,10:31:10,28.74,0.0,8,22984,买盘
750,10:31:16,28.74,0.0,10,28740,买盘
751,10:31:19,28.8,0.06,16,46045,买盘
752,10:31:25,28.8,0.0,52,149760,买盘
753,10:31:28,28.8,0.0,37,106439,买盘
754,10:31:49,28.74,-0.06,29,83366,卖盘
755,10:31:58,28.8,0.06,10,28800,买盘
756,10:32:07,28.76,-0.04,16,46016,卖盘
757,10:32:28,28.76,0.0,1,2876,卖盘
758,10:32:34,28.76,0.0,1,2876,买盘
759,10:32:37,28.8,0.04,105,302311,买盘
760,10:32:49,28.75,-0.05,17,48875,卖盘
761,10:33:01,28.7,-0.05,10,28700,卖盘
762,10:33:07,28.66,-0.04,2,5732,卖盘
763,10:33:13,28.67,0.01,10,28670,买盘
764,10:33:22,28.7,0.03,10,28688,买盘
765,10:33:28,28.65,-0.05,1,2865,卖盘
766,10:33:31,28.65,0.0,1,2865,买盘
767,10:33:49,28.66,0.01,10,28660,卖盘
768,10:34:06,28.65,-0.01,11,31515,卖盘
769,10:34:13,28.64,-0.01,47,134608,卖盘
770,10:34:16,28.65,0.01,9,25785,买盘
771,10:34:19,28.64,-0.01,5,14320,卖盘
772,10:34:25,28.64,0.0,9,25776,卖盘
773,10:34:27,28.64,0.0,43,123152,卖盘
774,10:34:31,28.64,0.0,12,34368,卖盘
775,10:34:34,28.64,0.0,7,20048,卖盘
776,10:34:40,28.64,0.0,9,25769,买盘
777,10:34:49,28.63,-0.01,5,14315,卖盘
778,10:34:52,28.6,-0.03,21,60139,卖盘
779,10:35:01,28.6,0.0,9,25740,卖盘
780,10:35:07,28.6,0.0,33,94433,卖盘
781,10:35:10,28.65,0.05,2,5729,买盘
782,10:35:36,28.62,-0.03,2,5724,卖盘
783,10:35:46,28.62,0.0,8,22896,买盘
784,10:35:49,28.61,-0.01,10,28624,卖盘
785,10:35:52,28.61,0.0,10,28610,买盘
786,10:36:01,28.6,-0.01,3,8580,卖盘
787,10:36:07,28.61,0.01,1,2861,买盘
788,10:36:10,28.6,-0.01,17,48629,卖盘
789,10:36:28,28.6,0.0,24,68740,卖盘
790,10:36:49,28.6,0.0,15,42904,卖盘
791,10:36:52,28.6,0.0,1,2860,买盘
792,10:36:55,28.69,0.09,1,2869,买盘
793,10:37:07,28.62,-0.07,12,34344,卖盘
794,10:37:24,28.62,0.0,2,5724,买盘
795,10:37:28,28.6,-0.02,8,22880,卖盘
796,10:37:31,28.6,0.0,9,25740,卖盘
797,10:37:37,28.6,0.0,3,8580,卖盘
798,10:37:40,28.6,0.0,6,17160,买盘
799,10:37:57,28.62,0.02,2,5724,买盘
800,10:38:07,28.6,-0.02,18,51480,卖盘
801,10:38:10,28.6,0.0,1,2860,卖盘
802,10:38:13,28.69,0.09,3,8607,买盘
803,10:38:16,28.69,0.0,2,5738,卖盘
804,10:38:25,28.61,-0.08,6,17166,卖盘
805,10:38:40,28.61,0.0,21,60081,买盘
806,10:38:49,28.62,0.01,9,25758,卖盘
807,10:39:07,28.61,-0.01,49,140195,卖盘
808,10:39:13,28.62,0.01,5,14310,买盘
809,10:39:15,28.61,-0.01,31,88696,卖盘
810,10:39:18,28.61,0.0,1,2861,买盘
811,10:39:25,28.61,0.0,10,28610,买盘
812,10:39:28,28.6,-0.01,42,120120,卖盘
813,10:39:31,28.61,0.01,5,14304,买盘
814,10:39:33,28.6,-0.01,4,11440,卖盘
815,10:39:39,28.59,-0.01,17,48603,卖盘
816,10:39:43,28.58,-0.01,27,77184,卖盘
817,10:39:45,28.56,-0.02,40,114270,卖盘
818,10:39:57,28.57,0.01,9,25713,中性盘
819,10:40:18,28.55,-0.02,5,14279,卖盘
820,10:40:30,28.56,0.01,5,14280,卖盘
821,10:40:37,28.55,-0.01,24,68520,卖盘
822,10:40:49,28.55,0.0,2,5710,卖盘
823,10:41:00,28.55,0.0,9,25695,卖盘
824,10:41:06,28.55,0.0,5,14275,卖盘
825,10:41:34,28.55,0.0,9,25695,卖盘
826,10:41:37,28.56,0.01,4,11424,买盘
827,10:41:49,28.57,0.01,3,8571,买盘
828,10:41:52,28.56,-0.01,62,177072,卖盘
829,10:41:58,28.55,-0.01,6,17130,卖盘
830,10:42:07,28.52,-0.03,10,28520,卖盘
831,10:42:09,28.51,-0.01,18,51319,卖盘
832,10:42:18,28.53,0.02,10,28530,卖盘
833,10:42:24,28.53,0.0,1,2853,买盘
834,10:42:27,28.52,-0.01,2,5703,中性盘
835,10:42:30,28.53,0.01,5,14264,买盘
836,10:42:33,28.53,0.0,4,11412,买盘
837,10:42:37,28.51,-0.02,9,25663,卖盘
838,10:42:40,28.51,0.0,1,2851,卖盘
839,10:42:43,28.56,0.05,50,142722,买盘
840,10:42:55,28.52,-0.04,1,2852,卖盘
841,10:42:58,28.52,0.0,2,5704,卖盘
842,10:43:00,28.52,0.0,3,8556,买盘
843,10:43:10,28.52,0.0,3,8555,买盘
844,10:43:12,28.51,-0.01,9,25659,卖盘
845,10:43:19,28.52,0.01,1,2852,买盘
846,10:43:43,28.52,0.0,13,37076,卖盘
847,10:43:51,28.53,0.01,1,2853,买盘
848,10:43:57,28.53,0.0,12,34236,卖盘
849,10:44:07,28.53,0.0,1,2853,买盘
850,10:44:10,28.53,0.0,4,11412,买盘
851,10:44:30,28.57,0.04,20,57140,买盘
852,10:44:46,28.6,0.03,3,8580,买盘
853,10:44:57,28.6,0.0,1,2860,买盘
854,10:45:16,28.6,0.0,6,17159,买盘
855,10:45:28,28.6,0.0,19,54340,卖盘
856,10:45:34,28.61,0.01,10,28607,买盘
857,10:45:43,28.61,0.0,6,17166,买盘
858,10:46:01,28.62,0.01,1,2862,卖盘
859,10:46:06,28.63,0.01,4,11452,卖盘
860,10:46:13,28.62,-0.01,12,34346,卖盘
861,10:46:16,28.62,0.0,3,8586,中性盘
862,10:46:25,28.61,-0.01,73,208853,卖盘
863,10:46:28,28.61,0.0,100,286100,卖盘
864,10:46:31,28.69,0.08,56,160614,买盘
865,10:46:34,28.61,-0.08,34,97274,卖盘
866,10:46:36,28.61,0.0,1,2861,买盘
867,10:46:48,28.61,0.0,4,11444,卖盘
868,10:46:55,28.61,0.0,2,5722,买盘
869,10:47:01,28.6,-0.01,7,20026,卖盘
870,10:47:07,28.6,0.0,25,71500,卖盘
871,10:47:10,28.6,0.0,50,142989,卖盘
872,10:47:13,28.6,0.0,1,2860,买盘
873,10:47:34,28.56,-0.04,6,17136,卖盘
874,10:47:42,28.59,0.03,1,2859,买盘
875,10:47:52,28.56,-0.03,1,2856,卖盘
876,10:48:06,28.57,0.01,8,22866,中性盘
877,10:48:10,28.57,0.0,1,2857,卖盘
878,10:48:16,28.58,0.01,8,22864,卖盘
879,10:48:18,28.58,0.0,1,2858,卖盘
880,10:48:25,28.57,-0.01,14,39998,卖盘
881,10:48:28,28.58,0.01,10,28579,买盘
882,10:48:31,28.56,-0.02,5,14282,卖盘
883,10:48:34,28.56,0.0,6,17136,卖盘
884,10:48:37,28.56,0.0,11,31416,卖盘
885,10:48:42,28.55,-0.01,2,5710,卖盘
886,10:48:49,28.56,0.01,30,85679,买盘
887,10:49:07,28.55,-0.01,1,2855,买盘
888,10:49:13,28.55,0.0,1,2855,买盘
889,10:49:16,28.54,-0.01,32,91339,卖盘
890,10:49:19,28.55,0.01,1,2855,中性盘
891,10:49:22,28.54,-0.01,2,5709,卖盘
892,10:49:30,28.54,0.0,10,28540,卖盘
893,10:49:46,28.54,0.0,3,8562,买盘
894,10:50:22,28.56,0.02,43,122808,买盘
895,10:50:28,28.56,0.0,24,68544,买盘
896,10:50:33,28.53,-0.03,37,105587,卖盘
897,10:51:07,28.53,0.0,33,94149,买盘
898,10:51:16,28.52,-0.01,1,2852,卖盘
899,10:51:18,28.53,0.01,5,14265,买盘
900,10:52:09,28.54,0.01,10,28540,卖盘
901,10:52:25,28.56,0.02,2,5712,卖盘
902,10:52:30,28.56,0.0,5,14280,买盘
903,10:52:33,28.54,-0.02,5,14270,中性盘
904,10:52:40,28.56,0.02,5,14280,买盘
905,10:52:49,28.55,-0.01,4,11420,中性盘
906,10:52:58,28.57,0.02,20,57103,买盘
907,10:53:10,28.55,-0.02,1,2855,卖盘
908,10:53:13,28.57,0.02,31,88567,买盘
909,10:53:16,28.54,-0.03,18,51396,卖盘
910,10:53:19,28.57,0.03,33,94245,买盘
911,10:53:25,28.57,0.0,23,65711,买盘
912,10:54:15,28.6,0.03,74,211854,卖盘
913,10:54:18,28.67,0.07,1,2867,买盘
914,10:54:31,28.69,0.02,10,28687,买盘
915,10:54:33,28.65,-0.04,28,80274,卖盘
916,10:54:43,28.65,0.0,6,17190,买盘
917,10:54:49,28.6,-0.05,8,22880,卖盘
918,10:55:07,28.6,0.0,11,31460,买盘
919,10:55:16,28.64,0.04,1,2864,买盘
920,10:55:22,28.64,0.0,3,8592,买盘
921,10:55:27,28.64,0.0,10,28645,卖盘
922,10:55:31,28.64,0.0,1,2864,买盘
923,10:55:48,28.66,0.02,6,17196,卖盘
924,10:55:57,28.66,0.0,1,2866,买盘
925,10:56:01,28.66,0.0,4,11464,买盘
926,10:56:04,28.71,0.05,2,5742,买盘
927,10:56:07,28.72,0.01,3,8616,买盘
928,10:56:09,28.72,0.0,9,25841,买盘
929,10:56:27,28.76,0.04,15,43153,卖盘
930,10:56:30,28.84,0.08,11,31689,买盘
931,10:56:33,28.85,0.01,3,8655,卖盘
932,10:56:39,28.87,0.02,14,40402,买盘
933,10:56:49,28.8,-0.07,4,11520,卖盘
934,10:56:55,28.85,0.05,2,5765,买盘
935,10:57:00,28.85,0.0,8,23080,卖盘
936,10:57:07,28.85,0.0,5,14425,买盘
937,10:57:10,28.85,0.0,14,40390,卖盘
938,10:57:13,28.85,0.0,23,66355,卖盘
939,10:57:22,28.8,-0.05,1,2880,卖盘
940,10:57:28,28.75,-0.05,8,23000,卖盘
941,10:57:48,28.76,0.01,8,23008,卖盘
942,10:57:52,28.76,0.0,4,11504,买盘
943,10:58:10,28.77,0.01,13,37401,卖盘
944,10:58:12,28.8,0.03,4,11520,买盘
945,10:58:18,28.7,-0.1,40,114921,卖盘
946,10:58:27,28.66,-0.04,2,5732,卖盘
947,10:58:48,28.66,0.0,1,2866,卖盘
948,10:59:10,28.67,0.01,6,17202,卖盘
949,10:59:13,28.67,0.0,6,17202,卖盘
950,10:59:16,28.66,-0.01,4,11464,买盘
951,10:59:21,28.66,0.0,31,88846,买盘
952,10:59:27,28.66,0.0,2,5732,中性盘
953,10:59:49,28.65,-0.01,2,5731,卖盘
954,11:00:01,28.7,0.05,1,2870,买盘
955,11:00:10,28.67,-0.03,13,37271,卖盘
956,11:00:28,28.66,-0.01,7,20062,卖盘
957,11:00:31,28.66,0.0,14,40124,买盘
958,11:00:49,28.65,-0.01,13,37245,卖盘
959,11:01:30,28.65,0.0,1,2865,卖盘
960,11:01:46,28.66,0.01,7,20062,买盘
961,11:01:49,28.66,0.0,1,2866,卖盘
962,11:01:55,28.66,0.0,1,2866,卖盘
963,11:02:27,28.68,0.02,10,28680,卖盘
964,11:02:49,28.68,0.0,13,37284,卖盘
965,11:02:54,28.67,-0.01,7,20070,卖盘
966,11:03:00,28.66,-0.01,1,2866,卖盘
967,11:03:04,28.67,0.01,12,34403,买盘
968,11:03:12,28.65,-0.02,6,17190,卖盘
969,11:03:15,28.65,0.0,3,8595,卖盘
970,11:03:18,28.65,0.0,2,5730,买盘
971,11:03:28,28.61,-0.04,4,11444,卖盘
972,11:03:31,28.61,0.0,2,5722,买盘
973,11:03:34,28.61,0.0,1,2861,买盘
974,11:03:37,28.64,0.03,6,17172,买盘
975,11:03:42,28.56,-0.08,42,120006,卖盘
976,11:03:49,28.61,0.05,1,2861,卖盘
977,11:04:07,28.61,0.0,11,31471,买盘
978,11:04:10,28.65,0.04,1,2865,买盘
979,11:04:16,28.66,0.01,12,34392,买盘
980,11:04:19,28.66,0.0,5,14330,买盘
981,11:04:25,28.69,0.03,28,80265,买盘
982,11:04:27,28.66,-0.03,28,80263,卖盘
983,11:04:49,28.72,0.06,15,43080,卖盘
984,11:05:01,28.76,0.04,2,5752,买盘
985,11:05:04,28.76,0.0,5,14380,买盘
986,11:05:10,28.76,0.0,16,45987,买盘
987,11:05:12,28.78,0.02,1,2878,中性盘
988,11:05:16,28.77,-0.01,9,25895,卖盘
989,11:05:22,28.79,0.02,32,92090,买盘
990,11:05:25,28.77,-0.02,1,2877,中性盘
991,11:05:28,28.72,-0.05,1,2872,卖盘
992,11:05:37,28.72,0.0,1,2872,卖盘
993,11:05:43,28.71,-0.01,6,17226,卖盘
994,11:05:49,28.66,-0.05,7,20062,卖盘
995,11:05:57,28.71,0.05,13,37320,买盘
996,11:06:10,28.66,-0.05,2,5732,卖盘
997,11:06:27,28.68,0.02,2,5736,买盘
998,11:06:40,28.69,0.01,10,28682,买盘
999,11:06:49,28.61,-0.08,23,65811,卖盘
1000,11:06:58,28.61,0.0,42,120164,卖盘
1001,11:07:00,28.61,0.0,9,25749,买盘
1002,11:07:07,28.6,-0.01,1,2860,卖盘
1003,11:07:10,28.61,0.01,3,8582,买盘
1004,11:07:18,28.61,0.0,11,31468,买盘
1005,11:07:28,28.61,0.0,8,22888,卖盘
1006,11:07:31,28.61,0.0,11,31471,卖盘
1007,11:07:37,28.61,0.0,5,14305,卖盘
1008,11:07:48,28.61,0.0,12,34332,卖盘
1009,11:07:51,28.62,0.01,10,28617,买盘
1010,11:08:09,28.57,-0.05,1,2857,卖盘
1011,11:08:25,28.56,-0.01,14,39991,卖盘
1012,11:08:58,28.6,0.04,3,8580,卖盘
1013,11:09:22,28.6,0.0,2,5720,买盘
1014,11:09:31,28.62,0.02,16,45778,买盘
1015,11:09:37,28.65,0.03,27,77355,卖盘
1016,11:09:43,28.65,0.0,7,20055,卖盘
1017,11:10:19,28.65,0.0,12,34380,买盘
1018,11:10:28,28.65,0.0,8,22920,卖盘
1019,11:11:31,28.66,0.01,7,20060,买盘
1020,11:11:37,28.66,0.0,7,20062,卖盘
1021,11:11:40,28.66,0.0,5,14330,卖盘
1022,11:11:42,28.66,0.0,2,5732,卖盘
1023,11:12:04,28.66,0.0,4,11464,买盘
1024,11:12:21,28.6,-0.06,2,5720,卖盘
1025,11:12:27,28.6,0.0,29,82941,卖盘
1026,11:12:49,28.6,0.0,19,54340,卖盘
1027,11:12:55,28.6,0.0,1,2860,买盘
1028,11:13:10,28.59,-0.01,1,2859,卖盘
1029,11:13:13,28.59,0.0,6,17154,卖盘
1030,11:13:18,28.6,0.01,3,8580,买盘
1031,11:13:28,28.6,0.0,21,60061,卖盘
1032,11:13:49,28.66,0.06,4,11464,卖盘
1033,11:13:52,28.66,0.0,1,2866,买盘
1034,11:14:10,28.62,-0.04,10,28620,卖盘
1035,11:14:19,28.66,0.04,20,57308,买盘
1036,11:14:22,28.67,0.01,5,14333,买盘
1037,11:14:31,28.61,-0.06,19,54360,卖盘
1038,11:14:49,28.62,0.01,5,14310,卖盘
1039,11:15:01,28.62,0.0,2,5724,买盘
1040,11:15:10,28.63,0.01,11,31493,卖盘
1041,11:15:31,28.64,0.01,9,25776,卖盘
1042,11:15:49,28.64,0.0,29,83122,卖盘
1043,11:15:58,28.7,0.06,2,5740,买盘
1044,11:16:07,28.69,-0.01,1,2869,卖盘
1045,11:16:16,28.68,-0.01,4,11472,买盘
1046,11:16:28,28.69,0.01,3,8607,中性盘
1047,11:16:31,28.68,-0.01,18,51628,卖盘
1048,11:16:37,28.7,0.02,10,28682,买盘
1049,11:16:49,28.64,-0.06,23,65872,卖盘
1050,11:17:01,28.69,0.05,4,11475,买盘
1051,11:17:04,28.69,0.0,10,28690,买盘
1052,11:17:10,28.69,0.0,10,28690,卖盘
1053,11:17:13,28.69,0.0,4,11476,卖盘
1054,11:17:19,28.69,0.0,38,109022,卖盘
1055,11:17:31,28.66,-0.03,1,2866,卖盘
1056,11:17:49,28.65,-0.01,2,5730,卖盘
1057,11:17:52,28.65,0.0,20,57300,买盘
1058,11:17:54,28.64,-0.01,14,40096,卖盘
1059,11:18:07,28.65,0.01,4,11460,买盘
1060,11:18:10,28.64,-0.01,26,74480,卖盘
1061,11:18:19,28.64,0.0,1,2864,卖盘
1062,11:18:21,28.66,0.02,5,14330,买盘
1063,11:18:30,28.64,-0.02,15,42960,卖盘
1064,11:18:40,28.6,-0.04,2,5720,卖盘
1065,11:18:49,28.6,0.0,13,37180,卖盘
1066,11:19:10,28.6,0.0,5,14300,买盘
1067,11:19:28,28.6,0.0,5,14300,买盘
1068,11:19:49,28.6,0.0,2,5720,卖盘
1069,11:19:55,28.6,0.0,11,31460,买盘
1070,11:20:10,28.61,0.01,19,54359,卖盘
1071,11:20:31,28.61,0.0,15,42915,卖盘
1072,11:20:37,28.61,0.0,2,5722,买盘
1073,11:20:49,28.61,0.0,19,54359,卖盘
1074,11:21:09,28.63,0.02,21,60123,卖盘
1075,11:21:31,28.63,0.0,5,14315,卖盘
1076,11:21:40,28.62,-0.01,1,2862,卖盘
1077,11:21:45,28.63,0.01,2,5726,买盘
1078,11:21:49,28.62,-0.01,9,25765,卖盘
1079,11:22:06,28.62,0.0,1,2862,卖盘
1080,11:22:10,28.61,-0.01,15,42917,卖盘
1081,11:22:16,28.6,-0.01,11,31480,卖盘
1082,11:22:31,28.6,0.0,8,22887,卖盘
1083,11:22:37,28.6,0.0,11,31460,卖盘
1084,11:22:40,28.6,0.0,1,2860,卖盘
1085,11:22:42,28.6,0.0,1,2860,中性盘
1086,11:22:55,28.61,0.01,1,2861,买盘
1087,11:23:01,28.61,0.0,4,11444,卖盘
1088,11:23:09,28.61,0.0,13,37193,卖盘
1089,11:23:31,28.6,-0.01,5,14300,卖盘
1090,11:23:34,28.6,0.0,3,8580,买盘
1091,11:23:37,28.6,0.0,1,2860,买盘
1092,11:23:39,28.6,0.0,1,2860,买盘
1093,11:23:49,28.6,0.0,12,34328,卖盘
1094,11:24:09,28.6,0.0,9,25740,卖盘
1095,11:24:16,28.6,0.0,1,2860,卖盘
1096,11:24:25,28.6,0.0,1,2860,卖盘
1097,11:24:31,28.6,0.0,11,31460,卖盘
1098,11:24:48,28.6,0.0,6,17160,卖盘
1099,11:24:55,28.59,-0.01,9,25739,卖盘
1100,11:25:27,28.59,0.0,1,2859,卖盘
1101,11:25:46,28.56,-0.03,48,137185,卖盘
1102,11:25:49,28.56,0.0,5,14280,卖盘
1103,11:26:01,28.56,0.0,11,31416,卖盘
1104,11:26:16,28.57,0.01,2,5714,卖盘
1105,11:26:19,28.59,0.02,9,25731,买盘
1106,11:26:22,28.57,-0.02,3,8573,卖盘
1107,11:26:33,28.57,0.0,1,2857,卖盘
1108,11:26:40,28.64,0.07,59,168935,买盘
1109,11:26:52,28.64,0.0,5,14320,卖盘
1110,11:27:01,28.64,0.0,21,60144,卖盘
1111,11:27:09,28.63,-0.01,5,14315,买盘
1112,11:27:22,28.63,0.0,4,11452,卖盘
1113,11:27:28,28.63,0.0,35,100205,买盘
1114,11:27:46,28.64,0.01,1,2864,买盘
1115,11:27:49,28.63,-0.01,314,898982,卖盘
1116,11:28:10,28.58,-0.05,1,2858,卖盘
1117,11:28:25,28.55,-0.03,52,148543,卖盘
1118,11:29:21,28.55,0.0,1,2855,卖盘
1119,13:00:05,28.63,0.08,23,65843,买盘
1120,13:00:07,28.57,-0.06,19,54291,卖盘
1121,13:00:48,28.59,0.02,7,20013,中性盘
1122,13:01:01,28.56,-0.03,1,2856,卖盘
1123,13:01:09,28.56,0.0,5,14280,买盘
1124,13:01:42,28.59,0.03,1,2859,买盘
1125,13:01:52,28.56,-0.03,1,2856,卖盘
1126,13:02:30,28.59,0.03,1,2859,买盘
1127,13:02:40,28.56,-0.03,2,5712,卖盘
1128,13:03:00,28.56,0.0,3,8568,卖盘
1129,13:03:13,28.56,0.0,6,17136,卖盘
1130,13:04:01,28.56,0.0,2,5712,卖盘
1131,13:05:00,28.56,0.0,3,8568,卖盘
1132,13:05:04,28.58,0.02,1,2858,买盘
1133,13:05:10,28.58,0.0,3,8574,买盘
1134,13:05:43,28.58,0.0,1,2858,买盘
1135,13:06:00,28.56,-0.02,3,8568,卖盘
1136,13:07:00,28.56,0.0,3,8568,卖盘
1137,13:07:30,28.58,0.02,5,14290,买盘
1138,13:07:57,28.58,0.0,3,8574,买盘
1139,13:08:01,28.58,0.0,4,11432,买盘
1140,13:08:10,28.58,0.0,3,8574,卖盘
1141,13:08:16,28.59,0.01,1,2859,买盘
1142,13:08:31,28.59,0.0,3,8577,买盘
1143,13:08:54,28.6,0.01,7,20020,买盘
1144,13:09:04,28.63,0.03,4,11452,买盘
1145,13:09:10,28.6,-0.03,22,62935,卖盘
1146,13:09:13,28.66,0.06,14,40115,买盘
1147,13:09:30,28.67,0.01,4,11468,卖盘
1148,13:09:36,28.72,0.05,19,54512,买盘
1149,13:09:42,28.72,0.0,7,20104,卖盘
1150,13:09:51,28.68,-0.04,34,97512,卖盘
1151,13:10:04,28.68,0.0,1,2868,卖盘
1152,13:10:06,28.68,0.0,15,43020,卖盘
1153,13:10:09,28.69,0.01,33,94621,买盘
1154,13:10:12,28.66,-0.03,5,14330,中性盘
1155,13:10:19,28.65,-0.01,1,2865,中性盘
1156,13:10:33,28.65,0.0,3,8595,买盘
1157,13:10:52,28.6,-0.05,5,14300,卖盘
1158,13:10:54,28.64,0.04,10,28612,买盘
1159,13:10:58,28.65,0.01,1,2865,买盘
1160,13:11:00,28.64,-0.01,2,5729,卖盘
1161,13:11:12,28.6,-0.04,4,11440,买盘
1162,13:11:15,28.59,-0.01,7,20013,卖盘
1163,13:11:22,28.6,0.01,5,14299,买盘
1164,13:12:01,28.59,-0.01,3,8577,卖盘
1165,13:12:04,28.58,-0.01,1,2858,卖盘
1166,13:12:15,28.6,0.02,1,2860,买盘
1167,13:12:28,28.59,-0.01,30,85770,买盘
1168,13:12:30,28.58,-0.01,1,2858,卖盘
1169,13:12:36,28.58,0.0,1,2858,卖盘
1170,13:12:39,28.58,0.0,3,8574,卖盘
1171,13:12:42,28.58,0.0,5,14290,卖盘
1172,13:12:55,28.57,-0.01,1,2857,卖盘
1173,13:13:00,28.56,-0.01,3,8568,卖盘
1174,13:13:19,28.56,0.0,9,25704,卖盘
1175,13:13:28,28.55,-0.01,11,31410,卖盘
1176,13:13:36,28.57,0.02,1,2857,买盘
1177,13:13:43,28.57,0.0,1,2857,买盘
1178,13:13:48,28.58,0.01,1,2858,买盘
1179,13:13:55,28.59,0.01,20,57178,买盘
1180,13:14:01,28.57,-0.02,20,57120,卖盘
1181,13:14:06,28.59,0.02,23,65751,买盘
1182,13:14:19,28.55,-0.04,58,165590,卖盘
1183,13:14:21,28.55,0.0,11,31405,买盘
1184,13:14:27,28.55,0.0,6,17125,买盘
1185,13:14:33,28.55,0.0,2,5709,买盘
1186,13:14:49,28.55,0.0,23,65665,买盘
1187,13:14:52,28.54,-0.01,9,25687,卖盘
1188,13:15:01,28.55,0.01,3,8565,卖盘
1189,13:15:18,28.58,0.03,1,2858,买盘
1190,13:15:34,28.55,-0.03,10,28550,卖盘
1191,13:16:01,28.55,0.0,3,8565,卖盘
1192,13:16:04,28.56,0.01,3,8572,中性盘
1193,13:16:07,28.56,0.0,1,2856,卖盘
1194,13:16:09,28.56,0.0,1,2856,卖盘
1195,13:16:15,28.56,0.0,2,5712,卖盘
1196,13:16:40,28.55,-0.01,5,14275,卖盘
1197,13:16:55,28.56,0.01,50,142800,中性盘
1198,13:17:01,28.56,0.0,50,142800,卖盘
1199,13:17:04,28.5,-0.06,180,513225,卖盘
1200,13:17:07,28.5,0.0,8,22800,买盘
1201,13:17:10,28.5,0.0,1,2850,买盘
1202,13:17:25,28.46,-0.04,5,14230,卖盘
1203,13:17:33,28.45,-0.01,11,31295,卖盘
1204,13:17:39,28.45,0.0,4,11380,卖盘
1205,13:17:43,28.45,0.0,1,2845,买盘
1206,13:17:46,28.44,-0.01,5,14220,卖盘
1207,13:17:51,28.45,0.01,34,96730,买盘
1208,13:17:54,28.45,0.0,27,76815,买盘
1209,13:17:58,28.43,-0.02,53,150700,卖盘
1210,13:18:01,28.43,0.0,1,2843,买盘
1211,13:18:07,28.43,0.0,22,62534,买盘
1212,13:18:10,28.44,0.01,44,125147,卖盘
1213,13:18:15,28.41,-0.03,5,14205,中性盘
1214,13:18:22,28.4,-0.01,82,232882,卖盘
1215,13:18:31,28.41,0.01,2,5682,中性盘
1216,13:18:33,28.42,0.01,10,28416,买盘
1217,13:18:36,28.42,0.0,12,34104,买盘
1218,13:18:45,28.4,-0.02,3,8521,卖盘
1219,13:19:07,28.44,0.04,19,54036,买盘
1220,13:19:09,28.44,0.0,3,8532,中性盘
1221,13:19:19,28.47,0.03,1,2847,买盘
1222,13:19:31,28.47,0.0,50,142352,卖盘
1223,13:19:39,28.48,0.01,30,85442,卖盘
1224,13:19:43,28.48,0.0,22,62656,买盘
1225,13:19:45,28.54,0.06,18,51332,买盘
1226,13:19:52,28.54,0.0,14,39956,卖盘
1227,13:19:54,28.54,0.0,11,31394,卖盘
1228,13:19:58,28.54,0.0,2,5708,卖盘
1229,13:20:04,28.53,-0.01,1,2853,中性盘
1230,13:20:07,28.48,-0.05,1,2848,卖盘
1231,13:20:13,28.48,0.0,53,150942,卖盘
1232,13:20:22,28.45,-0.03,3,8535,卖盘
1233,13:20:25,28.48,0.03,1,2848,买盘
1234,13:20:27,28.45,-0.03,2,5690,卖盘
1235,13:20:31,28.45,0.0,1,2845,卖盘
1236,13:20:40,28.45,0.0,7,19903,买盘
1237,13:20:43,28.43,-0.02,3,8529,卖盘
1238,13:20:46,28.43,0.0,15,42646,卖盘
1239,13:20:48,28.44,0.01,1,2844,买盘
1240,13:20:52,28.42,-0.02,4,11370,卖盘
1241,13:20:55,28.42,0.0,2,5684,卖盘
1242,13:21:01,28.4,-0.02,2,5680,卖盘
1243,13:21:04,28.4,0.0,3,8520,买盘
1244,13:21:09,28.38,-0.02,4,11352,卖盘
1245,13:21:13,28.38,0.0,2,5676,卖盘
1246,13:21:19,28.35,-0.03,23,65219,卖盘
1247,13:21:28,28.35,0.0,15,42525,卖盘
1248,13:21:33,28.35,0.0,81,228913,买盘
1249,13:21:37,28.19,-0.16,38,107159,卖盘
1250,13:21:42,28.18,-0.01,30,84547,卖盘
1251,13:21:49,28.2,0.02,6,16930,卖盘
1252,13:21:52,28.18,-0.02,25,70476,卖盘
1253,13:21:55,28.17,-0.01,50,140859,卖盘
1254,13:22:01,28.17,0.0,48,135216,卖盘
1255,13:22:04,28.18,0.01,33,92985,买盘
1256,13:22:06,28.16,-0.02,50,140800,卖盘
1257,13:22:10,28.17,0.01,68,191528,买盘
1258,13:22:13,28.17,0.0,27,76042,买盘
1259,13:22:19,28.17,0.0,91,256310,买盘
1260,13:22:21,28.16,-0.01,18,50651,买盘
1261,13:22:28,28.16,0.0,4,11264,买盘
1262,13:22:30,28.15,-0.01,4,11261,中性盘
1263,13:22:34,28.15,0.0,13,36595,买盘
1264,13:22:40,28.1,-0.05,30,84360,卖盘
1265,13:22:49,28.13,0.03,7,19694,卖盘
1266,13:22:52,28.09,-0.04,29,81528,卖盘
1267,13:22:55,28.13,0.04,1,2813,买盘
1268,13:22:57,28.13,0.0,30,84390,买盘
1269,13:23:01,28.13,0.0,1,2813,买盘
1270,13:23:04,28.13,0.0,1,2813,买盘
1271,13:23:07,28.12,-0.01,6,16872,买盘
1272,13:23:13,28.1,-0.02,4,11240,卖盘
1273,13:23:16,28.1,0.0,25,70254,卖盘
1274,13:23:19,28.1,0.0,1,2810,买盘
1275,13:23:22,28.09,-0.01,11,30893,卖盘
1276,13:23:25,28.1,0.01,10,28098,买盘
1277,13:23:30,28.08,-0.02,13,36504,卖盘
1278,13:23:40,28.08,0.0,3,8424,买盘
1279,13:23:51,28.07,-0.01,16,44923,卖盘
1280,13:23:54,28.06,-0.01,65,182438,卖盘
1281,13:23:58,28.06,0.0,49,137494,卖盘
1282,13:24:01,28.06,0.0,30,84180,买盘
1283,13:24:04,28.05,-0.01,13,36465,卖盘
1284,13:24:06,28.06,0.01,1,2806,买盘
1285,13:24:12,28.05,-0.01,4,11220,卖盘
1286,13:24:21,28.05,0.0,16,44884,卖盘
1287,13:24:25,28.03,-0.02,155,434533,卖盘
1288,13:24:30,28.0,-0.03,109,305250,卖盘
1289,13:24:33,28.0,0.0,149,417200,卖盘
1290,13:24:37,28.0,0.0,31,86803,卖盘
1291,13:24:45,27.95,-0.05,2,5593,卖盘
1292,13:24:48,27.94,-0.01,1,2794,买盘
1293,13:24:52,27.94,0.0,1,2794,买盘
1294,13:24:58,27.96,0.02,3,8388,买盘
1295,13:25:01,27.99,0.03,3,8397,卖盘
1296,13:25:04,27.94,-0.05,2,5588,卖盘
1297,13:25:06,27.94,0.0,35,97862,卖盘
1298,13:25:09,27.85,-0.09,75,209328,卖盘
1299,13:25:13,27.83,-0.02,115,320045,买盘
1300,13:25:16,27.83,0.0,5,13915,买盘
1301,13:25:18,27.83,0.0,82,228206,买盘
1302,13:25:22,27.81,-0.02,42,116888,卖盘
1303,13:25:24,27.89,0.08,1,2789,买盘
1304,13:25:28,27.83,-0.06,15,41745,卖盘
1305,13:25:33,27.83,0.0,61,169713,卖盘
1306,13:25:37,27.82,-0.01,16,44511,卖盘
1307,13:25:40,27.83,0.01,9,25043,买盘
1308,13:25:43,27.83,0.0,2,5566,买盘
1309,13:25:45,27.89,0.06,35,97429,买盘
1310,13:25:48,27.83,-0.06,7,19485,卖盘
1311,13:25:52,27.83,0.0,4,11132,卖盘
1312,13:25:54,27.83,0.0,4,11134,卖盘
1313,13:25:57,27.83,0.0,7,19491,卖盘
1314,13:26:01,27.89,0.06,8,22276,买盘
1315,13:26:04,27.88,-0.01,5,13940,中性盘
1316,13:26:06,27.84,-0.04,28,78057,卖盘
1317,13:26:10,27.84,0.0,151,421369,卖盘
1318,13:26:24,27.89,0.05,5,13961,卖盘
1319,13:26:28,27.88,-0.01,38,106009,卖盘
1320,13:26:31,27.92,0.04,1,2792,买盘
1321,13:26:40,27.94,0.02,19,53044,买盘
1322,13:26:42,27.92,-0.02,1,2792,卖盘
1323,13:26:48,27.92,0.0,10,27920,卖盘
1324,13:26:51,27.92,0.0,5,13960,卖盘
1325,13:26:54,27.94,0.02,18,50289,买盘
1326,13:26:57,27.9,-0.04,18,50227,卖盘
1327,13:27:01,27.9,0.0,4,11160,卖盘
1328,13:27:04,27.92,0.02,10,27910,买盘
1329,13:27:07,27.94,0.02,10,27940,买盘
1330,13:27:10,27.94,0.0,10,27940,买盘
1331,13:27:16,27.94,0.0,4,11176,买盘
1332,13:27:19,27.93,-0.01,2,5586,卖盘
1333,13:27:22,27.94,0.01,3,8382,买盘
1334,13:27:27,27.93,-0.01,4,11174,卖盘
1335,13:27:34,27.94,0.01,41,114477,买盘
1336,13:27:36,27.88,-0.06,5,13948,卖盘
1337,13:27:42,27.92,0.04,2,5585,中性盘
1338,13:27:46,27.88,-0.04,3,8364,卖盘
1339,13:27:52,27.91,0.03,2,5582,中性盘
1340,13:27:55,27.9,-0.01,11,30708,卖盘
1341,13:28:01,27.9,0.0,3,8370,卖盘
1342,13:28:06,27.92,0.02,4,11168,买盘
1343,13:28:09,27.9,-0.02,2,5580,卖盘
1344,13:28:25,27.9,0.0,11,30690,卖盘
1345,13:28:27,27.9,0.0,14,39060,买盘
1346,13:28:37,27.9,0.0,1,2790,买盘
1347,13:28:43,27.9,0.0,18,50220,买盘
1348,13:28:45,27.9,0.0,5,13948,买盘
1349,13:28:48,27.89,-0.01,30,83670,卖盘
1350,13:28:54,27.9,0.01,1,2790,买盘
1351,13:28:57,27.88,-0.02,51,142203,卖盘
1352,13:29:00,27.89,0.01,3,8368,中性盘
1353,13:29:13,27.88,-0.01,4,11152,卖盘
1354,13:29:16,27.9,0.02,2,5580,买盘
1355,13:29:22,27.88,-0.02,10,27881,卖盘
1356,13:29:27,27.94,0.06,320,891867,买盘
1357,13:29:36,27.88,-0.06,2,5576,买盘
1358,13:29:43,27.8,-0.08,126,350522,卖盘
1359,13:30:04,27.88,0.08,7,19537,卖盘
1360,13:30:09,27.92,0.04,1,2792,卖盘
1361,13:30:16,27.93,0.01,20,55860,买盘
1362,13:30:19,27.92,-0.01,1,2792,买盘
1363,13:30:22,27.92,0.0,13,36296,买盘
1364,13:30:55,27.93,0.01,50,139603,买盘
1365,13:31:04,27.94,0.01,13,36322,买盘
1366,13:31:12,27.96,0.02,8,22368,卖盘
1367,13:31:33,28.0,0.04,5,13999,买盘
1368,13:31:40,27.96,-0.04,1,2796,卖盘
1369,13:31:55,28.0,0.04,4,11200,买盘
1370,13:32:01,27.96,-0.04,16,44736,卖盘
1371,13:32:09,27.96,0.0,1,2796,买盘
1372,13:32:13,27.96,0.0,1,2796,买盘
1373,13:32:22,27.96,0.0,6,16776,买盘
1374,13:32:25,27.95,-0.01,2,5590,卖盘
1375,13:32:27,27.93,-0.02,27,75420,卖盘
1376,13:32:31,27.95,0.02,1,2795,买盘
1377,13:32:43,27.93,-0.02,13,36309,卖盘
1378,13:32:55,27.92,-0.01,4,11168,买盘
1379,13:32:58,27.9,-0.02,1,2790,卖盘
1380,13:33:01,27.9,0.0,3,8370,卖盘
1381,13:33:13,27.92,0.02,16,44672,买盘
1382,13:33:19,27.9,-0.02,6,16740,卖盘
1383,13:33:22,27.92,0.02,1,2792,买盘
1384,13:33:24,27.9,-0.02,23,64171,卖盘
1385,13:33:49,27.9,0.0,1,2790,卖盘
1386,13:33:57,27.92,0.02,2,5584,买盘
1387,13:34:10,27.95,0.03,1,2795,买盘
1388,13:34:13,27.9,-0.05,27,75354,卖盘
1389,13:34:19,27.95,0.05,2,5590,买盘
1390,13:34:22,27.95,0.0,15,41925,买盘
1391,13:34:27,27.95,0.0,1,2795,买盘
1392,13:34:42,27.93,-0.02,12,33516,卖盘
1393,13:34:51,27.92,-0.01,4,11168,卖盘
1394,13:34:58,27.93,0.01,3,8379,买盘
1395,13:35:13,27.92,-0.01,4,11168,卖盘
1396,13:35:16,27.93,0.01,3,8377,买盘
1397,13:35:25,27.93,0.0,3,8379,买盘
1398,13:35:37,27.93,0.0,1,2793,买盘
1399,13:35:49,27.91,-0.02,6,16750,卖盘
1400,13:35:55,27.92,0.01,1,2792,卖盘
1401,13:36:01,27.92,0.0,6,16756,卖盘
1402,13:36:13,27.93,0.01,5,13965,买盘
1403,13:36:15,27.93,0.0,1,2793,买盘
1404,13:36:25,27.93,0.0,3,8379,买盘
1405,13:36:33,27.93,0.0,55,153615,买盘
1406,13:36:40,27.92,-0.01,8,22340,卖盘
1407,13:36:43,27.91,-0.01,19,53029,卖盘
1408,13:37:07,27.92,0.01,4,11168,卖盘
1409,13:37:13,27.92,0.0,3,8376,卖盘
1410,13:37:19,27.92,0.0,5,13960,买盘
1411,13:37:22,27.92,0.0,2,5584,买盘
1412,13:37:28,27.89,-0.03,68,189732,卖盘
1413,13:37:31,27.89,0.0,2,5578,买盘
1414,13:37:34,27.88,-0.01,49,136617,卖盘
1415,13:37:36,27.88,0.0,22,61336,卖盘
1416,13:37:39,27.89,0.01,40,111395,买盘
1417,13:37:43,27.89,0.0,2,5577,买盘
1418,13:37:46,27.89,0.0,6,16734,卖盘
1419,13:37:52,27.89,0.0,2,5578,卖盘
1420,13:37:55,27.89,0.0,3,8367,中性盘
1421,13:37:57,27.81,-0.08,15,41777,卖盘
1422,13:38:04,27.92,0.11,145,404691,买盘
1423,13:38:09,27.8,-0.12,245,680633,卖盘
1424,13:38:12,27.92,0.12,1,2792,买盘
1425,13:38:46,27.85,-0.07,1,2785,买盘
1426,13:38:54,27.85,0.0,5,13925,买盘
1427,13:38:58,27.85,0.0,1,2785,买盘
1428,13:39:01,27.85,0.0,8,22274,买盘
1429,13:39:04,27.85,0.0,3,8355,买盘
1430,13:39:09,27.9,0.05,22,61380,买盘
1431,13:39:13,27.88,-0.02,4,11152,卖盘
1432,13:39:15,27.9,0.02,2,5580,买盘
1433,13:39:27,27.9,0.0,6,16740,卖盘
1434,13:39:34,27.9,0.0,3,8370,买盘
1435,13:39:45,27.86,-0.04,2,5572,卖盘
1436,13:39:48,27.85,-0.01,50,139254,卖盘
1437,13:39:52,27.86,0.01,5,13930,买盘
1438,13:39:55,27.8,-0.06,97,269882,卖盘
1439,13:40:04,27.85,0.05,35,97395,买盘
1440,13:40:07,27.8,-0.05,30,83400,卖盘
1441,13:40:10,27.8,0.0,10,27800,卖盘
1442,13:40:13,27.85,0.05,8,22280,买盘
1443,13:40:16,27.8,-0.05,27,75074,卖盘
1444,13:40:24,27.82,0.02,2,5564,卖盘
1445,13:40:31,27.85,0.03,2,5570,买盘
1446,13:40:34,27.82,-0.03,3,8346,卖盘
1447,13:40:37,27.8,-0.02,10,27800,卖盘
1448,13:40:40,27.82,0.02,1,2782,买盘
1449,13:40:46,27.81,-0.01,10,27810,中性盘
1450,13:40:48,27.85,0.04,20,55670,买盘
1451,13:40:51,27.8,-0.05,21,58403,卖盘
1452,13:41:01,27.81,0.01,4,11126,中性盘
1453,13:41:04,27.85,0.04,6,16704,买盘
1454,13:41:16,27.81,-0.04,34,94579,卖盘
1455,13:41:34,27.85,0.04,3,8355,买盘
1456,13:41:37,27.89,0.04,7,19511,买盘
1457,13:41:46,27.89,0.0,13,36257,买盘
1458,13:41:52,27.9,0.01,6,16739,买盘
1459,13:41:54,27.9,0.0,1,2790,买盘
1460,13:41:57,27.92,0.02,13,36281,买盘
1461,13:42:04,27.92,0.0,6,16752,买盘
1462,13:42:07,27.92,0.0,2,5584,买盘
1463,13:42:09,27.92,0.0,3,8376,卖盘
1464,13:42:19,27.94,0.02,6,16763,买盘
1465,13:42:22,27.94,0.0,11,30734,卖盘
1466,13:42:27,28.0,0.06,3,8400,买盘
1467,13:42:31,27.94,-0.06,33,92299,卖盘
1468,13:42:33,28.09,0.15,10,28041,买盘
1469,13:42:52,28.09,0.0,20,56162,买盘
1470,13:42:58,28.07,-0.02,1,2807,买盘
1471,13:43:07,28.0,-0.07,15,42033,卖盘
1472,13:43:09,28.03,0.03,2,5607,中性盘
1473,13:43:13,28.08,0.05,21,58866,买盘
1474,13:43:39,28.0,-0.08,7,19605,卖盘
1475,13:43:48,28.0,0.0,30,84000,买盘
1476,13:43:58,28.0,0.0,5,14000,买盘
1477,13:44:00,27.98,-0.02,3,8394,卖盘
1478,13:44:04,28.0,0.02,3,8400,买盘
1479,13:44:16,27.98,-0.02,7,19586,卖盘
1480,13:44:22,27.98,0.0,6,16788,买盘
1481,13:44:25,27.97,-0.01,6,16782,卖盘
1482,13:44:30,27.97,0.0,6,16782,卖盘
1483,13:44:33,27.97,0.0,2,5594,卖盘
1484,13:44:37,27.97,0.0,2,5594,卖盘
1485,13:44:43,27.96,-0.01,3,8388,卖盘
1486,13:44:45,27.96,0.0,1,2796,卖盘
1487,13:44:52,27.96,0.0,1,2796,卖盘
1488,13:44:55,27.96,0.0,1,2796,买盘
1489,13:44:58,27.95,-0.01,5,13975,卖盘
1490,13:45:04,27.94,-0.01,2,5588,卖盘
1491,13:45:07,27.95,0.01,1,2795,卖盘
1492,13:45:22,27.93,-0.02,1,2793,买盘
1493,13:45:24,27.9,-0.03,1,2790,卖盘
1494,13:45:37,27.82,-0.08,43,119719,卖盘
1495,13:45:40,27.82,0.0,5,13910,买盘
1496,13:45:52,27.82,0.0,54,150228,买盘
1497,13:46:00,27.81,-0.01,34,94584,卖盘
1498,13:46:04,27.82,0.01,115,319911,买盘
1499,13:46:07,27.82,0.0,23,63986,买盘
1500,13:46:09,27.82,0.0,4,11128,卖盘
1501,13:46:19,27.82,0.0,20,55710,卖盘
1502,13:46:48,27.9,0.08,16,44650,卖盘
1503,13:47:46,27.92,0.02,5,13960,买盘
1504,13:47:49,27.94,0.02,2,5587,买盘
1505,13:48:51,27.97,0.03,1,2797,买盘
1506,13:48:58,27.95,-0.02,4,11180,卖盘
1507,13:49:04,27.97,0.02,17,47526,买盘
1508,13:49:19,27.92,-0.05,17,47520,卖盘
1509,13:49:37,28.0,0.08,1,2800,买盘
1510,13:49:55,28.0,0.0,7,19600,买盘
1511,13:50:01,27.94,-0.06,4,11176,卖盘
1512,13:50:15,27.95,0.01,1,2795,卖盘
1513,13:50:18,28.0,0.05,1,2800,买盘
1514,13:50:55,28.0,0.0,1,2800,买盘
1515,13:50:58,27.95,-0.05,7,19565,卖盘
1516,13:51:04,27.95,0.0,1,2795,买盘
1517,13:51:22,27.94,-0.01,15,41915,卖盘
1518,13:52:01,27.93,-0.01,11,30728,卖盘
1519,13:52:04,27.94,0.01,1,2794,买盘
1520,13:52:07,27.93,-0.01,1,2793,卖盘
1521,13:52:31,27.92,-0.01,71,198232,卖盘
1522,13:52:34,27.92,0.0,22,61424,卖盘
1523,13:52:37,27.92,0.0,19,53048,卖盘
1524,13:52:39,27.9,-0.02,29,80964,卖盘
1525,13:52:46,27.88,-0.02,9,25092,买盘
1526,13:53:01,27.88,0.0,3,8364,卖盘
1527,13:53:10,27.88,0.0,3,8364,买盘
1528,13:53:25,27.85,-0.03,21,58487,卖盘
1529,13:53:30,27.87,0.02,2,5574,买盘
1530,13:53:37,27.87,0.0,1,2787,买盘
1531,13:53:48,27.88,0.01,4,11152,买盘
1532,13:53:52,27.88,0.0,2,5576,买盘
1533,13:53:55,27.88,0.0,2,5576,买盘
1534,13:53:58,27.88,0.0,5,13940,买盘
1535,13:54:01,27.87,-0.01,7,19513,卖盘
1536,13:54:10,27.87,0.0,3,8361,卖盘
1537,13:54:18,27.87,0.0,1,2787,买盘
1538,13:54:22,27.87,0.0,1,2787,买盘
1539,13:54:27,27.87,0.0,10,27870,买盘
1540,13:54:40,27.87,0.0,1,2787,买盘
1541,13:55:01,27.88,0.01,5,13936,中性盘
1542,13:55:07,27.91,0.03,1,2791,买盘
1543,13:55:25,27.91,0.0,4,11164,买盘
1544,13:55:49,27.91,0.0,3,8373,卖盘
1545,13:55:52,27.93,0.02,1,2793,买盘
1546,13:55:58,27.93,0.0,1,2793,买盘
1547,13:56:28,27.91,-0.02,6,16746,卖盘
1548,13:56:33,27.91,0.0,1,2791,买盘
1549,13:57:01,27.9,-0.01,2,5580,卖盘
1550,13:57:13,27.88,-0.02,6,16728,卖盘
1551,13:57:22,27.91,0.03,1,2791,买盘
1552,13:58:01,27.88,-0.03,4,11152,卖盘
1553,13:58:22,27.91,0.03,1,2791,买盘
1554,13:58:25,27.91,0.0,23,64193,买盘
1555,13:58:43,27.89,-0.02,19,53006,卖盘
1556,13:59:48,27.93,0.04,5,13965,买盘
1557,13:59:51,27.92,-0.01,5,13961,卖盘
1558,13:59:54,27.92,0.0,4,11168,卖盘
1559,13:59:58,27.92,0.0,1,2792,买盘
1560,14:00:01,27.91,-0.01,2,5582,卖盘
1561,14:00:25,27.87,-0.04,82,228672,卖盘
1562,14:00:36,27.9,0.03,1,2790,买盘
1563,14:00:39,27.87,-0.03,9,25083,卖盘
1564,14:00:46,27.87,0.0,10,27870,卖盘
1565,14:00:49,27.87,0.0,6,16722,卖盘
1566,14:01:01,27.84,-0.03,4,11136,卖盘
1567,14:01:13,27.84,0.0,2,5568,卖盘
1568,14:01:16,27.83,-0.01,1,2783,卖盘
1569,14:01:22,27.84,0.01,1,2784,买盘
1570,14:01:25,27.83,-0.01,3,8349,卖盘
1571,14:01:28,27.82,-0.01,13,36168,卖盘
1572,14:01:31,27.8,-0.02,41,114028,卖盘
1573,14:01:33,27.8,0.0,40,111200,卖盘
1574,14:01:37,27.8,0.0,48,133440,卖盘
1575,14:01:46,27.76,-0.04,25,69431,卖盘
1576,14:01:49,27.77,0.01,1,2777,买盘
1577,14:01:55,27.77,0.0,17,47091,买盘
1578,14:02:04,27.65,-0.12,5,13829,卖盘
1579,14:02:07,27.65,0.0,9,24885,买盘
1580,14:02:10,27.66,0.01,14,38714,买盘
1581,14:02:13,27.62,-0.04,5,13823,卖盘
1582,14:02:16,27.63,0.01,17,46980,中性盘
1583,14:02:22,27.62,-0.01,23,63536,卖盘
1584,14:02:34,27.73,0.11,2,5546,买盘
1585,14:02:43,27.74,0.01,4,11096,买盘
1586,14:02:45,27.66,-0.08,16,44339,卖盘
1587,14:02:49,27.73,0.07,11,30440,买盘
1588,14:02:55,27.73,0.0,30,83155,买盘
1589,14:03:01,27.73,0.0,9,24951,买盘
1590,14:03:07,27.7,-0.03,20,55400,买盘
1591,14:03:10,27.7,0.0,10,27712,卖盘
1592,14:03:13,27.73,0.03,3,8323,卖盘
1593,14:03:16,27.73,0.0,39,108147,卖盘
1594,14:03:21,27.76,0.03,8,22208,买盘
1595,14:03:25,27.73,-0.03,34,94345,卖盘
1596,14:03:33,27.72,-0.01,28,77639,卖盘
1597,14:03:36,27.72,0.0,1,2772,卖盘
1598,14:03:40,27.73,0.01,6,16638,买盘
1599,14:03:46,27.72,-0.01,8,22176,卖盘
1600,14:03:49,27.71,-0.01,3,8313,中性盘
1601,14:03:52,27.71,0.0,5,13855,买盘
1602,14:03:58,27.71,0.0,12,33241,买盘
1603,14:04:01,27.71,0.0,21,58191,买盘
1604,14:04:07,27.72,0.01,6,16632,买盘
1605,14:04:10,27.72,0.0,4,11088,卖盘
1606,14:04:25,27.73,0.01,24,66551,买盘
1607,14:04:28,27.73,0.0,63,174699,买盘
1608,14:04:31,27.72,-0.01,85,235656,卖盘
1609,14:04:34,27.72,0.0,5,13860,买盘
1610,14:04:37,27.72,0.0,30,83160,买盘
1611,14:04:40,27.72,0.0,4,11088,买盘
1612,14:05:01,27.75,0.03,12,33306,卖盘
1613,14:05:13,27.75,0.0,22,61050,买盘
1614,14:05:28,27.75,0.0,2,5550,卖盘
1615,14:05:34,27.8,0.05,24,66720,买盘
1616,14:05:37,27.8,0.0,6,16680,卖盘
1617,14:05:40,27.8,0.0,1,2780,买盘
1618,14:05:45,27.81,0.01,5,13904,买盘
1619,14:05:48,27.81,0.0,6,16686,买盘
1620,14:06:07,27.81,0.0,33,91757,买盘
1621,14:06:10,27.76,-0.05,24,66674,中性盘
1622,14:06:19,27.8,0.04,3,8340,买盘
1623,14:06:22,27.8,0.0,11,30586,卖盘
1624,14:06:43,27.8,0.0,4,11120,卖盘
1625,14:06:58,27.81,0.01,20,55620,买盘
1626,14:07:01,27.8,-0.01,7,19460,卖盘
1627,14:07:06,27.8,0.0,59,164073,卖盘
1628,14:07:12,27.8,0.0,2,5560,买盘
1629,14:07:15,27.8,0.0,1,2780,买盘
1630,14:07:28,27.8,0.0,5,13900,买盘
1631,14:07:31,27.8,0.0,1,2780,买盘
1632,14:07:37,27.8,0.0,8,22240,买盘
1633,14:07:58,27.8,0.0,5,13902,卖盘
1634,14:08:01,27.81,0.01,3,8341,买盘
1635,14:08:13,27.84,0.03,1,2784,买盘
1636,14:08:24,27.81,-0.03,6,16686,卖盘
1637,14:08:31,27.84,0.03,1,2784,买盘
1638,14:08:46,27.81,-0.03,3,8343,卖盘
1639,14:08:55,27.84,0.03,1,2784,买盘
1640,14:09:01,27.81,-0.03,3,8343,卖盘
1641,14:09:16,27.81,0.0,20,55635,卖盘
1642,14:09:49,27.84,0.03,6,16704,买盘
1643,14:10:25,27.87,0.03,3,8361,买盘
1644,14:10:49,27.87,0.0,10,27870,买盘
1645,14:11:01,27.87,0.0,6,16719,买盘
1646,14:11:07,27.87,0.0,9,25083,买盘
1647,14:11:10,27.87,0.0,3,8361,卖盘
1648,14:11:37,27.95,0.08,1,2795,卖盘
1649,14:11:55,27.96,0.01,1,2796,买盘
1650,14:12:10,27.97,0.01,2,5594,中性盘
1651,14:12:13,27.97,0.0,1,2797,买盘
1652,14:12:16,27.96,-0.01,2,5593,卖盘
1653,14:12:25,27.98,0.02,13,36374,买盘
1654,14:12:40,27.99,0.01,12,33588,买盘
1655,14:12:45,27.99,0.0,1,2799,卖盘
1656,14:12:49,28.0,0.01,3,8400,买盘
1657,14:12:52,28.0,0.0,1,2800,买盘
1658,14:12:55,28.0,0.0,21,58800,买盘
1659,14:12:58,28.0,0.0,13,36400,买盘
1660,14:13:01,28.0,0.0,15,42000,买盘
1661,14:13:19,28.01,0.01,2,5602,买盘
1662,14:13:40,28.01,0.0,1,2801,买盘
1663,14:13:51,28.01,0.0,10,28010,买盘
1664,14:14:01,28.01,0.0,3,8403,买盘
1665,14:14:22,28.01,0.0,4,11204,卖盘
1666,14:14:25,28.02,0.01,1,2802,买盘
1667,14:14:28,28.01,-0.01,7,19607,卖盘
1668,14:14:31,28.0,-0.01,7,19600,卖盘
1669,14:14:37,27.99,-0.01,2,5598,卖盘
1670,14:14:40,27.99,0.0,4,11196,卖盘
1671,14:14:43,27.99,0.0,4,11196,卖盘
1672,14:14:55,27.98,-0.01,2,5596,卖盘
1673,14:15:00,27.99,0.01,14,39166,买盘
1674,14:15:04,27.97,-0.02,1,2797,卖盘
1675,14:15:07,27.97,0.0,10,27970,卖盘
1676,14:15:16,27.96,-0.01,10,27960,卖盘
1677,14:15:22,27.97,0.01,43,120242,买盘
1678,14:15:27,27.97,0.0,5,13985,卖盘
1679,14:15:31,27.97,0.0,3,8391,卖盘
1680,14:15:55,27.97,0.0,16,44752,卖盘
1681,14:15:57,27.97,0.0,10,27970,卖盘
1682,14:16:01,27.97,0.0,3,8391,卖盘
1683,14:16:07,27.98,0.01,4,11192,买盘
1684,14:16:10,27.97,-0.01,19,53143,卖盘
1685,14:16:19,27.97,0.0,10,27970,卖盘
1686,14:16:28,27.97,0.0,8,22376,卖盘
1687,14:16:36,27.95,-0.02,5,13975,卖盘
1688,14:16:58,27.95,0.0,14,39115,买盘
1689,14:17:01,27.9,-0.05,1,2790,卖盘
1690,14:17:06,27.9,0.0,1,2790,买盘
1691,14:17:09,27.9,0.0,4,11160,卖盘
1692,14:17:22,27.93,0.03,1,2793,买盘
1693,14:17:37,27.94,0.01,1,2794,买盘
1694,14:17:43,27.93,-0.01,2,5587,卖盘
1695,14:18:30,27.95,0.02,1,2795,买盘
1696,14:18:33,27.93,-0.02,1,2793,卖盘
1697,14:18:43,27.95,0.02,30,83850,买盘
1698,14:18:46,27.95,0.0,1,2795,买盘
1699,14:19:01,27.94,-0.01,1,2794,中性盘
1700,14:19:22,27.98,0.04,1,2798,买盘
1701,14:19:40,27.98,0.0,16,44768,买盘
1702,14:20:30,27.98,0.0,11,30788,卖盘
1703,14:20:58,27.99,0.01,6,16794,买盘
1704,14:21:01,27.98,-0.01,3,8394,卖盘
1705,14:21:04,27.98,0.0,6,16788,卖盘
1706,14:22:01,27.99,0.01,3,8397,卖盘
1707,14:22:37,28.0,0.01,12,33600,买盘
1708,14:22:39,28.0,0.0,3,8400,卖盘
1709,14:22:46,28.01,0.01,2,5602,买盘
1710,14:22:58,28.01,0.0,6,16806,买盘
1711,14:23:10,28.01,0.0,7,19607,买盘
1712,14:23:18,28.08,0.07,7,19635,买盘
1713,14:23:25,28.08,0.0,3,8424,卖盘
1714,14:23:27,28.08,0.0,6,16848,买盘
1715,14:23:43,28.08,0.0,2,5617,卖盘
1716,14:23:54,28.08,0.0,2,5616,卖盘
1717,14:23:58,28.09,0.01,11,30898,买盘
1718,14:24:01,28.08,-0.01,16,44928,卖盘
1719,14:24:10,28.09,0.01,31,87075,买盘
1720,14:24:46,28.05,-0.04,4,11220,买盘
1721,14:25:01,28.02,-0.03,3,8406,卖盘
1722,14:25:06,28.05,0.03,1,2805,买盘
1723,14:25:37,28.05,0.0,1,2805,买盘
1724,14:25:42,28.03,-0.02,9,25227,卖盘
1725,14:25:46,28.03,0.0,2,5606,卖盘
1726,14:26:01,28.03,0.0,2,5606,卖盘
1727,14:26:07,28.03,0.0,2,5606,卖盘
1728,14:26:34,28.03,0.0,3,8409,买盘
1729,14:26:43,28.02,-0.01,5,14011,卖盘
1730,14:26:49,28.02,0.0,4,11208,卖盘
1731,14:27:01,28.03,0.01,4,11209,买盘
1732,14:27:12,28.03,0.0,1,2803,买盘
1733,14:27:33,28.03,0.0,3,8409,买盘
1734,14:27:45,28.03,0.0,1,2803,买盘
1735,14:27:49,28.02,-0.01,6,16812,卖盘
1736,14:27:52,28.02,0.0,3,8406,卖盘
1737,14:27:55,28.02,0.0,2,5604,买盘
1738,14:28:01,28.02,0.0,2,5604,卖盘
1739,14:28:06,28.02,0.0,6,16812,卖盘
1740,14:28:28,28.02,0.0,9,25218,买盘
1741,14:28:31,28.01,-0.01,12,33612,卖盘
1742,14:28:34,28.01,0.0,3,8403,卖盘
1743,14:28:37,28.01,0.0,2,5602,买盘
1744,14:28:49,28.0,-0.01,28,78401,卖盘
1745,14:28:55,28.0,0.0,1,2800,买盘
1746,14:29:01,27.99,-0.01,4,11196,卖盘
1747,14:29:21,27.99,0.0,1,1483,卖盘
1748,14:29:25,27.99,0.0,9,25191,卖盘
1749,14:29:34,28.0,0.01,7,19600,买盘
1750,14:29:49,28.0,0.0,1,2800,买盘
1751,14:29:55,28.0,0.0,2,5599,买盘
1752,14:29:58,28.0,0.0,1,2800,买盘
1753,14:30:01,27.99,-0.01,3,8397,卖盘
1754,14:30:07,27.99,0.0,3,8397,卖盘
1755,14:30:28,27.95,-0.04,1,2795,买盘
1756,14:30:31,27.94,-0.01,1,2794,买盘
1757,14:30:34,27.92,-0.02,10,27924,卖盘
1758,14:30:40,27.92,0.0,1,2792,买盘
1759,14:30:46,27.92,0.0,4,11168,买盘
1760,14:30:49,27.92,0.0,2,5584,买盘
1761,14:30:55,27.92,0.0,3,8376,卖盘
1762,14:30:58,27.92,0.0,5,13960,卖盘
1763,14:31:00,27.91,-0.01,15,41871,卖盘
1764,14:31:13,27.92,0.01,19,53039,卖盘
1765,14:31:30,27.93,0.01,2,5586,买盘
1766,14:31:33,27.92,-0.01,1,2792,卖盘
1767,14:31:37,27.92,0.0,1,2792,卖盘
1768,14:31:39,27.92,0.0,1,2792,卖盘
1769,14:32:01,27.93,0.01,3,8379,卖盘
1770,14:32:06,27.93,0.0,6,16758,卖盘
1771,14:32:09,27.94,0.01,1,2794,买盘
1772,14:32:31,27.9,-0.04,15,41877,卖盘
1773,14:32:33,27.94,0.04,2,5588,买盘
1774,14:32:46,28.0,0.06,60,167910,买盘
1775,14:32:49,27.94,-0.06,14,39116,卖盘
1776,14:32:54,28.0,0.06,5,14000,买盘
1777,14:33:03,27.91,-0.09,14,39085,卖盘
1778,14:33:07,27.99,0.08,1,2799,买盘
1779,14:33:10,28.03,0.04,25,70026,买盘
1780,14:33:31,28.01,-0.02,1,2801,买盘
1781,14:33:58,28.01,0.0,7,19607,买盘
1782,14:34:09,28.01,0.0,1,2801,买盘
1783,14:34:16,28.02,0.01,1,2802,买盘
1784,14:34:19,28.01,-0.01,3,8403,买盘
1785,14:34:22,28.02,0.01,1,2802,买盘
1786,14:34:24,28.05,0.03,36,100943,买盘
1787,14:34:52,28.05,0.0,2,5610,卖盘
1788,14:34:55,28.05,0.0,13,36465,卖盘
1789,14:35:07,28.05,0.0,1,2805,卖盘
1790,14:35:13,28.05,0.0,2,5610,买盘
1791,14:35:16,28.05,0.0,1,2805,买盘
1792,14:35:28,28.05,0.0,1,2805,买盘
1793,14:35:31,28.01,-0.04,1,2801,卖盘
1794,14:35:36,28.01,0.0,20,56027,卖盘
1795,14:35:40,28.05,0.04,21,58869,买盘
1796,14:35:43,28.01,-0.04,41,115105,卖盘
1797,14:35:46,28.0,-0.01,19,53213,卖盘
1798,14:35:48,28.01,0.01,85,238028,买盘
1799,14:35:52,27.96,-0.05,1,2796,卖盘
1800,14:36:16,27.98,0.02,2,5594,中性盘
1801,14:36:21,27.96,-0.02,23,64308,卖盘
1802,14:36:31,27.96,0.0,4,11184,买盘
1803,14:36:37,27.95,-0.01,5,13975,卖盘
1804,14:36:48,27.93,-0.02,6,16763,卖盘
1805,14:36:51,27.94,0.01,2,5588,买盘
1806,14:36:58,27.94,0.0,3,8382,买盘
1807,14:37:01,27.93,-0.01,3,8379,卖盘
1808,14:37:13,27.92,-0.01,1,2792,中性盘
1809,14:37:19,27.92,0.0,6,16753,买盘
1810,14:37:22,27.92,0.0,14,39078,买盘
1811,14:37:31,27.91,-0.01,3,8375,卖盘
1812,14:37:34,27.92,0.01,5,13960,买盘
1813,14:37:37,27.92,0.0,2,5584,买盘
1814,14:37:40,27.92,0.0,2,5584,买盘
1815,14:37:46,27.93,0.01,3,8379,买盘
1816,14:37:49,27.93,0.0,7,19551,买盘
1817,14:37:52,27.93,0.0,5,13965,买盘
1818,14:37:58,27.91,-0.02,26,72592,卖盘
1819,14:38:01,28.04,0.13,42,117477,买盘
1820,14:38:07,27.92,-0.12,1,2792,卖盘
1821,14:38:13,28.03,0.11,1,2803,买盘
1822,14:38:27,28.01,-0.02,1,2801,买盘
1823,14:38:31,28.0,-0.01,1,2800,中性盘
1824,14:38:42,27.94,-0.06,12,33535,卖盘
1825,14:38:46,27.94,0.0,3,8382,卖盘
1826,14:38:58,27.96,0.02,6,16771,中性盘
1827,14:39:00,27.99,0.03,4,11196,卖盘
1828,14:39:04,27.99,0.0,4,11196,中性盘
1829,14:39:07,27.96,-0.03,1,2796,中性盘
1830,14:39:10,27.96,0.0,1,2796,卖盘
1831,14:39:13,27.96,0.0,2,5592,卖盘
1832,14:39:22,27.99,0.03,55,153785,买盘
1833,14:39:31,27.95,-0.04,10,27954,卖盘
1834,14:39:37,27.99,0.04,1,2799,买盘
1835,14:39:40,27.96,-0.03,6,16776,卖盘
1836,14:39:55,27.96,0.0,1,2796,买盘
1837,14:40:01,27.96,0.0,4,11184,买盘
1838,14:40:04,27.99,0.03,4,11196,中性盘
1839,14:40:07,27.99,0.0,2,5598,卖盘
1840,14:40:10,27.99,0.0,2,5598,卖盘
1841,14:40:13,27.99,0.0,2,5598,买盘
1842,14:40:22,27.99,0.0,1,2799,买盘
1843,14:40:25,27.96,-0.03,1,2796,卖盘
1844,14:40:28,27.96,0.0,1,2796,卖盘
1845,14:40:31,27.96,0.0,1,2796,卖盘
1846,14:40:37,27.96,0.0,9,25164,卖盘
1847,14:40:40,27.96,0.0,1,2796,买盘
1848,14:40:49,28.0,0.04,55,153879,买盘
1849,14:40:52,27.95,-0.05,7,19565,卖盘
1850,14:40:58,28.0,0.05,2,5600,买盘
1851,14:41:07,27.95,-0.05,31,86648,卖盘
1852,14:41:13,27.99,0.04,11,30789,买盘
1853,14:41:28,28.0,0.01,8,22388,买盘
1854,14:41:34,27.99,-0.01,1,2799,卖盘
1855,14:41:37,27.99,0.0,2,5598,中性盘
1856,14:41:52,27.99,0.0,1,2799,买盘
1857,14:41:58,27.99,0.0,1,2799,买盘
1858,14:42:07,28.0,0.01,16,44772,买盘
1859,14:42:10,27.99,-0.01,1,2799,中性盘
1860,14:42:13,27.99,0.0,1,2799,买盘
1861,14:42:28,27.99,0.0,8,22392,买盘
1862,14:42:40,27.96,-0.03,15,41940,卖盘
1863,14:42:43,27.99,0.03,1,2799,买盘
1864,14:42:58,27.99,0.0,1,2799,买盘
1865,14:43:01,27.96,-0.03,9,25164,卖盘
1866,14:43:13,27.96,0.0,1,2796,买盘
1867,14:43:16,27.96,0.0,1,2796,买盘
1868,14:43:19,27.95,-0.01,1,2795,卖盘
1869,14:43:25,27.95,0.0,18,50310,卖盘
1870,14:43:28,27.95,0.0,3,8385,卖盘
1871,14:43:33,27.95,0.0,6,16770,卖盘
1872,14:43:55,27.95,0.0,2,5590,卖盘
1873,14:44:01,27.95,0.0,4,11180,卖盘
1874,14:44:07,27.95,0.0,5,13975,卖盘
1875,14:44:10,27.94,-0.01,6,16766,卖盘
1876,14:44:13,27.96,0.02,3,8388,买盘
1877,14:44:22,27.95,-0.01,1,2795,买盘
1878,14:44:25,28.0,0.05,22,61552,买盘
1879,14:44:55,28.0,0.0,11,30796,买盘
1880,14:44:58,28.0,0.0,1,2800,买盘
1881,14:45:13,27.98,-0.02,2,5597,中性盘
1882,14:45:22,27.97,-0.01,1,2797,中性盘
1883,14:45:25,27.98,0.01,5,13989,买盘
1884,14:45:28,27.98,0.0,1,2798,买盘
1885,14:45:31,27.98,0.0,42,117393,买盘
1886,14:45:37,27.98,0.0,11,30778,卖盘
1887,14:45:40,27.93,-0.05,8,22351,卖盘
1888,14:45:55,27.92,-0.01,49,137209,卖盘
1889,14:46:01,28.04,0.12,21,58884,买盘
1890,14:46:16,27.98,-0.06,1,2798,中性盘
1891,14:46:19,27.98,0.0,5,13990,买盘
1892,14:46:25,27.97,-0.01,2,5594,买盘
1893,14:46:28,27.98,0.01,5,13989,买盘
1894,14:46:31,27.95,-0.03,3,8385,卖盘
1895,14:46:37,28.0,0.05,20,55990,买盘
1896,14:46:43,27.96,-0.04,4,11184,中性盘
1897,14:46:52,27.96,0.0,7,19566,买盘
1898,14:46:55,27.96,0.0,1,2796,买盘
1899,14:46:58,27.96,0.0,1,2796,买盘
1900,14:47:01,27.96,0.0,6,16773,买盘
1901,14:47:04,27.95,-0.01,23,64285,卖盘
1902,14:47:16,27.95,0.0,1,2795,买盘
1903,14:47:19,27.95,0.0,4,11179,买盘
1904,14:47:22,27.93,-0.02,44,122942,卖盘
1905,14:47:25,27.93,0.0,4,11172,买盘
1906,14:47:28,27.93,0.0,3,8379,买盘
1907,14:47:31,27.93,0.0,1,2793,买盘
1908,14:47:37,27.92,-0.01,12,33504,卖盘
1909,14:47:52,27.91,-0.01,4,11164,卖盘
1910,14:47:55,27.91,0.0,1,2791,买盘
1911,14:47:58,27.91,0.0,1,2791,买盘
1912,14:48:01,27.91,0.0,11,30701,买盘
1913,14:48:04,27.91,0.0,1,2791,买盘
1914,14:48:07,27.91,0.0,5,13955,卖盘
1915,14:48:10,27.91,0.0,2,5582,卖盘
1916,14:48:13,27.93,0.02,9,25115,买盘
1917,14:48:16,27.93,0.0,10,27930,买盘
1918,14:48:31,27.91,-0.02,5,13955,卖盘
1919,14:48:34,27.93,0.02,1,2793,买盘
1920,14:48:43,27.91,-0.02,10,27910,卖盘
1921,14:48:46,27.93,0.02,2,5586,买盘
1922,14:48:52,28.01,0.08,12,33594,买盘
1923,14:49:07,28.03,0.02,5,14015,买盘
1924,14:49:25,28.03,0.0,115,322241,买盘
1925,14:49:31,28.03,0.0,8,22424,卖盘
1926,14:49:34,28.03,0.0,5,14015,卖盘
1927,14:49:37,28.03,0.0,14,39242,卖盘
1928,14:49:40,28.04,0.01,13,36442,买盘
1929,14:49:43,28.03,-0.01,5,14015,卖盘
1930,14:49:46,28.03,0.0,18,50462,买盘
1931,14:50:07,28.01,-0.02,1,2801,卖盘
1932,14:50:10,28.02,0.01,1,2802,买盘
1933,14:50:13,28.03,0.01,4,11211,买盘
1934,14:50:16,28.03,0.0,9,25227,买盘
1935,14:50:25,28.01,-0.02,2,5602,卖盘
1936,14:50:31,28.01,0.0,1,2801,卖盘
1937,14:50:37,28.01,0.0,1,2801,卖盘
1938,14:50:40,27.96,-0.05,20,56000,卖盘
1939,14:50:43,28.01,0.05,7,19609,中性盘
1940,14:50:46,28.01,0.0,7,19607,买盘
1941,14:50:58,28.01,0.0,16,44816,买盘
1942,14:51:01,28.01,0.0,5,13993,买盘
1943,14:51:04,28.04,0.03,86,241055,买盘
1944,14:51:10,28.01,-0.03,1,2801,卖盘
1945,14:51:19,27.94,-0.07,131,366407,卖盘
1946,14:51:25,27.94,0.0,19,53086,买盘
1947,14:51:28,28.01,0.07,6,16806,买盘
1948,14:52:01,28.01,0.0,10,28010,卖盘
1949,14:52:04,28.01,0.0,1,2801,买盘
1950,14:52:19,27.98,-0.03,9,25187,卖盘
1951,14:52:25,28.0,0.02,6,16800,卖盘
1952,14:52:28,28.03,0.03,40,112043,买盘
1953,14:52:37,27.95,-0.08,65,182638,卖盘
1954,14:52:58,27.95,0.0,59,164234,卖盘
1955,14:53:01,27.95,0.0,3,8385,买盘
1956,14:53:04,27.94,-0.01,9,25153,卖盘
1957,14:53:16,27.94,0.0,1,2794,卖盘
1958,14:53:19,27.95,0.01,7,19559,买盘
1959,14:53:28,27.94,-0.01,5,13970,卖盘
1960,14:53:31,27.94,0.0,14,39116,卖盘
1961,14:53:37,27.94,0.0,10,27940,买盘
1962,14:53:40,27.95,0.01,14,39114,买盘
1963,14:53:43,27.93,-0.02,21,58700,卖盘
1964,14:53:46,27.92,-0.01,193,539332,买盘
1965,14:53:49,27.92,0.0,4,11168,买盘
1966,14:53:52,27.92,0.0,5,13960,买盘
1967,14:54:07,27.92,0.0,5,13958,买盘
1968,14:54:10,27.92,0.0,3,8376,卖盘
1969,14:54:16,27.97,0.05,1,2797,买盘
1970,14:54:22,27.92,-0.05,5,13960,卖盘
1971,14:54:25,27.92,0.0,6,16752,卖盘
1972,14:54:40,27.92,0.0,1,2122,卖盘
1973,14:54:55,27.92,0.0,9,25135,卖盘
1974,14:55:10,27.96,0.04,7,19569,买盘
1975,14:55:13,27.97,0.01,1,2797,买盘
1976,14:55:16,27.97,0.0,1,2797,买盘
1977,14:55:19,27.97,0.0,8,22376,买盘
1978,14:55:22,27.97,0.0,10,27965,买盘
1979,14:55:25,27.97,0.0,1,2797,买盘
1980,14:55:28,27.97,0.0,20,55940,买盘
1981,14:55:31,27.96,-0.01,15,41950,卖盘
1982,14:55:34,27.97,0.01,2,5594,买盘
1983,14:55:37,27.97,0.0,19,53136,买盘
1984,14:55:43,27.99,0.02,1,2799,买盘
1985,14:55:46,27.99,0.0,1,2799,买盘
1986,14:55:49,27.97,-0.02,5,13987,卖盘
1987,14:55:52,27.99,0.02,1,2799,买盘
1988,14:55:55,27.97,-0.02,19,53145,卖盘
1989,14:55:58,27.99,0.02,1,2799,买盘
1990,14:56:01,27.99,0.0,2,5598,买盘
1991,14:56:04,27.92,-0.07,50,139692,卖盘
1992,14:56:16,27.99,0.07,7,19593,买盘
1993,14:56:19,27.97,-0.02,4,11191,卖盘
1994,14:56:22,27.97,0.0,1,2797,买盘
1995,14:56:28,27.94,-0.03,4,11185,卖盘
1996,14:56:37,27.99,0.05,22,61575,买盘
1997,14:56:40,27.99,0.0,1,2799,卖盘
1998,14:56:43,28.02,0.03,25,70003,买盘
1999,14:56:55,28.02,0.0,2,5604,买盘
2000,14:57:01,28.0,-0.02,5,14000,卖盘
2001,14:57:04,28.03,0.03,51,142856,买盘
2002,15:00:04,27.99,-0.04,190,531810,卖盘
