,time,price,change,volume,amount,type
0,09:25:04,15.8,-0.2,193,304940,卖盘
1,09:30:04,15.8,0.0,70,110600,卖盘
2,09:30:07,15.8,0.0,62,98020,卖盘
3,09:30:10,15.95,0.15,13,20735,买盘
4,09:30:40,15.83,-0.12,1,1583,卖盘
5,09:30:43,15.83,0.0,1,1583,卖盘
6,09:30:46,15.83,0.0,1,1583,卖盘
7,09:30:49,15.83,0.0,1,1583,卖盘
8,09:30:52,15.83,0.0,1,1583,卖盘
9,09:30:55,15.8,-0.03,1,1580,卖盘
10,09:31:01,15.8,0.0,2,3160,卖盘
11,09:31:04,15.8,0.0,1,1580,卖盘
12,09:31:37,15.8,0.0,4,6320,卖盘
13,09:31:40,15.8,0.0,14,22120,卖盘
14,09:31:55,15.71,-0.09,20,31420,卖盘
15,09:32:04,15.7,-0.01,1,1570,卖盘
16,09:32:07,15.71,0.01,4,6281,买盘
17,09:32:10,15.7,-0.01,2,3140,卖盘
18,09:32:19,15.63,-0.07,8,12504,卖盘
19,09:32:34,15.64,0.01,9,14076,卖盘
20,09:32:43,15.7,0.06,8,12535,买盘
21,09:32:46,15.65,-0.05,22,34465,卖盘
22,09:32:52,15.7,0.05,4,6280,中性盘
23,09:33:07,15.71,0.01,1,1571,卖盘
24,09:33:13,15.71,0.0,1,1571,卖盘
25,09:33:34,15.71,0.0,11,17281,卖盘
26,09:33:46,15.71,0.0,7,10997,卖盘
27,09:33:52,15.78,0.07,30,47340,买盘
28,09:33:58,15.78,0.0,1,1578,卖盘
29,09:34:01,15.78,0.0,1,1578,卖盘
30,09:34:10,15.79,0.01,10,15790,买盘
31,09:34:16,15.78,-0.01,1,1578,卖盘
32,09:34:22,15.78,0.0,7,11051,卖盘
33,09:34:25,15.78,0.0,1,1578,卖盘
34,09:34:31,15.71,-0.07,30,47298,卖盘
35,09:34:46,15.71,0.0,1,1571,卖盘
36,09:34:49,15.7,-0.01,13,20413,卖盘
37,09:34:52,15.7,0.0,13,20410,卖盘
38,09:35:16,15.72,0.02,1,1572,卖盘
39,09:35:31,15.78,0.06,21,33138,买盘
40,09:35:43,15.78,0.0,5,7890,卖盘
41,09:36:16,15.77,-0.01,10,15770,卖盘
42,09:36:22,15.78,0.01,2,3156,买盘
43,09:36:46,15.73,-0.05,10,15730,卖盘
44,09:36:52,15.73,0.0,10,15730,卖盘
45,09:37:10,15.72,-0.01,26,40872,卖盘
46,09:37:22,15.73,0.01,1,1573,买盘
47,09:37:28,15.72,-0.01,16,25152,卖盘
48,09:37:37,15.73,0.01,9,14157,买盘
49,09:37:43,15.72,-0.01,16,25152,卖盘
50,09:37:46,15.72,0.0,9,14148,卖盘
51,09:37:52,15.72,0.0,6,9432,买盘
52,09:37:58,15.7,-0.02,22,34540,卖盘
53,09:38:01,15.67,-0.03,27,42387,卖盘
54,09:38:04,15.71,0.04,10,15710,卖盘
55,09:38:10,15.66,-0.05,4,6265,卖盘
56,09:38:19,15.65,-0.01,20,31304,卖盘
57,09:38:28,15.65,0.0,10,15650,卖盘
58,09:38:37,15.64,-0.01,28,43802,卖盘
59,09:38:40,15.64,0.0,2,3128,卖盘
60,09:38:43,15.65,0.01,17,26590,买盘
61,09:39:07,15.63,-0.02,1,1563,卖盘
62,09:39:13,15.65,0.02,7,10955,买盘
63,09:39:19,15.62,-0.03,27,42190,卖盘
64,09:39:25,15.7,0.08,20,31384,买盘
65,09:39:28,15.65,-0.05,19,29735,卖盘
66,09:39:34,15.62,-0.03,1,1562,卖盘
67,09:39:37,15.62,0.0,20,31240,卖盘
68,09:39:40,15.63,0.01,5,7815,买盘
69,09:39:43,15.63,0.0,11,17192,买盘
70,09:39:46,15.62,-0.01,1,1562,卖盘
71,09:39:49,15.62,0.0,17,26554,卖盘
72,09:39:55,15.62,0.0,1,1562,卖盘
73,09:39:58,15.62,0.0,1,1562,卖盘
74,09:40:04,15.62,0.0,3,4686,买盘
75,09:40:16,15.62,0.0,6,9372,卖盘
76,09:40:19,15.63,0.01,10,15630,买盘
77,09:40:22,15.62,-0.01,1,1562,卖盘
78,09:40:25,15.62,0.0,1,1562,卖盘
79,09:40:28,15.62,0.0,3,4686,卖盘
80,09:40:37,15.62,0.0,1,1562,买盘
81,09:40:55,15.71,0.09,5,7855,买盘
82,09:41:25,15.65,-0.06,1,1565,卖盘
83,09:41:28,15.65,0.0,1,1565,卖盘
84,09:41:31,15.65,0.0,1,1565,卖盘
85,09:41:34,15.65,0.0,1,1565,卖盘
86,09:41:37,15.65,0.0,1,1565,卖盘
87,09:41:40,15.65,0.0,1,1565,卖盘
88,09:41:43,15.68,0.03,21,32920,买盘
89,09:41:46,15.69,0.01,5,7845,卖盘
90,09:41:49,15.69,0.0,5,7845,卖盘
91,09:42:10,15.65,-0.04,2,3130,卖盘
92,09:42:49,15.68,0.03,1,1568,买盘
93,09:42:55,15.68,0.0,10,15680,买盘
94,09:43:10,15.68,0.0,28,43881,买盘
95,09:43:13,15.68,0.0,1,1568,卖盘
96,09:43:16,15.68,0.0,1,1568,卖盘
97,09:43:19,15.68,0.0,1,1568,卖盘
98,09:43:22,15.68,0.0,4,6272,卖盘
99,09:43:25,15.69,0.01,17,26668,买盘
100,09:43:28,15.65,-0.04,1,1565,卖盘
101,09:43:43,15.65,0.0,5,7825,卖盘
102,09:43:49,15.65,0.0,10,15656,卖盘
103,09:43:52,15.65,0.0,1,1565,卖盘
104,09:43:55,15.65,0.0,1,1565,卖盘
105,09:43:58,15.65,0.0,1,1565,卖盘
106,09:44:01,15.65,0.0,1,1565,卖盘
107,09:44:10,15.63,-0.02,1,1563,卖盘
108,09:44:16,15.63,0.0,1,1563,卖盘
109,09:44:25,15.63,0.0,6,9378,卖盘
110,09:44:28,15.69,0.06,5,7845,买盘
111,09:44:43,15.63,-0.06,5,7815,卖盘
112,09:44:46,15.68,0.05,1,1568,买盘
113,09:44:58,15.63,-0.05,4,6252,卖盘
114,09:45:13,15.63,0.0,10,15630,买盘
115,09:45:22,15.63,0.0,3,4689,卖盘
116,09:45:43,15.63,0.0,10,15630,卖盘
117,09:45:55,15.6,-0.03,9,14040,卖盘
118,09:45:58,15.63,0.03,8,12501,买盘
119,09:46:04,15.63,0.0,1,1563,卖盘
120,09:46:10,15.63,0.0,1,1563,卖盘
121,09:46:16,15.63,0.0,6,9378,卖盘
122,09:46:22,15.63,0.0,1,1563,卖盘
123,09:46:31,15.63,0.0,7,10949,卖盘
124,09:46:43,15.63,0.0,1,1563,买盘
125,09:46:49,15.6,-0.03,5,7800,卖盘
126,09:46:55,15.6,0.0,3,4680,买盘
127,09:46:58,15.56,-0.04,30,46699,卖盘
128,09:47:04,15.57,0.01,5,7785,买盘
129,09:47:07,15.56,-0.01,10,15560,卖盘
130,09:47:28,15.6,0.04,10,15600,买盘
131,09:47:31,15.57,-0.03,20,31140,卖盘
132,09:47:37,15.57,0.0,10,15570,卖盘
133,09:47:43,15.56,-0.01,1,1556,卖盘
134,09:47:58,15.57,0.01,10,15570,买盘
135,09:48:01,15.56,-0.01,2,3112,卖盘
136,09:48:04,15.55,-0.01,21,32657,卖盘
137,09:48:10,15.55,0.0,1,1555,卖盘
138,09:48:13,15.55,0.0,3,4665,卖盘
139,09:48:16,15.55,0.0,1,1555,卖盘
140,09:48:19,15.55,0.0,3,4665,卖盘
141,09:48:22,15.55,0.0,28,43540,卖盘
142,09:48:25,15.54,-0.01,3,4663,卖盘
143,09:48:28,15.53,-0.01,9,13985,卖盘
144,09:48:31,15.53,0.0,15,24093,卖盘
145,09:48:34,15.53,0.0,3,4907,卖盘
146,09:48:37,15.57,0.04,20,31137,买盘
147,09:48:40,15.53,-0.04,11,16042,卖盘
148,09:48:52,15.52,-0.01,19,29488,卖盘
149,09:48:58,15.52,0.0,3,4656,卖盘
150,09:49:01,15.53,0.01,2,3106,买盘
151,09:49:13,15.52,-0.01,2,3104,卖盘
152,09:49:19,15.53,0.01,4,6212,买盘
153,09:49:22,15.52,-0.01,23,35716,卖盘
154,09:49:25,15.52,0.0,4,6208,卖盘
155,09:49:37,15.52,0.0,2,3104,卖盘
156,09:49:40,15.53,0.01,10,15530,买盘
157,09:49:43,15.52,-0.01,10,15520,卖盘
158,09:49:52,15.53,0.01,9,15018,买盘
159,09:50:07,15.53,0.0,2,3106,卖盘
160,09:50:13,15.53,0.0,5,7765,卖盘
161,09:50:19,15.57,0.04,36,56052,买盘
162,09:50:22,15.54,-0.03,10,15540,卖盘
163,09:50:25,15.53,-0.01,4,5171,卖盘
164,09:50:28,15.53,0.0,1,1553,买盘
165,09:50:31,15.52,-0.01,1,1552,卖盘
166,09:50:34,15.53,0.01,2,3106,买盘
167,09:50:37,15.53,0.0,2,3106,买盘
168,09:50:46,15.53,0.0,1,1553,买盘
169,09:51:04,15.53,0.0,4,6212,买盘
170,09:51:07,15.53,0.0,5,7765,买盘
171,09:51:10,15.53,0.0,7,11912,买盘
172,09:51:13,15.52,-0.01,3,4656,卖盘
173,09:51:25,15.53,0.01,5,7765,卖盘
174,09:51:37,15.55,0.02,10,15550,买盘
175,09:51:40,15.55,0.0,2,3110,买盘
176,09:51:52,15.55,0.0,6,9330,买盘
177,09:51:58,15.55,0.0,2,3110,买盘
178,09:52:22,15.59,0.04,10,15590,买盘
179,09:52:31,15.59,0.0,5,7795,买盘
180,09:52:43,15.59,0.0,1,1559,卖盘
181,09:52:49,15.59,0.0,3,4677,买盘
182,09:52:58,15.59,0.0,2,3118,买盘
183,09:53:07,15.59,0.0,4,6236,买盘
184,09:53:10,15.56,-0.03,11,17134,卖盘
185,09:53:13,15.56,0.0,10,15560,买盘
186,09:53:22,15.55,-0.01,6,9330,卖盘
187,09:53:49,15.55,0.0,2,3110,卖盘
188,09:54:13,15.54,-0.01,2,3108,卖盘
189,09:54:40,15.54,0.0,1,1554,买盘
190,09:54:43,15.54,0.0,5,7770,买盘
191,09:54:49,15.54,0.0,1,1554,买盘
192,09:54:55,15.53,-0.01,3,4659,卖盘
193,09:54:58,15.54,0.01,2,3108,买盘
194,09:55:22,15.53,-0.01,20,31060,卖盘
195,09:56:13,15.54,0.01,12,18648,买盘
196,09:56:28,15.53,-0.01,1,1553,卖盘
197,09:56:46,15.54,0.01,4,6216,买盘
198,09:56:52,15.53,-0.01,2,3106,卖盘
199,09:57:07,15.52,-0.01,7,10864,卖盘
200,09:57:10,15.53,0.01,50,77650,买盘
201,09:57:25,15.53,0.0,29,45037,买盘
202,09:57:43,15.54,0.01,6,9324,买盘
203,09:57:46,15.54,0.0,3,4662,买盘
204,09:57:52,15.53,-0.01,34,52809,卖盘
205,09:57:55,15.53,0.0,41,63673,卖盘
206,09:58:01,15.53,0.0,10,15530,买盘
207,09:58:16,15.51,-0.02,13,20167,卖盘
208,09:58:22,15.51,0.0,7,10857,卖盘
209,09:58:40,15.51,0.0,7,10857,卖盘
210,09:59:04,15.53,0.02,10,15530,卖盘
211,09:59:10,15.55,0.02,69,106478,买盘
212,09:59:22,15.56,0.01,19,29564,买盘
213,09:59:37,15.6,0.04,18,28080,买盘
214,09:59:49,15.6,0.0,2,3120,卖盘
215,10:00:16,15.52,-0.08,33,51322,卖盘
216,10:00:43,15.55,0.03,2,3110,卖盘
217,10:00:55,15.55,0.0,2,3110,买盘
218,10:01:16,15.53,-0.02,15,23295,卖盘
219,10:01:49,15.51,-0.02,24,38009,卖盘
220,10:01:52,15.51,0.0,3,4653,买盘
221,10:01:58,15.51,0.0,35,54252,买盘
222,10:02:13,15.51,0.0,44,68244,买盘
223,10:02:22,15.5,-0.01,6,9300,卖盘
224,10:02:24,15.51,0.01,3,4653,买盘
225,10:04:40,15.53,0.02,1,1553,卖盘
226,10:04:52,15.52,-0.01,21,32592,卖盘
227,10:04:58,15.53,0.01,2,3105,买盘
228,10:05:16,15.53,0.0,2,3106,买盘
229,10:05:22,15.53,0.0,3,4659,买盘
230,10:05:34,15.53,0.0,23,35719,卖盘
231,10:05:46,15.53,0.0,4,6212,卖盘
232,10:06:04,15.53,0.0,6,9318,买盘
233,10:06:16,15.53,0.0,7,10871,买盘
234,10:06:52,15.5,-0.03,34,52711,卖盘
235,10:07:31,15.48,-0.02,3,4644,卖盘
236,10:07:34,15.47,-0.01,13,20111,卖盘
237,10:07:46,15.46,-0.01,2,3092,卖盘
238,10:07:52,15.45,-0.01,3,4635,卖盘
239,10:07:55,15.45,0.0,15,23178,卖盘
240,10:08:16,15.42,-0.03,33,50886,卖盘
241,10:08:22,15.42,0.0,1,1542,买盘
242,10:08:25,15.41,-0.01,1,1541,卖盘
243,10:08:28,15.41,0.0,14,21575,卖盘
244,10:08:37,15.4,-0.01,9,13860,卖盘
245,10:08:43,15.4,0.0,2,3081,卖盘
246,10:08:46,15.36,-0.04,28,43014,卖盘
247,10:08:49,15.4,0.04,25,38436,买盘
248,10:08:52,15.39,-0.01,13,20007,中性盘
249,10:08:58,15.21,-0.18,57,87379,卖盘
250,10:09:07,15.33,0.12,15,22995,买盘
251,10:09:10,15.33,0.0,14,21462,买盘
252,10:09:16,15.33,0.0,1,1533,卖盘
253,10:09:31,15.4,0.07,21,32459,买盘
254,10:09:40,15.4,0.0,14,21560,卖盘
255,10:09:43,15.33,-0.07,50,76758,卖盘
256,10:09:55,15.46,0.13,29,44815,买盘
257,10:10:01,15.47,0.01,5,7735,卖盘
258,10:10:07,15.47,0.0,1,1547,卖盘
259,10:10:10,15.54,0.07,8,12432,买盘
260,10:10:16,15.47,-0.07,7,10829,卖盘
261,10:10:31,15.45,-0.02,8,12360,卖盘
262,10:11:13,15.45,0.0,17,26259,买盘
263,10:12:31,15.45,0.0,6,9270,买盘
264,10:13:01,15.45,0.0,3,4635,买盘
265,10:13:10,15.4,-0.05,5,7700,卖盘
266,10:13:25,15.4,0.0,5,7700,买盘
267,10:13:37,15.4,0.0,4,6160,买盘
268,10:13:40,15.38,-0.02,2,3076,卖盘
269,10:14:07,15.38,0.0,1,1538,买盘
270,10:14:22,15.38,0.0,2,3076,买盘
271,10:14:40,15.38,0.0,14,21532,买盘
272,10:14:46,15.4,0.02,6,9240,卖盘
273,10:15:07,15.4,0.0,9,13860,买盘
274,10:15:55,15.39,-0.01,2,3078,卖盘
275,10:16:10,15.39,0.0,1,1539,买盘
276,10:16:13,15.38,-0.01,4,6152,卖盘
277,10:16:31,15.38,0.0,1,1538,卖盘
278,10:16:37,15.38,0.0,1,1538,卖盘
279,10:16:46,15.38,0.0,2,3076,买盘
280,10:17:07,15.36,-0.02,10,15360,卖盘
281,10:17:15,15.37,0.01,1,1537,卖盘
282,10:17:31,15.35,-0.02,3,4605,卖盘
283,10:17:45,15.35,0.0,3,4605,卖盘
284,10:17:49,15.35,0.0,1,1535,卖盘
285,10:18:07,15.38,0.03,1,1538,买盘
286,10:18:19,15.38,0.0,5,7690,买盘
287,10:18:43,15.38,0.0,8,12304,卖盘
288,10:18:46,15.38,0.0,7,10766,卖盘
289,10:18:49,15.38,0.0,6,9228,中性盘
290,10:18:55,15.38,0.0,4,6152,卖盘
291,10:18:58,15.38,0.0,20,30761,卖盘
292,10:19:40,15.38,0.0,3,4614,中性盘
293,10:20:01,15.38,0.0,17,26146,卖盘
294,10:20:43,15.3,-0.08,96,147247,卖盘
295,10:20:49,15.3,0.0,4,6120,买盘
296,10:21:01,15.38,0.08,15,23070,买盘
297,10:22:37,15.31,-0.07,27,41337,卖盘
298,10:23:07,15.31,0.0,1,1531,卖盘
299,10:23:10,15.34,0.03,3,4602,买盘
300,10:23:22,15.34,0.0,1,1534,买盘
301,10:23:55,15.31,-0.03,1,1531,卖盘
302,10:24:01,15.34,0.03,10,15340,买盘
303,10:24:49,15.34,0.0,15,23010,买盘
304,10:24:52,15.31,-0.03,28,42878,卖盘
305,10:25:55,15.34,0.03,1,1534,买盘
306,10:26:07,15.34,0.0,4,6136,卖盘
307,10:26:28,15.32,-0.02,27,41374,卖盘
308,10:26:34,15.34,0.02,10,15332,买盘
309,10:26:58,15.31,-0.03,23,35213,卖盘
310,10:27:46,15.31,0.0,2,3062,卖盘
311,10:28:04,15.31,0.0,7,10717,卖盘
312,10:28:46,15.3,-0.01,6,9180,卖盘
313,10:29:07,15.27,-0.03,133,203179,卖盘
314,10:29:22,15.27,0.0,24,36648,卖盘
315,10:29:25,15.27,0.0,2,3054,卖盘
316,10:29:43,15.27,0.0,10,15270,卖盘
317,10:29:46,15.25,-0.02,53,80905,卖盘
318,10:30:04,15.22,-0.03,52,79150,卖盘
319,10:30:10,15.22,0.0,6,9132,买盘
320,10:30:16,15.22,0.0,7,10654,买盘
321,10:30:22,15.22,0.0,1,1522,买盘
322,10:30:37,15.22,0.0,5,7606,买盘
323,10:30:40,15.21,-0.01,45,68472,卖盘
324,10:30:46,15.27,0.06,62,94379,买盘
325,10:31:05,15.3,0.03,13,19890,买盘
326,10:31:58,15.3,0.0,1,1530,买盘
327,10:33:01,15.3,0.0,17,26010,买盘
328,10:33:04,15.3,0.0,3,4590,买盘
329,10:33:49,15.3,0.0,13,19890,卖盘
330,10:33:55,15.3,0.0,3,4590,卖盘
331,10:34:37,15.3,0.0,35,53690,卖盘
332,10:35:10,15.38,0.08,3,4614,买盘
333,10:35:37,15.38,0.0,31,47674,买盘
334,10:35:52,15.38,0.0,1,1538,卖盘
335,10:36:16,15.38,0.0,5,7690,卖盘
336,10:36:28,15.39,0.01,7,10767,买盘
337,10:37:52,15.31,-0.08,5,7657,卖盘
338,10:41:01,15.38,0.07,10,15380,买盘
339,10:41:16,15.36,-0.02,8,12288,卖盘
340,10:41:52,15.38,0.02,8,12294,买盘
341,10:42:04,15.35,-0.03,6,9210,中性盘
342,10:42:46,15.36,0.01,7,10752,买盘
343,10:43:13,15.38,0.02,1,1538,买盘
344,10:43:57,15.39,0.01,12,18468,买盘
345,10:44:07,15.39,0.0,5,7695,买盘
346,10:44:13,15.4,0.01,10,15398,买盘
347,10:44:22,15.4,0.0,124,190960,买盘
348,10:45:19,15.46,0.06,1,1546,买盘
349,10:45:46,15.4,-0.06,3,4620,卖盘
350,10:45:49,15.46,0.06,18,27818,买盘
351,10:46:22,15.4,-0.06,1,1540,卖盘
352,10:46:25,15.4,0.0,4,6160,卖盘
353,10:46:46,15.4,0.0,1,1540,买盘
354,10:46:52,15.4,0.0,7,10780,买盘
355,10:47:49,15.4,0.0,4,6160,卖盘
356,10:48:25,15.4,0.0,10,15400,卖盘
357,10:48:37,15.4,0.0,1,1540,卖盘
358,10:50:30,15.4,0.0,14,21560,卖盘
359,10:51:07,15.38,-0.02,4,6152,卖盘
360,10:51:13,15.3,-0.08,51,78099,卖盘
361,10:51:43,15.3,0.0,23,35190,卖盘
362,10:51:57,15.3,0.0,1,1530,买盘
363,10:52:13,15.28,-0.02,6,9168,卖盘
364,10:54:10,15.3,0.02,4,6120,卖盘
365,10:55:07,15.31,0.01,5,7656,卖盘
366,10:55:21,15.31,0.0,1,1531,卖盘
367,10:55:31,15.32,0.01,5,7660,卖盘
368,10:56:07,15.32,0.0,4,6128,卖盘
369,10:56:27,15.39,0.07,1,1539,买盘
370,10:56:55,15.32,-0.07,10,15320,卖盘
371,10:57:28,15.32,0.0,6,9192,卖盘
372,10:58:48,15.39,0.07,1,1539,买盘
373,10:59:43,15.39,0.0,3,4617,卖盘
374,11:01:21,15.35,-0.04,17,26095,卖盘
375,11:02:10,15.34,-0.01,50,76700,买盘
376,11:02:28,15.34,0.0,7,10738,买盘
377,11:02:43,15.34,0.0,9,13806,买盘
378,11:03:30,15.35,0.01,20,30700,买盘
379,11:03:37,15.35,0.0,1,1535,买盘
380,11:03:43,15.35,0.0,12,18420,买盘
381,11:04:46,15.39,0.04,17,26163,买盘
382,11:05:31,15.4,0.01,4,6159,买盘
383,11:05:58,15.32,-0.08,33,50621,卖盘
384,11:06:04,15.36,0.04,5,7680,卖盘
385,11:06:19,15.4,0.04,6,9240,买盘
386,11:06:39,15.32,-0.08,4,6128,卖盘
387,11:07:19,15.32,0.0,5,7660,卖盘
388,11:08:07,15.32,0.0,5,7660,卖盘
389,11:08:13,15.32,0.0,4,6128,卖盘
390,11:11:00,15.31,-0.01,482,738039,卖盘
391,11:11:13,15.31,0.0,10,15310,买盘
392,11:11:46,15.3,-0.01,4,6120,卖盘
393,11:12:22,15.28,-0.02,1,1528,卖盘
394,11:12:34,15.28,0.0,1,1528,卖盘
395,11:12:36,15.3,0.02,5,7649,买盘
396,11:12:40,15.28,-0.02,20,30560,卖盘
397,11:13:58,15.26,-0.02,5,7630,卖盘
398,11:14:16,15.26,0.0,1,1526,买盘
399,11:14:19,15.26,0.0,1,1526,买盘
400,11:15:01,15.29,0.03,6,9174,买盘
401,11:15:09,15.26,-0.03,4,6104,卖盘
402,11:15:12,15.29,0.03,1,1529,买盘
403,11:15:22,15.3,0.01,15,22950,买盘
404,11:15:40,15.3,0.0,1,1530,买盘
405,11:16:07,15.3,0.0,5,7650,卖盘
406,11:17:37,15.3,0.0,1,1530,卖盘
407,11:19:04,15.3,0.0,34,52020,卖盘
408,11:19:10,15.29,-0.01,1,1529,卖盘
409,11:19:52,15.29,0.0,1,1529,卖盘
410,11:20:07,15.29,0.0,7,10703,买盘
411,11:20:49,15.35,0.06,3,4605,买盘
412,11:22:21,15.3,-0.05,28,42840,卖盘
413,11:23:58,15.3,0.0,98,149940,卖盘
414,11:24:28,15.29,-0.01,10,15290,卖盘
415,11:24:37,15.29,0.0,5,7645,买盘
416,11:25:49,15.3,0.01,11,16823,买盘
417,11:28:43,15.3,0.0,5,7650,中性盘
418,13:00:05,15.35,0.05,41,62935,买盘
419,13:00:10,15.35,0.0,11,16885,卖盘
420,13:01:42,15.35,0.0,16,24560,卖盘
421,13:03:15,15.35,0.0,10,15350,买盘
422,13:04:36,15.34,-0.01,2,3068,卖盘
423,13:04:46,15.35,0.01,16,24558,买盘
424,13:08:43,15.31,-0.04,25,38281,卖盘
425,13:10:37,15.33,0.02,2,3066,卖盘
426,13:10:55,15.33,0.0,51,78183,买盘
427,13:11:25,15.31,-0.02,7,10717,卖盘
428,13:11:52,15.38,0.07,50,76878,买盘
429,13:12:24,15.36,-0.02,4,6144,买盘
430,13:12:30,15.36,0.0,2,3072,买盘
431,13:12:49,15.31,-0.05,19,29093,卖盘
432,13:14:43,15.38,0.07,20,30758,买盘
433,13:14:54,15.38,0.0,4,6152,买盘
434,13:15:01,15.38,0.0,1,1538,买盘
435,13:15:07,15.38,0.0,14,21532,买盘
436,13:15:21,15.44,0.06,10,15440,买盘
437,13:16:07,15.38,-0.06,26,40047,卖盘
438,13:16:10,15.38,0.0,10,15380,买盘
439,13:16:27,15.38,0.0,5,7690,买盘
440,13:16:34,15.38,0.0,2,3076,买盘
441,13:16:48,15.38,0.0,2,3076,买盘
442,13:16:52,15.38,0.0,15,23070,买盘
443,13:17:10,15.38,0.0,13,19994,买盘
444,13:19:52,15.34,-0.04,8,12277,卖盘
445,13:26:37,15.44,0.1,15,23148,买盘
446,13:26:55,15.44,0.0,1,1544,卖盘
447,13:27:04,15.46,0.02,5,7730,买盘
448,13:27:07,15.46,0.0,1,1546,卖盘
449,13:27:16,15.44,-0.02,3,4632,卖盘
450,13:27:28,15.44,0.0,7,10808,卖盘
451,13:28:22,15.37,-0.07,1,1537,卖盘
452,13:28:28,15.37,0.0,1,1537,买盘
453,13:29:09,15.37,0.0,2,3074,买盘
454,13:29:43,15.37,0.0,6,9222,买盘
455,13:29:46,15.37,0.0,2,3074,买盘
456,13:32:19,15.48,0.11,1,1548,买盘
457,13:32:22,15.48,0.0,3,4644,买盘
458,13:32:58,15.48,0.0,25,38700,买盘
459,13:34:06,15.47,-0.01,12,18564,买盘
460,13:34:10,15.47,0.0,10,15470,买盘
461,13:35:04,15.46,-0.01,5,7730,买盘
462,13:35:07,15.46,0.0,1,1546,卖盘
463,13:35:10,15.46,0.0,1,1546,卖盘
464,13:38:25,15.42,-0.04,20,30840,卖盘
465,13:38:40,15.46,0.04,1,1546,买盘
466,13:39:19,15.42,-0.04,3,4626,卖盘
467,13:39:25,15.42,0.0,31,47802,买盘
468,13:40:40,15.39,-0.03,10,15390,卖盘
469,13:40:48,15.47,0.08,3,4641,买盘
470,13:43:37,15.48,0.01,1,1548,买盘
471,13:44:01,15.48,0.0,7,10836,买盘
472,13:44:34,15.47,-0.01,1,1547,卖盘
473,13:44:52,15.47,0.0,5,7735,买盘
474,13:46:22,15.47,0.0,7,10829,卖盘
475,13:48:28,15.43,-0.04,4,6172,卖盘
476,13:49:10,15.46,0.03,5,7730,买盘
477,13:49:13,15.48,0.02,1,1548,卖盘
478,13:50:18,15.49,0.01,15,23234,买盘
479,13:50:55,15.45,-0.04,13,20089,卖盘
480,13:51:16,15.45,0.0,1,1545,卖盘
481,13:51:52,15.49,0.04,12,18588,买盘
482,13:52:01,15.52,0.03,10,15520,买盘
483,13:52:13,15.5,-0.02,2,3100,卖盘
484,13:52:25,15.55,0.05,3,4665,买盘
485,13:52:28,15.6,0.05,41,63925,买盘
486,13:52:55,15.65,0.05,5,7825,买盘
487,13:53:01,15.66,0.01,2,3132,买盘
488,13:53:07,15.65,-0.01,10,15650,卖盘
489,13:53:10,15.66,0.01,3,4698,买盘
490,13:53:13,15.65,-0.01,15,23475,卖盘
491,13:53:43,15.63,-0.02,17,26575,卖盘
492,13:54:04,15.61,-0.02,19,29659,卖盘
493,13:58:37,15.57,-0.04,10,15575,卖盘
494,13:58:40,15.6,0.03,13,20279,买盘
495,13:59:04,15.58,-0.02,6,9348,卖盘
496,13:59:19,15.6,0.02,1,1560,买盘
497,13:59:34,15.58,-0.02,9,14032,卖盘
498,14:00:12,15.58,0.0,1,1558,卖盘
499,14:01:01,15.6,0.02,2,3120,买盘
500,14:01:49,15.61,0.01,5,7805,卖盘
501,14:02:01,15.63,0.02,1,1563,买盘
502,14:02:04,15.64,0.01,35,54731,买盘
503,14:02:10,15.64,0.0,1,1564,买盘
504,14:02:16,15.65,0.01,30,46950,买盘
505,14:02:22,15.65,0.0,4,6260,买盘
506,14:02:28,15.65,0.0,11,17215,买盘
507,14:02:34,15.66,0.01,1,1566,买盘
508,14:02:37,15.67,0.01,37,57968,买盘
509,14:02:43,15.67,0.0,4,6268,买盘
510,14:02:46,15.67,0.0,3,4701,买盘
511,14:02:52,15.67,0.0,1,1567,买盘
512,14:02:55,15.67,0.0,6,9402,买盘
513,14:03:01,15.69,0.02,1,1569,买盘
514,14:03:04,15.69,0.0,4,6276,买盘
515,14:03:07,15.69,0.0,9,14121,买盘
516,14:03:10,15.69,0.0,6,9414,买盘
517,14:03:13,15.7,0.01,10,15693,买盘
518,14:03:22,15.69,-0.01,8,12552,买盘
519,14:03:28,15.69,0.0,1,1569,买盘
520,14:03:34,15.69,0.0,17,26673,买盘
521,14:03:40,15.69,0.0,3,4707,卖盘
522,14:03:49,15.69,0.0,2,3138,买盘
523,14:04:04,15.69,0.0,4,6276,买盘
524,14:04:13,15.68,-0.01,7,10976,卖盘
525,14:04:16,15.69,0.01,3,4707,买盘
526,14:04:25,15.68,-0.01,13,20384,卖盘
527,14:04:31,15.67,-0.01,5,7835,卖盘
528,14:04:34,15.67,0.0,10,15670,卖盘
529,14:04:37,15.67,0.0,8,12536,卖盘
530,14:04:43,15.66,-0.01,1,1566,卖盘
531,14:04:52,15.66,0.0,10,15660,卖盘
532,14:05:22,15.68,0.02,7,10972,买盘
533,14:05:25,15.68,0.0,1,1568,买盘
534,14:05:28,15.68,0.0,6,9408,买盘
535,14:05:34,15.69,0.01,1,1569,买盘
536,14:05:37,15.69,0.0,9,14121,买盘
537,14:05:43,15.69,0.0,1,1569,买盘
538,14:05:46,15.68,-0.01,10,15680,卖盘
539,14:05:49,15.66,-0.02,2,3132,卖盘
540,14:06:10,15.66,0.0,13,20358,卖盘
541,14:07:01,15.66,0.0,5,7830,卖盘
542,14:07:13,15.66,0.0,29,45414,卖盘
543,14:07:22,15.66,0.0,8,12528,卖盘
544,14:07:40,15.65,-0.01,2,3130,卖盘
545,14:08:01,15.64,-0.01,10,15640,卖盘
546,14:08:04,15.65,0.01,7,10955,买盘
547,14:08:28,15.61,-0.04,10,15610,卖盘
548,14:09:19,15.63,0.02,32,50013,买盘
549,14:09:28,15.66,0.03,1,1566,买盘
550,14:10:07,15.66,0.0,3,4698,买盘
551,14:10:13,15.63,-0.03,26,40644,卖盘
552,14:10:22,15.63,0.0,4,6252,买盘
553,14:10:34,15.63,0.0,28,43764,买盘
554,14:10:40,15.63,0.0,48,75024,买盘
555,14:10:46,15.63,0.0,1,1563,买盘
556,14:10:52,15.63,0.0,6,9378,买盘
557,14:10:55,15.61,-0.02,7,10927,卖盘
558,14:11:01,15.63,0.02,45,70329,买盘
559,14:11:25,15.7,0.07,50,78487,买盘
560,14:12:04,15.7,0.0,1,1570,买盘
561,14:12:25,15.7,0.0,7,10990,买盘
562,14:14:01,15.7,0.0,1,1570,买盘
563,14:14:10,15.72,0.02,3,4716,买盘
564,14:14:33,15.72,0.0,16,24995,买盘
565,14:14:49,15.73,0.01,3,4719,买盘
566,14:14:52,15.73,0.0,6,9438,卖盘
567,14:15:37,15.72,-0.01,3,4716,卖盘
568,14:15:49,15.72,0.0,7,11004,卖盘
569,14:16:22,15.7,-0.02,1,1570,买盘
570,14:16:25,15.7,0.0,6,9420,买盘
571,14:16:34,15.72,0.02,9,14148,买盘
572,14:16:40,15.78,0.06,18,28366,买盘
573,14:17:04,15.77,-0.01,6,9462,买盘
574,14:17:40,15.78,0.01,20,31554,买盘
575,14:18:04,15.77,-0.01,20,31538,买盘
576,14:19:25,15.74,-0.03,2,3148,买盘
577,14:19:28,15.74,0.0,27,42498,卖盘
578,14:19:46,15.73,-0.01,10,15730,卖盘
579,14:19:52,15.73,0.0,5,7865,卖盘
580,14:20:13,15.73,0.0,7,11011,卖盘
581,14:20:34,15.74,0.01,3,4722,买盘
582,14:20:37,15.73,-0.01,10,15730,卖盘
583,14:21:01,15.73,0.0,20,31460,卖盘
584,14:21:04,15.73,0.0,10,15730,卖盘
585,14:21:10,15.73,0.0,1,1573,卖盘
586,14:21:16,15.73,0.0,1,1573,卖盘
587,14:21:19,15.73,0.0,21,33033,卖盘
588,14:21:37,15.66,-0.07,7,10962,卖盘
589,14:22:22,15.66,0.0,4,6264,买盘
590,14:23:07,15.66,0.0,14,21916,买盘
591,14:23:13,15.66,0.0,3,4698,买盘
592,14:23:21,15.64,-0.02,1,1564,卖盘
593,14:23:55,15.63,-0.01,12,18756,卖盘
594,14:24:19,15.63,0.0,3,4689,买盘
595,14:24:22,15.63,0.0,2,3126,买盘
596,14:24:43,15.63,0.0,1,1563,买盘
597,14:25:13,15.62,-0.01,1,1562,卖盘
598,14:25:28,15.64,0.02,10,15640,买盘
599,14:26:13,15.64,0.0,21,32844,买盘
600,14:26:45,15.62,-0.02,32,49984,卖盘
601,14:27:25,15.61,-0.01,62,96782,卖盘
602,14:27:28,15.62,0.01,2,3124,买盘
603,14:27:37,15.62,0.0,64,99968,买盘
604,14:27:52,15.62,0.0,16,24992,卖盘
605,14:28:19,15.61,-0.01,49,76489,卖盘
606,14:28:30,15.61,0.0,20,31220,买盘
607,14:28:40,15.61,0.0,6,9366,买盘
608,14:28:42,15.61,0.0,6,9366,买盘
609,14:28:46,15.61,0.0,8,12488,买盘
610,14:28:49,15.61,0.0,5,7805,买盘
611,14:29:01,15.6,-0.01,16,24961,卖盘
612,14:29:22,15.61,0.01,10,15610,买盘
613,14:29:30,15.61,0.0,10,15610,买盘
614,14:29:36,15.6,-0.01,2,3120,卖盘
615,14:29:49,15.6,0.0,19,29640,卖盘
616,14:30:10,15.62,0.02,18,28091,买盘
617,14:30:43,15.61,-0.01,8,12488,买盘
618,14:30:46,15.61,0.0,8,12488,买盘
619,14:30:55,15.61,0.0,3,4683,卖盘
620,14:31:04,15.61,0.0,11,17171,买盘
621,14:31:07,15.6,-0.01,24,37446,卖盘
622,14:31:16,15.61,0.01,3,4683,卖盘
623,14:31:46,15.62,0.01,6,9372,买盘
624,14:31:52,15.62,0.0,11,17182,买盘
625,14:32:43,15.7,0.08,5,7841,买盘
626,14:33:04,15.71,0.01,39,61235,买盘
627,14:33:28,15.71,0.0,5,7855,卖盘
628,14:33:55,15.71,0.0,14,21994,卖盘
629,14:34:19,15.72,0.01,5,7860,买盘
630,14:34:37,15.71,-0.01,5,7855,卖盘
631,14:34:52,15.71,0.0,7,10997,卖盘
632,14:35:07,15.71,0.0,3,4713,卖盘
633,14:35:34,15.71,0.0,1,1571,卖盘
634,14:35:37,15.71,0.0,11,17281,卖盘
635,14:35:40,15.71,0.0,1,1571,卖盘
636,14:35:55,15.71,0.0,10,15710,卖盘
637,14:36:10,15.72,0.01,30,47160,买盘
638,14:36:16,15.71,-0.01,33,51843,卖盘
639,14:36:40,15.7,-0.01,10,15700,卖盘
640,14:36:49,15.7,0.0,6,9420,卖盘
641,14:37:07,15.7,0.0,4,6280,卖盘
642,14:41:46,15.62,-0.08,10,15620,买盘
643,14:41:49,15.62,0.0,1,1562,买盘
644,14:41:52,15.68,0.06,149,233622,买盘
645,14:41:58,15.69,0.01,1,1569,卖盘
646,14:42:04,15.69,0.0,11,17259,卖盘
647,14:42:07,15.69,0.0,2,3138,卖盘
648,14:42:25,15.69,0.0,7,10983,卖盘
649,14:43:13,15.64,-0.05,4,6256,买盘
650,14:43:16,15.64,0.0,1,1564,买盘
651,14:43:18,15.64,0.0,5,7820,买盘
652,14:43:52,15.65,0.01,1,1565,买盘
653,14:43:55,15.65,0.0,1,1565,买盘
654,14:44:01,15.65,0.0,3,4695,买盘
655,14:44:31,15.67,0.02,4,6268,卖盘
656,14:44:55,15.7,0.03,1,1570,买盘
657,14:45:04,15.7,0.0,15,23550,买盘
658,14:45:43,15.7,0.0,5,7850,卖盘
659,14:45:58,15.71,0.01,10,15710,买盘
660,14:46:16,15.7,-0.01,10,15700,卖盘
661,14:46:34,15.7,0.0,11,17270,卖盘
662,14:46:46,15.7,0.0,50,78500,买盘
663,14:46:52,15.7,0.0,7,10990,卖盘
664,14:46:58,15.7,0.0,10,15700,卖盘
665,14:47:04,15.71,0.01,10,15710,买盘
666,14:48:01,15.73,0.02,1,1573,买盘
667,14:48:25,15.73,0.0,5,7865,买盘
668,14:48:37,15.73,0.0,7,11011,卖盘
669,14:49:01,15.75,0.02,23,36193,买盘
670,14:49:19,15.74,-0.01,1,1574,买盘
671,14:49:31,15.75,0.01,9,14175,买盘
672,14:49:37,15.75,0.0,10,15750,买盘
673,14:49:40,15.74,-0.01,5,7870,卖盘
674,14:49:43,15.75,0.01,10,15278,买盘
675,14:49:49,15.76,0.01,8,12608,买盘
676,14:50:04,15.77,0.01,6,9460,买盘
677,14:50:13,15.77,0.02,16,24444,买盘
678,14:50:19,15.78,0.01,13,20514,买盘
679,14:50:28,15.78,0.0,4,6312,买盘
680,14:50:40,15.78,0.0,17,26826,买盘
681,14:50:43,15.79,0.01,9,14211,买盘
682,14:50:52,15.79,0.0,21,33159,买盘
683,14:50:58,15.79,0.0,9,14219,卖盘
684,14:51:01,15.8,0.01,44,69520,买盘
685,14:51:04,15.8,0.0,1,1580,卖盘
686,14:51:28,15.85,0.05,13,20592,买盘
687,14:51:43,15.85,0.0,9,14263,买盘
688,14:51:55,15.85,0.0,38,60230,买盘
689,14:51:58,15.85,0.0,10,15858,卖盘
690,14:52:07,15.86,0.01,1,1586,买盘
691,14:52:19,15.85,-0.01,15,23775,卖盘
692,14:52:22,15.85,0.0,3,4755,卖盘
693,14:52:28,15.85,0.0,1,1585,卖盘
694,14:52:31,15.84,-0.01,3,4752,卖盘
695,14:52:46,15.86,0.02,13,20614,买盘
696,14:52:52,15.81,-0.05,10,15810,卖盘
697,14:52:55,15.86,0.05,5,7930,买盘
698,14:53:19,15.81,-0.05,5,7905,卖盘
699,14:53:22,15.86,0.05,24,38053,买盘
700,14:53:52,15.81,-0.05,12,18972,卖盘
701,14:54:01,15.8,-0.01,2,3160,卖盘
702,14:54:16,15.78,-0.02,1,1578,卖盘
703,14:54:25,15.81,0.03,54,85328,买盘
704,14:54:28,15.78,-0.03,10,15783,卖盘
705,14:55:04,15.74,-0.04,4,6296,卖盘
706,14:55:22,15.74,0.0,19,29906,卖盘
707,14:55:37,15.79,0.05,20,31576,买盘
708,14:56:01,15.79,0.0,4,6316,卖盘
709,14:56:04,15.79,0.0,1,1579,卖盘
710,14:56:07,15.79,0.0,5,7895,卖盘
711,14:56:10,15.79,0.0,2,3158,买盘
712,14:56:22,15.79,0.0,7,11053,买盘
713,14:56:25,15.79,0.0,12,18948,卖盘
714,14:56:31,15.79,0.0,10,15790,买盘
715,14:56:40,15.69,-0.1,2,3138,卖盘
716,14:56:52,15.82,0.13,44,69548,买盘
717,14:57:01,15.82,0.0,1,1582,卖盘
718,15:00:05,15.76,-0.06,121,190696,卖盘
