,time,price,change,volume,amount,type
0,09:25:04,13.23,-0.01,146,193158,卖盘
1,09:30:04,13.19,-0.04,269,354991,卖盘
2,09:30:07,13.18,-0.01,58,76523,卖盘
3,09:30:10,13.2,0.02,28,36944,买盘
4,09:30:19,13.18,-0.02,9,11862,卖盘
5,09:30:25,13.18,0.0,14,18452,卖盘
6,09:30:28,13.18,0.0,37,48777,卖盘
7,09:30:31,13.19,0.01,100,131888,买盘
8,09:30:34,13.18,-0.01,21,27695,买盘
9,09:30:37,13.18,0.0,27,35595,卖盘
10,09:30:40,13.17,-0.01,54,71154,卖盘
11,09:30:43,13.18,0.01,7,9222,买盘
12,09:30:45,13.17,-0.01,7,9219,卖盘
13,09:30:48,13.18,0.01,34,44782,买盘
14,09:30:51,13.17,-0.01,27,35582,卖盘
15,09:30:55,13.17,0.0,37,48738,卖盘
16,09:30:58,13.17,0.0,68,89593,卖盘
17,09:31:01,13.18,0.01,162,213480,卖盘
18,09:31:05,13.17,-0.01,6,7902,买盘
19,09:31:06,13.17,0.0,14,18438,买盘
20,09:31:10,13.17,0.0,13,17121,卖盘
21,09:31:13,13.18,0.01,31,40838,买盘
22,09:31:16,13.18,0.0,13,17134,买盘
23,09:31:19,13.18,0.0,34,44792,买盘
24,09:31:25,13.18,0.0,8,10544,买盘
25,09:31:28,13.19,0.01,24,31651,买盘
26,09:31:31,13.18,-0.01,46,60640,卖盘
27,09:31:33,13.19,0.01,59,77783,买盘
28,09:31:36,13.18,-0.01,91,119856,卖盘
29,09:31:40,13.18,0.0,43,56674,买盘
30,09:31:42,13.18,0.0,38,50084,买盘
31,09:31:46,13.18,0.0,73,96214,买盘
32,09:31:49,13.18,0.0,6,7908,卖盘
33,09:31:52,13.18,0.0,20,26362,卖盘
34,09:31:57,13.19,0.01,51,67269,买盘
35,09:32:01,13.19,0.0,8,10552,买盘
36,09:32:04,13.2,0.01,218,287629,买盘
37,09:32:07,13.2,0.0,38,50196,卖盘
38,09:32:10,13.22,0.02,32,42304,买盘
39,09:32:13,13.2,-0.02,15,19804,卖盘
40,09:32:15,13.22,0.02,22,29084,买盘
41,09:32:19,13.17,-0.05,611,805936,卖盘
42,09:32:22,13.2,0.03,107,141340,卖盘
43,09:32:24,13.2,0.0,24,31680,买盘
44,09:32:28,13.2,0.0,58,76645,卖盘
45,09:32:31,13.2,0.0,44,58080,卖盘
46,09:32:34,13.23,0.03,5,6615,买盘
47,09:32:37,13.23,0.0,18,23814,买盘
48,09:32:40,13.2,-0.03,17,22459,卖盘
49,09:32:43,13.24,0.04,10,13240,买盘
50,09:32:46,13.21,-0.03,1,1321,卖盘
51,09:32:49,13.22,0.01,44,58166,中性盘
52,09:32:52,13.23,0.01,36,47572,买盘
53,09:32:55,13.24,0.01,44,58150,中性盘
54,09:32:57,13.26,0.02,48,63605,买盘
55,09:33:01,13.25,-0.01,43,56975,卖盘
56,09:33:04,13.26,0.01,55,72930,买盘
57,09:33:07,13.26,0.0,18,23868,卖盘
58,09:33:10,13.26,0.0,1,1326,卖盘
59,09:33:13,13.25,-0.01,108,143141,卖盘
60,09:33:16,13.24,-0.01,32,42376,卖盘
61,09:33:19,13.22,-0.02,5,6614,卖盘
62,09:33:22,13.22,0.0,14,18538,卖盘
63,09:33:25,13.23,0.01,23,30429,卖盘
64,09:33:28,13.22,-0.01,56,74032,卖盘
65,09:33:30,13.24,0.02,10,13240,买盘
66,09:33:34,13.21,-0.03,54,71383,卖盘
67,09:33:37,13.21,0.0,119,157295,卖盘
68,09:33:46,13.22,0.01,5,6610,卖盘
69,09:33:49,13.22,0.0,4,5288,卖盘
70,09:33:52,13.23,0.01,58,76734,买盘
71,09:33:55,13.22,-0.01,25,33062,卖盘
72,09:34:04,13.22,0.0,2,2644,买盘
73,09:34:07,13.22,0.0,43,56806,买盘
74,09:34:25,13.23,0.01,3,3969,买盘
75,09:34:27,13.22,-0.01,20,26450,卖盘
76,09:34:31,13.22,0.0,28,37025,卖盘
77,09:34:34,13.23,0.01,83,109757,买盘
78,09:34:37,13.23,0.0,34,44982,卖盘
79,09:34:42,13.24,0.01,10,13240,买盘
80,09:34:45,13.23,-0.01,7,9261,卖盘
81,09:34:52,13.24,0.01,8,10592,买盘
82,09:35:07,13.24,0.0,3,3972,买盘
83,09:35:10,13.23,-0.01,18,23814,卖盘
84,09:35:13,13.23,0.0,2,2646,卖盘
85,09:35:16,13.23,0.0,30,39690,卖盘
86,09:35:18,13.23,0.0,120,158762,卖盘
87,09:35:30,13.22,-0.01,37,48914,卖盘
88,09:35:36,13.22,0.0,3,3966,买盘
89,09:35:40,13.22,0.0,40,52880,买盘
90,09:35:43,13.22,0.0,26,34354,买盘
91,09:35:46,13.22,0.0,13,17186,买盘
92,09:35:48,13.22,0.0,7,9254,买盘
93,09:35:52,13.22,0.0,4,5288,买盘
94,09:35:55,13.22,0.0,5,6610,卖盘
95,09:35:58,13.21,-0.01,6,7926,卖盘
96,09:36:04,13.21,0.0,16,21136,卖盘
97,09:36:10,13.21,0.0,85,112295,卖盘
98,09:36:12,13.2,-0.01,87,114876,卖盘
99,09:36:22,13.21,0.01,5,6605,买盘
100,09:36:28,13.21,0.0,12,15852,卖盘
101,09:36:31,13.2,-0.01,170,224460,卖盘
102,09:36:33,13.22,0.02,12,15864,买盘
103,09:36:37,13.21,-0.01,5,6605,中性盘
104,09:36:46,13.22,0.01,63,83283,买盘
105,09:36:49,13.22,0.0,2,2644,中性盘
106,09:36:52,13.23,0.01,32,42309,买盘
107,09:36:55,13.22,-0.01,2,2644,卖盘
108,09:36:57,13.22,0.0,48,63486,卖盘
109,09:37:01,13.22,0.0,39,51569,卖盘
110,09:37:04,13.23,0.01,57,75384,买盘
111,09:37:07,13.22,-0.01,60,79320,卖盘
112,09:37:10,13.21,-0.01,24,31724,卖盘
113,09:37:16,13.22,0.01,5,6610,卖盘
114,09:37:19,13.22,0.0,1,1322,卖盘
115,09:37:22,13.22,0.0,9,11898,卖盘
116,09:37:25,13.23,0.01,2,2646,买盘
117,09:37:28,13.23,0.0,13,17199,买盘
118,09:37:31,13.23,0.0,65,85995,买盘
119,09:37:33,13.23,0.0,8,10584,买盘
120,09:37:37,13.23,0.0,17,22491,买盘
121,09:37:46,13.24,0.01,92,121808,买盘
122,09:37:49,13.23,-0.01,82,108509,卖盘
123,09:37:52,13.23,0.0,105,138938,卖盘
124,09:37:55,13.23,0.0,5,6615,买盘
125,09:37:58,13.23,0.0,11,14549,买盘
126,09:38:01,13.25,0.02,60,79430,买盘
127,09:38:04,13.25,0.0,6,7950,买盘
128,09:38:10,13.23,-0.02,49,64893,卖盘
129,09:38:16,13.25,0.02,10,13250,买盘
130,09:38:22,13.25,0.0,19,25175,买盘
131,09:38:25,13.25,0.0,8,10600,买盘
132,09:38:28,13.25,0.0,67,88775,买盘
133,09:38:31,13.26,0.01,31,41078,买盘
134,09:38:34,13.27,0.01,13,17247,买盘
135,09:38:40,13.27,0.0,41,54403,买盘
136,09:38:43,13.27,0.0,23,30521,买盘
137,09:38:46,13.27,0.0,52,68964,卖盘
138,09:38:49,13.26,-0.01,16,21222,卖盘
139,09:38:52,13.26,0.0,20,26535,卖盘
140,09:38:54,13.27,0.01,12,15924,买盘
141,09:38:58,13.28,0.01,83,110151,买盘
142,09:39:04,13.28,0.0,158,209824,买盘
143,09:39:06,13.27,-0.01,88,116810,卖盘
144,09:39:10,13.27,0.0,10,13270,卖盘
145,09:39:25,13.27,0.0,30,39810,卖盘
146,09:39:27,13.29,0.02,5,6645,买盘
147,09:39:31,13.29,0.0,36,47811,买盘
148,09:39:34,13.27,-0.02,20,26548,卖盘
149,09:39:37,13.28,0.01,2,2656,买盘
150,09:39:40,13.28,0.0,27,35856,买盘
151,09:39:43,13.28,0.0,35,46480,买盘
152,09:39:45,13.27,-0.01,443,587885,卖盘
153,09:39:49,13.28,0.01,130,172587,买盘
154,09:39:52,13.27,-0.01,113,149845,买盘
155,09:39:58,13.26,-0.01,5,6630,中性盘
156,09:40:01,13.25,-0.01,221,292825,卖盘
157,09:40:04,13.26,0.01,5,6629,买盘
158,09:40:06,13.25,-0.01,10,13250,买盘
159,09:40:10,13.24,-0.01,10,13240,卖盘
160,09:40:13,13.26,0.02,55,72903,买盘
161,09:40:19,13.26,0.0,150,198850,买盘
162,09:40:22,13.26,0.0,21,27846,买盘
163,09:40:25,13.26,0.0,62,82169,买盘
164,09:40:28,13.25,-0.01,78,103350,卖盘
165,09:40:31,13.26,0.01,28,37106,买盘
166,09:40:34,13.24,-0.02,160,211846,卖盘
167,09:40:37,13.26,0.02,110,145689,买盘
168,09:40:45,13.25,-0.01,10,13250,买盘
169,09:40:48,13.25,0.0,9,11925,买盘
170,09:40:52,13.25,0.0,5,6625,买盘
171,09:40:58,13.25,0.0,10,13250,买盘
172,09:41:01,13.25,0.0,50,66250,买盘
173,09:41:04,13.25,0.0,4,5300,买盘
174,09:41:06,13.25,0.0,51,67555,买盘
175,09:41:13,13.25,0.0,7,9275,买盘
176,09:41:16,13.25,0.0,8,10600,买盘
177,09:41:19,13.25,0.0,20,26500,卖盘
178,09:41:22,13.25,0.0,1,1325,卖盘
179,09:41:25,13.25,0.0,15,19875,买盘
180,09:41:28,13.26,0.01,101,133925,买盘
181,09:41:31,13.26,0.0,59,78181,买盘
182,09:41:33,13.26,0.0,13,17238,买盘
183,09:41:37,13.26,0.0,12,15912,买盘
184,09:41:40,13.25,-0.01,5,6625,卖盘
185,09:41:43,13.26,0.01,50,66300,买盘
186,09:41:52,13.26,0.0,56,74256,卖盘
187,09:41:54,13.26,0.0,4,5304,买盘
188,09:41:57,13.25,-0.01,13,17225,卖盘
189,09:42:01,13.25,0.0,7,9275,卖盘
190,09:42:04,13.26,0.01,20,26520,买盘
191,09:42:07,13.25,-0.01,15,19875,卖盘
192,09:42:10,13.26,0.01,100,132600,买盘
193,09:42:15,13.26,0.0,31,41106,买盘
194,09:42:18,13.25,-0.01,514,680788,卖盘
195,09:42:22,13.26,0.01,152,201147,买盘
196,09:42:31,13.25,-0.01,39,51676,卖盘
197,09:42:34,13.25,0.0,1,1325,买盘
198,09:42:36,13.24,-0.01,6,7944,卖盘
199,09:42:40,13.24,0.0,3,3972,买盘
200,09:42:43,13.24,0.0,6,7944,买盘
201,09:42:55,13.25,0.01,25,33105,买盘
202,09:42:58,13.24,-0.01,33,43692,卖盘
203,09:43:04,13.24,0.0,20,26480,买盘
204,09:43:06,13.24,0.0,99,131076,买盘
205,09:43:13,13.23,-0.01,5,6615,卖盘
206,09:43:16,13.24,0.01,3,3972,买盘
207,09:43:19,13.24,0.0,2,2648,买盘
208,09:43:22,13.24,0.0,16,21174,买盘
209,09:43:30,13.23,-0.01,29,38370,卖盘
210,09:43:37,13.23,0.0,200,264600,卖盘
211,09:43:40,13.24,0.01,23,30439,买盘
212,09:43:43,13.24,0.0,12,15884,买盘
213,09:43:46,13.23,-0.01,5,6615,卖盘
214,09:43:55,13.23,0.0,11,14553,卖盘
215,09:44:04,13.23,0.0,8,10584,卖盘
216,09:44:07,13.23,0.0,5,6615,卖盘
217,09:44:09,13.24,0.01,25,33100,买盘
218,09:44:12,13.23,-0.01,14,18525,卖盘
219,09:44:19,13.25,0.02,9,11920,买盘
220,09:44:28,13.24,-0.01,3,3972,卖盘
221,09:44:31,13.24,0.0,8,10592,卖盘
222,09:44:34,13.24,0.0,17,22508,卖盘
223,09:44:43,13.24,0.0,6,7944,卖盘
224,09:44:49,13.24,0.0,2,2648,卖盘
225,09:44:51,13.25,0.01,5,6625,买盘
226,09:44:54,13.25,0.0,60,79500,买盘
227,09:45:01,13.25,0.0,20,26495,买盘
228,09:45:04,13.25,0.0,200,264899,买盘
229,09:45:06,13.25,0.0,8,10600,买盘
230,09:45:10,13.25,0.0,1,1325,卖盘
231,09:45:16,13.25,0.0,10,13250,卖盘
232,09:45:25,13.26,0.01,31,41106,买盘
233,09:45:31,13.25,-0.01,7,9275,卖盘
234,09:45:34,13.26,0.01,20,26520,买盘
235,09:45:37,13.25,-0.01,30,39750,卖盘
236,09:45:52,13.26,0.01,30,39780,买盘
237,09:45:55,13.25,-0.01,29,38425,卖盘
238,09:45:58,13.26,0.01,9,11934,买盘
239,09:46:01,13.25,-0.01,50,66250,卖盘
240,09:46:07,13.25,0.0,112,148400,卖盘
241,09:46:19,13.25,0.0,46,60950,卖盘
242,09:46:22,13.26,0.01,11,14586,买盘
243,09:46:25,13.26,0.0,122,161772,买盘
244,09:46:28,13.25,-0.01,9,11925,卖盘
245,09:46:31,13.25,0.0,61,80825,卖盘
246,09:46:40,13.26,0.01,28,37120,买盘
247,09:46:42,13.26,0.0,3,3978,买盘
248,09:46:46,13.25,-0.01,82,108650,卖盘
249,09:46:57,13.25,0.0,4,5300,卖盘
250,09:47:04,13.25,0.0,24,31810,卖盘
251,09:47:07,13.26,0.01,24,31810,买盘
252,09:47:09,13.26,0.0,200,265200,买盘
253,09:47:16,13.25,-0.01,122,161655,卖盘
254,09:47:25,13.26,0.01,100,132600,买盘
255,09:47:30,13.26,0.0,10,13260,买盘
256,09:47:34,13.25,-0.01,7,9276,卖盘
257,09:47:36,13.25,0.0,4,5300,卖盘
258,09:47:40,13.26,0.01,10,13260,卖盘
259,09:47:43,13.26,0.0,7,9282,买盘
260,09:47:46,13.26,0.0,1,1326,买盘
261,09:47:55,13.26,0.0,11,14586,买盘
262,09:47:58,13.26,0.0,17,22542,买盘
263,09:48:01,13.26,0.0,150,198900,买盘
264,09:48:04,13.26,0.0,8,10608,买盘
265,09:48:13,13.27,0.01,21,27867,买盘
266,09:48:16,13.27,0.0,14,18578,买盘
267,09:48:19,13.27,0.0,117,155239,买盘
268,09:48:22,13.27,0.0,96,127205,买盘
269,09:48:25,13.27,0.0,8,10616,买盘
270,09:48:28,13.27,0.0,44,58388,买盘
271,09:48:34,13.26,-0.01,15,19898,卖盘
272,09:48:40,13.27,0.01,11,14597,买盘
273,09:48:49,13.27,0.0,3,3981,买盘
274,09:48:52,13.27,0.0,2,2654,买盘
275,09:48:55,13.27,0.0,30,39810,买盘
276,09:49:00,13.27,0.0,25,33175,卖盘
277,09:49:04,13.27,0.0,3,3981,卖盘
278,09:49:10,13.27,0.0,47,62392,卖盘
279,09:49:13,13.28,0.01,1,1328,买盘
280,09:49:16,13.28,0.0,27,35846,买盘
281,09:49:25,13.28,0.0,1,1328,买盘
282,09:49:28,13.28,0.0,1,1328,买盘
283,09:49:31,13.28,0.0,14,18592,买盘
284,09:49:34,13.28,0.0,10,13280,买盘
285,09:49:43,13.28,0.0,23,30544,买盘
286,09:49:45,13.28,0.0,180,239040,买盘
287,09:49:52,13.28,0.0,42,55815,卖盘
288,09:49:55,13.28,0.0,43,57104,卖盘
289,09:49:58,13.29,0.01,3,3987,买盘
290,09:50:04,13.29,0.0,27,35883,买盘
291,09:50:06,13.29,0.0,15,19935,买盘
292,09:50:10,13.28,-0.01,50,66400,卖盘
293,09:50:13,13.29,0.01,41,54489,买盘
294,09:50:16,13.28,-0.01,16,21248,卖盘
295,09:50:28,13.28,0.0,8,10624,买盘
296,09:50:31,13.27,-0.01,200,265400,卖盘
297,09:50:34,13.28,0.01,102,135287,买盘
298,09:50:39,13.27,-0.01,1,1327,卖盘
299,09:50:54,13.27,0.0,2,2654,卖盘
300,09:50:57,13.27,0.0,6,7962,卖盘
301,09:51:04,13.27,0.0,6,7962,卖盘
302,09:51:07,13.27,0.0,2,2654,卖盘
303,09:51:10,13.27,0.0,55,72985,卖盘
304,09:51:13,13.27,0.0,15,19905,买盘
305,09:51:16,13.27,0.0,20,26540,买盘
306,09:51:19,13.26,-0.01,60,79560,卖盘
307,09:51:22,13.27,0.01,18,23886,买盘
308,09:51:28,13.26,-0.01,49,64974,卖盘
309,09:51:31,13.26,0.0,4,5304,买盘
310,09:51:52,13.25,-0.01,206,272950,卖盘
311,09:52:01,13.25,0.0,200,265000,买盘
312,09:52:04,13.25,0.0,29,38425,买盘
313,09:52:07,13.25,0.0,11,14575,买盘
314,09:52:10,13.25,0.0,31,41075,买盘
315,09:52:13,13.25,0.0,19,25175,买盘
316,09:52:15,13.25,0.0,82,108650,卖盘
317,09:52:19,13.25,0.0,152,201400,卖盘
318,09:52:31,13.25,0.0,54,71550,卖盘
319,09:52:34,13.25,0.0,140,185500,卖盘
320,09:52:40,13.25,0.0,84,111300,卖盘
321,09:52:49,13.25,0.0,7,9275,买盘
322,09:52:54,13.24,-0.01,5,6620,卖盘
323,09:52:58,13.25,0.01,3,3973,买盘
324,09:53:10,13.25,0.0,8,10600,买盘
325,09:53:12,13.25,0.0,65,86125,买盘
326,09:53:16,13.25,0.0,115,152375,买盘
327,09:53:19,13.25,0.0,21,27825,买盘
328,09:53:25,13.25,0.0,10,13250,买盘
329,09:53:31,13.25,0.0,97,128525,买盘
330,09:53:34,13.25,0.0,85,112625,卖盘
331,09:53:40,13.25,0.0,10,13250,卖盘
332,09:53:52,13.25,0.0,3,3975,卖盘
333,09:53:55,13.26,0.01,28,37128,买盘
334,09:53:58,13.25,-0.01,2,2650,卖盘
335,09:54:01,13.25,0.0,8,10600,卖盘
336,09:54:04,13.26,0.01,6,7956,买盘
337,09:54:06,13.25,-0.01,16,21205,卖盘
338,09:54:10,13.25,0.0,9,11925,卖盘
339,09:54:12,13.25,0.0,150,198750,卖盘
340,09:54:16,13.26,0.01,14,18560,买盘
341,09:54:25,13.25,-0.01,35,46878,卖盘
342,09:54:27,13.25,0.0,33,43222,卖盘
343,09:54:37,13.24,-0.01,12,15888,卖盘
344,09:54:58,13.24,0.0,4,5296,卖盘
345,09:55:07,13.25,0.01,22,29130,买盘
346,09:55:16,13.24,-0.01,12,15897,卖盘
347,09:55:21,13.24,0.0,5,6620,卖盘
348,09:55:25,13.25,0.01,13,17225,买盘
349,09:55:30,13.24,-0.01,3,3972,卖盘
350,09:55:34,13.25,0.01,63,83422,买盘
351,09:55:49,13.25,0.0,7,9273,买盘
352,09:55:55,13.24,-0.01,1,1324,卖盘
353,09:55:58,13.24,0.0,22,29128,卖盘
354,09:56:10,13.24,0.0,7,9268,卖盘
355,09:56:18,13.24,0.0,15,19860,卖盘
356,09:56:31,13.24,0.0,116,153584,卖盘
357,09:56:34,13.24,0.0,522,691128,卖盘
358,09:56:36,13.23,-0.01,319,422245,卖盘
359,09:56:39,13.23,0.0,222,293706,卖盘
360,09:56:46,13.23,0.0,60,79321,买盘
361,09:56:52,13.22,-0.01,29,38338,卖盘
362,09:56:55,13.22,0.0,4,5288,卖盘
363,09:56:58,13.23,0.01,82,108454,买盘
364,09:57:00,13.21,-0.02,176,232539,卖盘
365,09:57:04,13.21,0.0,101,133336,买盘
366,09:57:07,13.21,0.0,5,6605,卖盘
367,09:57:10,13.22,0.01,29,38338,买盘
368,09:57:13,13.22,0.0,15,19830,买盘
369,09:57:16,13.22,0.0,30,39660,卖盘
370,09:57:22,13.22,0.0,5,6610,卖盘
371,09:57:25,13.23,0.01,6,7937,买盘
372,09:57:28,13.22,-0.01,14,18508,卖盘
373,09:57:31,13.21,-0.01,15,19824,卖盘
374,09:57:34,13.22,0.01,19,25118,买盘
375,09:57:40,13.22,0.0,37,48914,买盘
376,09:57:43,13.2,-0.02,301,397406,卖盘
377,09:57:45,13.21,0.01,2,2642,中性盘
378,09:57:48,13.2,-0.01,19,25080,卖盘
379,09:57:55,13.21,0.01,14,18494,买盘
380,09:57:58,13.21,0.0,72,95100,买盘
381,09:58:01,13.2,-0.01,10,13200,卖盘
382,09:58:10,13.2,0.0,50,66000,卖盘
383,09:58:12,13.21,0.01,9,11886,买盘
384,09:58:15,13.2,-0.01,42,55440,卖盘
385,09:58:19,13.2,0.0,30,39600,卖盘
386,09:58:22,13.19,-0.01,83,109488,卖盘
387,09:58:25,13.2,0.01,9,11880,买盘
388,09:58:28,13.2,0.0,9,11880,卖盘
389,09:58:31,13.19,-0.01,217,286359,卖盘
390,09:58:33,13.2,0.01,3,3960,买盘
391,09:58:39,13.2,0.0,13,17160,卖盘
392,09:58:43,13.21,0.01,28,36988,买盘
393,09:58:46,13.2,-0.01,18,23760,卖盘
394,09:58:49,13.21,0.01,69,91148,买盘
395,09:58:51,13.21,0.0,6,7924,买盘
396,09:58:54,13.21,0.0,2,2642,买盘
397,09:58:58,13.2,-0.01,42,55460,卖盘
398,09:59:01,13.2,0.0,46,60728,卖盘
399,09:59:04,13.21,0.01,2,2642,买盘
400,09:59:06,13.2,-0.01,121,160685,卖盘
401,09:59:09,13.21,0.01,20,26420,中性盘
402,09:59:15,13.2,-0.01,37,48840,卖盘
403,09:59:25,13.21,0.01,52,68645,买盘
404,09:59:28,13.21,0.0,5,6605,买盘
405,09:59:31,13.22,0.01,22,29084,买盘
406,09:59:37,13.22,0.0,14,18508,卖盘
407,09:59:40,13.23,0.01,10,13230,买盘
408,09:59:43,13.2,-0.03,82,108264,卖盘
409,09:59:46,13.22,0.02,9,11898,买盘
410,09:59:52,13.22,0.0,1,1322,买盘
411,09:59:54,13.22,0.0,29,38326,买盘
412,10:00:07,13.21,-0.01,54,71338,卖盘
413,10:00:10,13.22,0.01,1,1322,卖盘
414,10:00:13,13.22,0.0,8,10576,卖盘
415,10:00:19,13.21,-0.01,47,62087,卖盘
416,10:00:24,13.21,0.0,50,66050,卖盘
417,10:00:28,13.21,0.0,15,19815,卖盘
418,10:00:37,13.21,0.0,60,79260,买盘
419,10:00:43,13.2,-0.01,4,5282,卖盘
420,10:00:46,13.21,0.01,7,9247,买盘
421,10:00:49,13.2,-0.01,139,183611,卖盘
422,10:00:52,13.21,0.01,10,13210,卖盘
423,10:00:54,13.22,0.01,23,30398,买盘
424,10:00:57,13.22,0.0,5,6610,买盘
425,10:01:01,13.21,-0.01,10,13210,卖盘
426,10:01:04,13.21,0.0,38,50198,卖盘
427,10:01:06,13.22,0.01,5,6610,买盘
428,10:01:13,13.21,-0.01,49,64729,卖盘
429,10:01:19,13.21,0.0,32,42272,卖盘
430,10:01:22,13.21,0.0,4,5284,卖盘
431,10:01:34,13.21,0.0,35,46235,卖盘
432,10:01:37,13.21,0.0,21,27741,卖盘
433,10:01:40,13.21,0.0,6,7926,卖盘
434,10:01:43,13.21,0.0,16,21136,买盘
435,10:01:46,13.21,0.0,12,15852,买盘
436,10:01:49,13.21,0.0,45,59445,卖盘
437,10:01:52,13.21,0.0,87,114845,买盘
438,10:01:55,13.22,0.01,17,22460,买盘
439,10:01:58,13.21,-0.01,25,33025,中性盘
440,10:02:00,13.21,0.0,13,17173,卖盘
441,10:02:07,13.2,-0.01,12,15840,卖盘
442,10:02:10,13.21,0.01,107,141345,买盘
443,10:02:13,13.21,0.0,7,9247,买盘
444,10:02:19,13.21,0.0,15,19815,买盘
445,10:02:22,13.21,0.0,20,26420,买盘
446,10:02:28,13.21,0.0,9,11889,卖盘
447,10:02:31,13.21,0.0,11,14533,卖盘
448,10:02:37,13.21,0.0,27,35667,卖盘
449,10:02:40,13.22,0.01,40,52880,买盘
450,10:02:43,13.21,-0.01,7,9249,卖盘
451,10:02:49,13.21,0.0,4,5285,卖盘
452,10:02:52,13.21,0.0,10,13210,卖盘
453,10:02:55,13.21,0.0,2,2642,卖盘
454,10:03:01,13.21,0.0,8,10568,卖盘
455,10:03:04,13.21,0.0,3,3963,卖盘
456,10:03:10,13.21,0.0,10,13210,卖盘
457,10:03:16,13.21,0.0,14,18494,卖盘
458,10:03:19,13.22,0.01,2,2644,买盘
459,10:03:25,13.21,-0.01,20,26430,卖盘
460,10:03:30,13.21,0.0,12,15852,卖盘
461,10:03:37,13.21,0.0,4,5284,卖盘
462,10:03:39,13.21,0.0,8,10568,卖盘
463,10:03:42,13.22,0.01,1,1322,买盘
464,10:03:55,13.21,-0.01,26,34352,卖盘
465,10:04:01,13.22,0.01,102,134843,买盘
466,10:04:04,13.22,0.0,14,18508,卖盘
467,10:04:07,13.22,0.0,1,1322,买盘
468,10:04:10,13.22,0.0,37,48881,买盘
469,10:04:13,13.21,-0.01,53,70013,卖盘
470,10:04:16,13.21,0.0,83,109643,卖盘
471,10:04:19,13.21,0.0,2,2642,卖盘
472,10:04:22,13.21,0.0,50,66050,卖盘
473,10:04:25,13.21,0.0,107,141260,买盘
474,10:04:31,13.21,0.0,5,6605,买盘
475,10:04:33,13.21,0.0,46,60766,卖盘
476,10:04:40,13.2,-0.01,100,132047,卖盘
477,10:04:46,13.22,0.02,6,7930,买盘
478,10:04:49,13.2,-0.02,8,10560,卖盘
479,10:04:54,13.22,0.02,80,105638,买盘
480,10:05:01,13.2,-0.02,300,396000,卖盘
481,10:05:04,13.2,0.0,20,25450,卖盘
482,10:05:06,13.2,0.0,5,6600,买盘
483,10:05:13,13.2,0.0,2,2640,买盘
484,10:05:16,13.19,-0.01,13,17147,卖盘
485,10:05:22,13.19,0.0,2,2638,卖盘
486,10:05:24,13.19,0.0,21,27704,卖盘
487,10:05:28,13.2,0.01,57,75190,买盘
488,10:05:31,13.19,-0.01,160,211040,卖盘
489,10:05:34,13.18,-0.01,244,321742,卖盘
490,10:05:37,13.2,0.02,1,1320,买盘
491,10:05:40,13.19,-0.01,16,21104,卖盘
492,10:05:43,13.18,-0.01,21,27678,卖盘
493,10:05:46,13.19,0.01,18,23742,买盘
494,10:05:48,13.19,0.0,9,11871,买盘
495,10:05:52,13.18,-0.01,58,76460,卖盘
496,10:05:55,13.18,0.0,46,60643,卖盘
497,10:05:58,13.19,0.01,24,31656,买盘
498,10:06:07,13.18,-0.01,39,51402,卖盘
499,10:06:12,13.19,0.01,22,29000,买盘
500,10:06:15,13.18,-0.01,1,1318,卖盘
501,10:06:18,13.19,0.01,41,54050,买盘
502,10:06:22,13.18,-0.01,130,171340,卖盘
503,10:06:28,13.18,0.0,11,14500,卖盘
504,10:06:31,13.18,0.0,7,9226,卖盘
505,10:06:33,13.18,0.0,262,345316,卖盘
506,10:06:36,13.17,-0.01,95,125118,卖盘
507,10:06:43,13.17,0.0,49,64533,卖盘
508,10:06:46,13.17,0.0,190,250230,卖盘
509,10:06:49,13.16,-0.01,22,28952,卖盘
510,10:06:51,13.17,0.01,82,107917,买盘
511,10:06:55,13.16,-0.01,56,73696,卖盘
512,10:06:58,13.16,0.0,1,1316,买盘
513,10:07:01,13.13,-0.03,1000,1313824,卖盘
514,10:07:04,13.12,-0.01,162,212810,卖盘
515,10:07:07,13.13,0.01,4,5252,买盘
516,10:07:10,13.12,-0.01,30,39360,卖盘
517,10:07:13,13.12,0.0,198,259848,卖盘
518,10:07:16,13.13,0.01,50,65650,中性盘
519,10:07:22,13.13,0.0,16,21008,卖盘
520,10:07:25,13.13,0.0,25,32825,卖盘
521,10:07:27,13.13,0.0,46,60398,卖盘
522,10:07:31,13.12,-0.01,31,40693,卖盘
523,10:07:34,13.13,0.01,10,13130,买盘
524,10:07:36,13.12,-0.01,24,31488,卖盘
525,10:07:40,13.12,0.0,232,304443,卖盘
526,10:07:43,13.12,0.0,76,99702,卖盘
527,10:07:46,13.12,0.0,111,145545,买盘
528,10:07:52,13.12,0.0,426,558193,买盘
529,10:07:55,13.12,0.0,91,119369,买盘
530,10:07:58,13.11,-0.01,3,3933,卖盘
531,10:08:01,13.12,0.01,26,34087,买盘
532,10:08:04,13.12,0.0,272,356452,买盘
533,10:08:07,13.11,-0.01,104,136257,卖盘
534,10:08:10,13.12,0.01,42,55066,买盘
535,10:08:12,13.11,-0.01,8,10488,卖盘
536,10:08:16,13.11,0.0,33,43268,卖盘
537,10:08:19,13.12,0.01,106,139013,买盘
538,10:08:22,13.12,0.0,118,154806,买盘
539,10:08:25,13.11,-0.01,67,87926,卖盘
540,10:08:28,13.13,0.02,6,7876,买盘
541,10:08:31,13.12,-0.01,22,28869,中性盘
542,10:08:33,13.12,0.0,37,48577,卖盘
543,10:08:37,13.13,0.01,37,48581,买盘
544,10:08:39,13.13,0.0,1,1313,买盘
545,10:08:43,13.13,0.0,85,111605,卖盘
546,10:08:46,13.14,0.01,1,1314,买盘
547,10:08:49,13.14,0.0,23,30222,买盘
548,10:08:52,13.14,0.0,3,3942,买盘
549,10:08:55,13.14,0.0,8,10512,买盘
550,10:08:58,13.13,-0.01,66,86674,卖盘
551,10:09:00,13.14,0.01,2,2628,买盘
552,10:09:10,13.14,0.0,8,10512,买盘
553,10:09:13,13.13,-0.01,10,13130,卖盘
554,10:09:15,13.14,0.01,8,10512,买盘
555,10:09:18,13.13,-0.01,60,78780,卖盘
556,10:09:22,13.14,0.01,122,160181,买盘
557,10:09:25,13.14,0.0,12,15766,买盘
558,10:09:28,13.13,-0.01,7,9191,中性盘
559,10:09:31,13.14,0.01,6,7883,买盘
560,10:09:33,13.14,0.0,1,1314,买盘
561,10:09:40,13.12,-0.02,80,104972,卖盘
562,10:09:43,13.13,0.01,10,13130,卖盘
563,10:09:46,13.13,0.0,19,24950,买盘
564,10:09:51,13.13,0.0,36,47247,买盘
565,10:09:55,13.13,0.0,38,49893,买盘
566,10:10:04,13.12,-0.01,43,56425,卖盘
567,10:10:10,13.13,0.01,7,9191,买盘
568,10:10:13,13.13,0.0,32,42016,买盘
569,10:10:16,13.12,-0.01,21,27552,卖盘
570,10:10:22,13.12,0.0,13,17067,卖盘
571,10:10:28,13.13,0.01,4,5252,买盘
572,10:10:34,13.13,0.0,10,13130,买盘
573,10:10:36,13.12,-0.01,35,45920,卖盘
574,10:10:39,13.12,0.0,6,7872,卖盘
575,10:10:42,13.13,0.01,5,6565,买盘
576,10:10:46,13.13,0.0,9,11812,买盘
577,10:10:52,13.12,-0.01,35,45940,卖盘
578,10:10:58,13.13,0.01,4,5252,买盘
579,10:11:01,13.12,-0.01,108,141720,卖盘
580,10:11:04,13.12,0.0,3,3936,卖盘
581,10:11:06,13.12,0.0,25,32821,卖盘
582,10:11:09,13.12,0.0,12,15754,卖盘
583,10:11:12,13.13,0.01,22,28898,卖盘
584,10:11:16,13.13,0.0,47,61711,买盘
585,10:11:18,13.13,0.0,80,104970,买盘
586,10:11:22,13.13,0.0,114,149592,买盘
587,10:11:25,13.13,0.0,2,2626,买盘
588,10:11:28,13.12,-0.01,10,13123,卖盘
589,10:11:37,13.13,0.01,19,24947,买盘
590,10:11:40,13.13,0.0,101,132613,买盘
591,10:11:46,13.13,0.0,10,13130,买盘
592,10:11:52,13.13,0.0,20,26260,买盘
593,10:11:55,13.13,0.0,16,21008,买盘
594,10:12:00,13.13,0.0,27,35451,买盘
595,10:12:04,13.13,0.0,5,6565,买盘
596,10:12:07,13.13,0.0,5,6565,买盘
597,10:12:10,13.13,0.0,3,3939,买盘
598,10:12:13,13.13,0.0,11,14443,买盘
599,10:12:16,13.13,0.0,10,13130,买盘
600,10:12:21,13.13,0.0,38,49894,买盘
601,10:12:25,13.16,0.03,360,474408,买盘
602,10:12:27,13.15,-0.01,3,3945,卖盘
603,10:12:34,13.16,0.01,5,6580,买盘
604,10:12:39,13.16,0.0,25,32880,买盘
605,10:12:43,13.17,0.01,14,18436,买盘
606,10:12:49,13.13,-0.04,193,252664,卖盘
607,10:12:52,13.15,0.02,106,139188,买盘
608,10:12:55,13.17,0.02,39,51351,买盘
609,10:13:10,13.15,-0.02,9,11835,买盘
610,10:13:13,13.13,-0.02,6,7878,卖盘
611,10:13:19,13.13,0.0,2,2626,卖盘
612,10:13:22,13.13,0.0,12,15764,卖盘
613,10:13:27,13.13,0.0,41,53853,卖盘
614,10:13:31,13.14,0.01,5,6570,卖盘
615,10:13:34,13.14,0.0,8,10513,卖盘
616,10:13:43,13.15,0.01,48,63120,买盘
617,10:13:46,13.14,-0.01,4,5256,卖盘
618,10:14:04,13.14,0.0,24,31554,卖盘
619,10:14:07,13.14,0.0,19,24966,卖盘
620,10:14:15,13.15,0.01,7,9205,买盘
621,10:14:18,13.14,-0.01,20,26281,卖盘
622,10:14:28,13.14,0.0,11,14464,卖盘
623,10:14:31,13.15,0.01,30,39450,买盘
624,10:14:34,13.15,0.0,24,31537,买盘
625,10:14:36,13.15,0.0,8,10520,买盘
626,10:14:43,13.14,-0.01,16,21025,卖盘
627,10:14:54,13.15,0.01,4,5258,买盘
628,10:14:58,13.15,0.0,76,99910,买盘
629,10:15:01,13.15,0.0,10,13150,买盘
630,10:15:04,13.15,0.0,11,14465,买盘
631,10:15:07,13.15,0.0,57,74955,买盘
632,10:15:10,13.15,0.0,4,5260,买盘
633,10:15:13,13.15,0.0,6,7890,买盘
634,10:15:15,13.15,0.0,24,31560,买盘
635,10:15:18,13.15,0.0,35,46025,买盘
636,10:15:22,13.15,0.0,13,17095,卖盘
637,10:15:24,13.16,0.01,1,1316,买盘
638,10:15:28,13.14,-0.02,162,212996,卖盘
639,10:15:31,13.15,0.01,84,110372,中性盘
640,10:15:34,13.15,0.0,3,3945,卖盘
641,10:15:48,13.16,0.01,41,53894,买盘
642,10:15:51,13.16,0.0,185,243460,买盘
643,10:15:57,13.17,0.01,212,279204,买盘
644,10:16:00,13.15,-0.02,20,26311,卖盘
645,10:16:04,13.15,0.0,13,17115,卖盘
646,10:16:07,13.17,0.02,5,6585,买盘
647,10:16:10,13.17,0.0,8,10536,买盘
648,10:16:22,13.16,-0.01,19,25004,买盘
649,10:16:28,13.15,-0.01,30,39450,卖盘
650,10:16:31,13.17,0.02,10,13170,买盘
651,10:16:37,13.15,-0.02,148,194628,卖盘
652,10:16:45,13.15,0.0,52,68380,买盘
653,10:16:49,13.15,0.0,87,114490,卖盘
654,10:16:55,13.14,-0.01,31,40735,卖盘
655,10:16:58,13.15,0.01,5,6575,买盘
656,10:17:04,13.15,0.0,3,3945,卖盘
657,10:17:07,13.15,0.0,1,1315,卖盘
658,10:17:13,13.15,0.0,29,38154,卖盘
659,10:17:15,13.15,0.0,2,2630,买盘
660,10:17:22,13.14,-0.01,10,13140,卖盘
661,10:17:31,13.14,0.0,3,3942,卖盘
662,10:17:40,13.14,0.0,11,14454,卖盘
663,10:17:46,13.14,0.0,164,215496,卖盘
664,10:17:49,13.14,0.0,30,39420,买盘
665,10:17:55,13.13,-0.01,15,19695,卖盘
666,10:17:58,13.14,0.01,10,13140,买盘
667,10:18:01,13.13,-0.01,11,14446,卖盘
668,10:18:04,13.13,0.0,10,13137,卖盘
669,10:18:25,13.13,0.0,163,214019,卖盘
670,10:18:28,13.13,0.0,24,31512,卖盘
671,10:18:31,13.14,0.01,19,24947,买盘
672,10:18:37,13.14,0.0,20,26275,买盘
673,10:18:40,13.12,-0.02,2,2624,卖盘
674,10:18:43,13.14,0.02,19,24938,买盘
675,10:18:46,13.14,0.0,10,13139,买盘
676,10:19:01,13.14,0.0,30,39420,买盘
677,10:19:06,13.14,0.0,28,36792,买盘
678,10:19:09,13.14,0.0,2,2628,卖盘
679,10:19:18,13.14,0.0,21,27594,卖盘
680,10:19:25,13.15,0.01,1,1315,买盘
681,10:19:28,13.14,-0.01,18,23652,卖盘
682,10:19:31,13.14,0.0,3,3942,中性盘
683,10:19:34,13.15,0.01,20,26300,买盘
684,10:19:37,13.14,-0.01,2,2628,卖盘
685,10:19:40,13.15,0.01,15,19712,买盘
686,10:19:43,13.13,-0.02,82,107666,卖盘
687,10:19:46,13.14,0.01,3,3942,中性盘
688,10:19:49,13.14,0.0,9,11826,卖盘
689,10:19:52,13.14,0.0,4,5256,卖盘
690,10:19:55,13.14,0.0,3,3942,买盘
691,10:20:04,13.13,-0.01,94,123422,卖盘
692,10:20:07,13.13,0.0,14,18382,卖盘
693,10:20:19,13.13,0.0,3,3939,中性盘
694,10:20:28,13.13,0.0,1,1313,卖盘
695,10:20:34,13.13,0.0,5,6565,卖盘
696,10:20:37,13.13,0.0,16,21008,买盘
697,10:20:49,13.13,0.0,10,13130,买盘
698,10:20:52,13.12,-0.01,37,48544,卖盘
699,10:20:55,13.13,0.01,2,2626,买盘
700,10:20:57,13.14,0.01,64,84096,买盘
701,10:21:04,13.13,-0.01,9,11817,卖盘
702,10:21:18,13.13,0.0,2,2626,卖盘
703,10:21:21,13.13,0.0,53,69589,卖盘
704,10:21:25,13.13,0.0,5,6565,卖盘
705,10:21:28,13.13,0.0,3,3939,卖盘
706,10:21:37,13.13,0.0,8,10504,卖盘
707,10:21:43,13.14,0.01,9,11826,买盘
708,10:21:46,13.14,0.0,24,31522,买盘
709,10:21:55,13.13,-0.01,25,32830,卖盘
710,10:22:01,13.14,0.01,3,3942,买盘
711,10:22:04,13.13,-0.01,1,1313,卖盘
712,10:22:07,13.14,0.01,20,26280,买盘
713,10:22:10,13.13,-0.01,45,59085,卖盘
714,10:22:19,13.13,0.0,340,446279,卖盘
715,10:22:22,13.12,-0.01,90,118080,卖盘
716,10:22:25,13.13,0.01,84,110216,买盘
717,10:22:31,13.12,-0.01,27,35428,买盘
718,10:22:34,13.12,0.0,1,1312,买盘
719,10:22:42,13.11,-0.01,20,26230,卖盘
720,10:22:46,13.12,0.01,30,39340,买盘
721,10:22:51,13.11,-0.01,11,14421,卖盘
722,10:22:55,13.12,0.01,13,17056,买盘
723,10:23:01,13.12,0.0,704,922508,买盘
724,10:23:04,13.11,-0.01,129,169020,买盘
725,10:23:13,13.1,-0.01,31,40610,卖盘
726,10:23:19,13.1,0.0,7,9170,买盘
727,10:23:22,13.1,0.0,15,19650,买盘
728,10:23:24,13.1,0.0,16,20956,买盘
729,10:23:28,13.09,-0.01,190,248742,卖盘
730,10:23:31,13.09,0.0,25,32725,卖盘
731,10:23:34,13.09,0.0,81,106029,卖盘
732,10:23:37,13.09,0.0,30,39270,卖盘
733,10:23:39,13.1,0.01,8,10480,买盘
734,10:23:43,13.1,0.0,5,6550,买盘
735,10:23:46,13.09,-0.01,48,62832,卖盘
736,10:23:49,13.09,0.0,87,113883,卖盘
737,10:23:52,13.09,0.0,20,26180,买盘
738,10:23:55,13.09,0.0,26,34014,买盘
739,10:23:58,13.08,-0.01,76,99458,卖盘
740,10:24:01,13.09,0.01,35,45815,买盘
741,10:24:04,13.08,-0.01,127,166116,卖盘
742,10:24:07,13.09,0.01,128,167456,买盘
743,10:24:10,13.09,0.0,16,20936,买盘
744,10:24:13,13.08,-0.01,76,99409,卖盘
745,10:24:16,13.09,0.01,24,31416,买盘
746,10:24:19,13.08,-0.01,24,31392,卖盘
747,10:24:21,13.09,0.01,54,70671,买盘
748,10:24:28,13.09,0.0,63,82467,卖盘
749,10:24:34,13.09,0.0,10,13090,卖盘
750,10:24:36,13.09,0.0,2,2618,卖盘
751,10:24:40,13.09,0.0,11,14400,卖盘
752,10:24:46,13.1,0.01,9,11790,买盘
753,10:24:48,13.09,-0.01,86,112644,卖盘
754,10:24:51,13.09,0.0,53,69411,卖盘
755,10:24:55,13.1,0.01,31,40603,中性盘
756,10:24:58,13.1,0.0,5,6550,卖盘
757,10:25:04,13.1,0.0,6,7865,卖盘
758,10:25:06,13.1,0.0,47,61580,卖盘
759,10:25:10,13.11,0.01,63,82539,买盘
760,10:25:12,13.1,-0.01,12,15720,卖盘
761,10:25:19,13.11,0.01,66,86491,买盘
762,10:25:24,13.1,-0.01,50,65500,卖盘
763,10:25:27,13.09,-0.01,88,115199,卖盘
764,10:25:31,13.1,0.01,157,205670,卖盘
765,10:25:34,13.11,0.01,49,64196,买盘
766,10:25:37,13.1,-0.01,85,111355,卖盘
767,10:25:40,13.1,0.0,125,163809,卖盘
768,10:25:42,13.11,0.01,12,15732,买盘
769,10:25:45,13.1,-0.01,7,9171,卖盘
770,10:25:52,13.11,0.01,5,6555,买盘
771,10:25:55,13.11,0.0,3,3933,买盘
772,10:25:58,13.11,0.0,16,20976,买盘
773,10:26:01,13.11,0.0,1,1311,买盘
774,10:26:04,13.11,0.0,6,7866,买盘
775,10:26:07,13.11,0.0,2,2622,买盘
776,10:26:10,13.1,-0.01,30,39300,卖盘
777,10:26:13,13.11,0.01,53,69464,买盘
778,10:26:19,13.11,0.0,30,39330,买盘
779,10:26:24,13.11,0.0,8,10488,买盘
780,10:26:28,13.11,0.0,17,22287,买盘
781,10:26:31,13.11,0.0,21,27531,买盘
782,10:26:36,13.1,-0.01,2,2620,卖盘
783,10:26:40,13.1,0.0,12,15720,卖盘
784,10:26:42,13.11,0.01,85,111430,买盘
785,10:26:48,13.11,0.0,2,2622,买盘
786,10:26:55,13.1,-0.01,35,45853,卖盘
787,10:26:58,13.11,0.01,115,150765,买盘
788,10:27:01,13.11,0.0,92,120612,卖盘
789,10:27:04,13.11,0.0,3,3933,卖盘
790,10:27:06,13.11,0.0,47,61619,卖盘
791,10:27:10,13.12,0.01,10,13120,买盘
792,10:27:16,13.12,0.0,37,48508,买盘
793,10:27:19,13.11,-0.01,82,107502,卖盘
794,10:27:34,13.12,0.01,14,18364,买盘
795,10:27:36,13.11,-0.01,12,15732,卖盘
796,10:27:46,13.11,0.0,21,27541,卖盘
797,10:27:49,13.11,0.0,5,6555,卖盘
798,10:27:52,13.11,0.0,4,5244,卖盘
799,10:27:55,13.11,0.0,33,43263,卖盘
800,10:28:04,13.11,0.0,14,18354,卖盘
801,10:28:07,13.12,0.01,25,32779,买盘
802,10:28:10,13.11,-0.01,110,144314,卖盘
803,10:28:16,13.11,0.0,9,11802,卖盘
804,10:28:18,13.11,0.0,4,5244,卖盘
805,10:28:21,13.11,0.0,4,5244,卖盘
806,10:28:25,13.12,0.01,5,6560,买盘
807,10:28:31,13.12,0.0,27,35424,买盘
808,10:28:34,13.12,0.0,4,5248,买盘
809,10:28:37,13.12,0.0,9,11808,买盘
810,10:28:40,13.12,0.0,5,6560,买盘
811,10:28:42,13.11,-0.01,28,36711,卖盘
812,10:28:46,13.12,0.01,6,7872,买盘
813,10:28:58,13.12,0.0,149,195488,买盘
814,10:29:01,13.12,0.0,57,74770,买盘
815,10:29:04,13.12,0.0,68,89216,买盘
816,10:29:07,13.11,-0.01,75,98395,卖盘
817,10:29:10,13.12,0.01,48,62976,买盘
818,10:29:13,13.12,0.0,73,95771,买盘
819,10:29:16,13.12,0.0,46,60352,买盘
820,10:29:19,13.12,0.0,41,53792,买盘
821,10:29:22,13.12,0.0,115,150870,买盘
822,10:29:24,13.13,0.01,4,5252,买盘
823,10:29:27,13.13,0.0,17,22321,买盘
824,10:29:30,13.13,0.0,11,14443,买盘
825,10:29:34,13.13,0.0,4,5252,买盘
826,10:29:37,13.13,0.0,10,13130,买盘
827,10:29:40,13.12,-0.01,33,43328,卖盘
828,10:29:46,13.13,0.01,121,158873,买盘
829,10:29:52,13.13,0.0,20,26260,卖盘
830,10:30:10,13.13,0.0,21,27573,卖盘
831,10:30:12,13.15,0.02,16,21028,买盘
832,10:30:16,13.13,-0.02,10,13130,卖盘
833,10:30:21,13.14,0.01,27,35478,卖盘
834,10:30:24,13.15,0.01,1,1315,买盘
835,10:30:31,13.14,-0.01,15,19710,卖盘
836,10:30:40,13.14,0.0,1,1314,卖盘
837,10:30:52,13.14,0.0,13,17082,卖盘
838,10:30:58,13.14,0.0,10,13140,卖盘
839,10:31:10,13.15,0.01,1,1315,买盘
840,10:31:13,13.14,-0.01,58,76217,卖盘
841,10:31:21,13.13,-0.01,6,7878,卖盘
842,10:31:28,13.14,0.01,2,2628,买盘
843,10:31:40,13.13,-0.01,128,168064,卖盘
844,10:31:43,13.14,0.01,1,1314,买盘
845,10:31:48,13.14,0.0,10,13140,买盘
846,10:31:52,13.13,-0.01,20,26260,卖盘
847,10:32:01,13.13,0.0,10,13130,卖盘
848,10:32:28,13.13,0.0,51,67002,卖盘
849,10:32:31,13.13,0.0,5,6565,卖盘
850,10:32:34,13.13,0.0,104,136552,卖盘
851,10:32:37,13.13,0.0,137,179906,卖盘
852,10:32:40,13.13,0.0,23,30199,买盘
853,10:32:46,13.13,0.0,12,15756,买盘
854,10:32:49,13.13,0.0,5,6565,买盘
855,10:32:55,13.13,0.0,34,44642,买盘
856,10:32:58,13.13,0.0,63,82719,买盘
857,10:33:01,13.13,0.0,18,23627,买盘
858,10:33:07,13.13,0.0,10,13130,买盘
859,10:33:10,13.14,0.01,66,86684,买盘
860,10:33:13,13.12,-0.02,2,2624,卖盘
861,10:33:16,13.12,0.0,9,11816,卖盘
862,10:33:25,13.13,0.01,7,9191,买盘
863,10:33:28,13.13,0.0,3,3939,买盘
864,10:33:34,13.12,-0.01,1,1312,卖盘
865,10:33:37,13.13,0.01,25,32821,买盘
866,10:33:40,13.14,0.01,70,91929,买盘
867,10:33:46,13.13,-0.01,5,6565,卖盘
868,10:33:49,13.14,0.01,73,95873,买盘
869,10:34:00,13.13,-0.01,20,26260,卖盘
870,10:34:04,13.14,0.01,12,15766,买盘
871,10:34:16,13.14,0.0,52,68328,买盘
872,10:34:19,13.14,0.0,20,26280,买盘
873,10:34:22,13.14,0.0,20,26280,买盘
874,10:34:25,13.14,0.0,21,27594,买盘
875,10:34:27,13.14,0.0,1,1314,买盘
876,10:34:31,13.14,0.0,2,2628,买盘
877,10:34:34,13.14,0.0,17,22338,买盘
878,10:34:37,13.14,0.0,19,24966,卖盘
879,10:34:45,13.14,0.0,2,2628,卖盘
880,10:34:58,13.15,0.01,62,81530,买盘
881,10:35:00,13.14,-0.01,51,66994,卖盘
882,10:35:10,13.14,0.0,2,2628,卖盘
883,10:35:18,13.14,0.0,20,26290,卖盘
884,10:35:22,13.14,0.0,70,91980,卖盘
885,10:35:28,13.13,-0.01,6,7878,卖盘
886,10:35:37,13.13,0.0,8,10504,卖盘
887,10:35:40,13.13,0.0,94,123436,卖盘
888,10:35:49,13.14,0.01,5,6570,买盘
889,10:35:55,13.13,-0.01,2,2626,卖盘
890,10:36:00,13.13,0.0,116,152308,卖盘
891,10:36:13,13.13,0.0,80,104992,买盘
892,10:36:19,13.13,0.0,15,19695,买盘
893,10:36:22,13.13,0.0,4,5252,卖盘
894,10:36:27,13.14,0.01,2,2628,买盘
895,10:36:31,13.13,-0.01,19,24959,卖盘
896,10:36:34,13.13,0.0,134,175942,卖盘
897,10:36:40,13.13,0.0,3,3939,买盘
898,10:36:43,13.13,0.0,25,32825,买盘
899,10:36:49,13.13,0.0,35,45955,买盘
900,10:36:58,13.13,0.0,7,9191,买盘
901,10:37:04,13.12,-0.01,40,52480,卖盘
902,10:37:06,13.13,0.01,17,22321,买盘
903,10:37:16,13.13,0.0,1,1313,买盘
904,10:37:25,13.12,-0.01,48,62976,卖盘
905,10:37:28,13.13,0.01,15,19695,买盘
906,10:37:33,13.13,0.0,47,61711,买盘
907,10:37:40,13.13,0.0,20,26260,买盘
908,10:37:46,13.13,0.0,17,22321,买盘
909,10:37:49,13.13,0.0,38,49884,买盘
910,10:37:54,13.12,-0.01,18,23624,卖盘
911,10:38:04,13.13,0.01,4,5252,买盘
912,10:38:10,13.13,0.0,8,10504,买盘
913,10:38:13,13.13,0.0,10,13130,买盘
914,10:38:24,13.13,0.0,4,5252,买盘
915,10:38:27,13.13,0.0,3,3939,买盘
916,10:38:34,13.13,0.0,5,6565,买盘
917,10:38:37,13.12,-0.01,73,95801,卖盘
918,10:38:40,13.13,0.01,100,131300,买盘
919,10:38:43,13.13,0.0,151,198251,买盘
920,10:38:49,13.14,0.01,113,148371,买盘
921,10:38:52,13.13,-0.01,16,21008,卖盘
922,10:38:54,13.14,0.01,35,45990,买盘
923,10:38:57,13.13,-0.01,14,18382,卖盘
924,10:39:01,13.13,0.0,8,10504,卖盘
925,10:39:13,13.15,0.02,105,137973,买盘
926,10:39:28,13.15,0.0,19,24985,买盘
927,10:39:33,13.16,0.01,123,161868,买盘
928,10:39:36,13.16,0.0,17,22372,买盘
929,10:39:46,13.17,0.01,26,34242,买盘
930,10:39:49,13.16,-0.01,48,63168,卖盘
931,10:39:52,13.17,0.01,16,21072,买盘
932,10:39:55,13.17,0.0,3,3951,买盘
933,10:39:58,13.17,0.0,10,13170,买盘
934,10:40:01,13.17,0.0,16,21072,买盘
935,10:40:04,13.17,0.0,14,19544,买盘
936,10:40:12,13.18,0.01,24,31632,买盘
937,10:40:18,13.15,-0.03,105,138156,卖盘
938,10:40:22,13.18,0.03,3,3954,卖盘
939,10:40:30,13.18,0.0,7,9226,卖盘
940,10:40:37,13.18,0.0,12,15825,卖盘
941,10:40:40,13.18,0.0,4,5272,卖盘
942,10:40:43,13.18,0.0,20,26360,买盘
943,10:40:46,13.19,0.01,19,25052,买盘
944,10:40:49,13.19,0.0,50,65950,买盘
945,10:40:51,13.19,0.0,4,5276,买盘
946,10:40:58,13.16,-0.03,56,73714,卖盘
947,10:41:01,13.16,0.0,4,5264,买盘
948,10:41:04,13.16,0.0,21,27636,买盘
949,10:41:07,13.16,0.0,13,17108,买盘
950,10:41:10,13.16,0.0,18,23688,买盘
951,10:41:13,13.16,0.0,41,53956,买盘
952,10:41:16,13.16,0.0,22,28952,买盘
953,10:41:19,13.16,0.0,23,30268,买盘
954,10:41:21,13.16,0.0,157,206612,买盘
955,10:41:31,13.16,0.0,32,42112,卖盘
956,10:41:34,13.18,0.02,5,6590,买盘
957,10:41:37,13.18,0.0,14,18452,卖盘
958,10:41:39,13.18,0.0,1,1318,买盘
959,10:41:43,13.18,0.0,1,1318,买盘
960,10:41:46,13.19,0.01,10,13190,买盘
961,10:41:49,13.19,0.0,35,46165,买盘
962,10:41:52,13.16,-0.03,228,300088,卖盘
963,10:42:09,13.17,0.01,48,63236,卖盘
964,10:42:22,13.17,0.0,60,79078,卖盘
965,10:42:24,13.17,0.0,10,13170,卖盘
966,10:42:30,13.18,0.01,29,38222,买盘
967,10:42:34,13.17,-0.01,2,2634,卖盘
968,10:42:36,13.18,0.01,14,18452,买盘
969,10:42:40,13.18,0.0,27,35586,买盘
970,10:42:49,13.18,0.0,2,2636,卖盘
971,10:42:52,13.18,0.0,10,13180,卖盘
972,10:42:58,13.18,0.0,34,44817,卖盘
973,10:43:00,13.18,0.0,15,19770,卖盘
974,10:43:04,13.18,0.0,16,21096,卖盘
975,10:43:06,13.18,0.0,78,102852,买盘
976,10:43:09,13.18,0.0,4,5272,买盘
977,10:43:13,13.18,0.0,14,18452,卖盘
978,10:43:16,13.18,0.0,9,11862,卖盘
979,10:43:19,13.18,0.0,67,88306,卖盘
980,10:43:22,13.17,-0.01,48,63221,卖盘
981,10:43:25,13.18,0.01,6,7908,卖盘
982,10:43:28,13.18,0.0,3,3954,卖盘
983,10:43:33,13.18,0.0,5,6590,卖盘
984,10:43:36,13.19,0.01,19,25061,买盘
985,10:43:40,13.18,-0.01,7,9226,卖盘
986,10:43:46,13.18,0.0,10,13180,买盘
987,10:43:52,13.18,0.0,18,23724,买盘
988,10:44:10,13.17,-0.01,233,306889,卖盘
989,10:44:13,13.18,0.01,42,55313,买盘
990,10:44:34,13.16,-0.02,48,63168,卖盘
991,10:44:37,13.17,0.01,21,27662,买盘
992,10:44:40,13.16,-0.01,369,485616,卖盘
993,10:44:43,13.16,0.0,151,198716,买盘
994,10:44:55,13.17,0.01,1,1317,卖盘
995,10:45:07,13.16,-0.01,6,7896,卖盘
996,10:45:25,13.17,0.01,15,19755,买盘
997,10:45:28,13.17,0.0,7,9217,买盘
998,10:45:40,13.16,-0.01,4,5264,卖盘
999,10:45:43,13.16,0.0,47,61852,卖盘
1000,10:45:46,13.17,0.01,25,32925,买盘
1001,10:45:52,13.16,-0.01,1,1316,卖盘
1002,10:45:55,13.16,0.0,32,42122,卖盘
1003,10:46:13,13.17,0.01,2,2634,买盘
1004,10:46:16,13.16,-0.01,37,48692,卖盘
1005,10:46:19,13.16,0.0,4,5264,买盘
1006,10:46:28,13.16,0.0,10,13160,买盘
1007,10:46:31,13.15,-0.01,128,168320,卖盘
1008,10:46:43,13.14,-0.01,4,5258,卖盘
1009,10:46:51,13.15,0.01,16,21040,买盘
1010,10:46:54,13.14,-0.01,47,61758,卖盘
1011,10:46:58,13.14,0.0,1,1314,卖盘
1012,10:47:04,13.15,0.01,4,5260,买盘
1013,10:47:21,13.15,0.0,55,72275,买盘
1014,10:47:27,13.16,0.01,5,6580,买盘
1015,10:47:31,13.15,-0.01,5,6575,卖盘
1016,10:47:42,13.16,0.01,1,1316,买盘
1017,10:47:45,13.15,-0.01,16,21055,卖盘
1018,10:47:55,13.16,0.01,4,5264,买盘
1019,10:48:07,13.16,0.0,56,73627,买盘
1020,10:48:13,13.15,-0.01,9,11835,卖盘
1021,10:48:16,13.15,0.0,49,64417,买盘
1022,10:48:25,13.13,-0.02,233,305995,卖盘
1023,10:48:34,13.13,0.0,20,26267,卖盘
1024,10:48:37,13.13,0.0,3,3939,卖盘
1025,10:48:40,13.15,0.02,10,13150,买盘
1026,10:48:43,13.13,-0.02,81,106469,卖盘
1027,10:48:46,13.14,0.01,6,7884,买盘
1028,10:48:49,13.14,0.0,5,6570,买盘
1029,10:48:55,13.14,0.0,18,23652,卖盘
1030,10:48:57,13.15,0.01,1,1315,买盘
1031,10:49:01,13.13,-0.02,119,156288,卖盘
1032,10:49:04,13.13,0.0,2,2626,卖盘
1033,10:49:10,13.14,0.01,8,10512,卖盘
1034,10:49:13,13.14,0.0,20,26280,卖盘
1035,10:49:16,13.13,-0.01,47,61713,卖盘
1036,10:49:25,13.14,0.01,10,13140,卖盘
1037,10:49:34,13.14,0.0,22,28913,卖盘
1038,10:49:40,13.15,0.01,45,59140,买盘
1039,10:49:46,13.15,0.0,3,3945,买盘
1040,10:50:06,13.15,0.0,2,2630,卖盘
1041,10:50:13,13.15,0.0,19,24985,卖盘
1042,10:50:24,13.15,0.0,10,13150,卖盘
1043,10:50:28,13.13,-0.02,47,61778,卖盘
1044,10:50:31,13.15,0.02,19,24999,卖盘
1045,10:50:40,13.13,-0.02,4,5252,卖盘
1046,10:50:42,13.13,0.0,2,2626,卖盘
1047,10:50:46,13.14,0.01,11,14454,卖盘
1048,10:50:48,13.14,0.0,7,9198,卖盘
1049,10:50:51,13.13,-0.01,23,30204,卖盘
1050,10:50:55,13.13,0.0,19,24947,卖盘
1051,10:51:01,13.13,0.0,2,2626,卖盘
1052,10:51:07,13.13,0.0,2,2626,卖盘
1053,10:51:10,13.14,0.01,50,65665,中性盘
1054,10:51:19,13.14,0.0,2,2628,卖盘
1055,10:51:22,13.14,0.0,4,5256,卖盘
1056,10:51:25,13.14,0.0,14,18396,卖盘
1057,10:51:30,13.14,0.0,5,6570,买盘
1058,10:51:34,13.14,0.0,30,39420,买盘
1059,10:51:36,13.13,-0.01,48,63025,卖盘
1060,10:51:39,13.13,0.0,28,36764,卖盘
1061,10:51:42,13.13,0.0,69,90597,卖盘
1062,10:51:46,13.13,0.0,29,38077,买盘
1063,10:51:49,13.13,0.0,27,35451,买盘
1064,10:51:57,13.12,-0.01,122,160064,卖盘
1065,10:52:01,13.12,0.0,109,143008,卖盘
1066,10:52:06,13.11,-0.01,2,2622,卖盘
1067,10:52:12,13.12,0.01,38,49828,买盘
1068,10:52:21,13.12,0.0,5,6560,买盘
1069,10:52:25,13.12,0.0,22,28864,买盘
1070,10:52:28,13.12,0.0,28,36736,买盘
1071,10:52:36,13.12,0.0,22,28864,买盘
1072,10:52:39,13.12,0.0,1,1312,买盘
1073,10:52:45,13.11,-0.01,30,39330,卖盘
1074,10:52:49,13.11,0.0,48,62928,卖盘
1075,10:52:55,13.12,0.01,3,3936,买盘
1076,10:53:01,13.11,-0.01,25,32775,卖盘
1077,10:53:04,13.11,0.0,32,41962,卖盘
1078,10:53:07,13.11,0.0,10,13110,卖盘
1079,10:53:16,13.12,0.01,10,13120,买盘
1080,10:53:25,13.11,-0.01,2,2622,卖盘
1081,10:53:28,13.12,0.01,5,6560,买盘
1082,10:53:34,13.12,0.0,20,26240,买盘
1083,10:53:37,13.12,0.0,37,48544,买盘
1084,10:53:39,13.12,0.0,60,78720,买盘
1085,10:53:46,13.12,0.0,15,19680,卖盘
1086,10:53:52,13.13,0.01,6,7878,买盘
1087,10:53:55,13.12,-0.01,2,2624,卖盘
1088,10:53:58,13.12,0.0,105,137841,卖盘
1089,10:54:01,13.12,0.0,2,2624,卖盘
1090,10:54:07,13.12,0.0,2,2624,卖盘
1091,10:54:16,13.13,0.01,16,21008,卖盘
1092,10:54:25,13.13,0.0,10,13128,买盘
1093,10:54:28,13.13,0.0,15,19695,买盘
1094,10:54:34,13.13,0.0,7,9191,卖盘
1095,10:54:40,13.11,-0.02,450,590265,卖盘
1096,10:54:46,13.12,0.01,16,20992,买盘
1097,10:54:49,13.11,-0.01,138,180918,卖盘
1098,10:55:00,13.12,0.01,4,5248,买盘
1099,10:55:10,13.11,-0.01,62,81297,卖盘
1100,10:55:12,13.12,0.01,33,43296,卖盘
1101,10:55:28,13.11,-0.01,6,7866,卖盘
1102,10:55:34,13.12,0.01,7,9184,买盘
1103,10:55:37,13.12,0.0,10,13120,买盘
1104,10:55:40,13.12,0.0,83,108815,买盘
1105,10:55:46,13.12,0.0,1,1312,买盘
1106,10:55:51,13.12,0.0,20,26240,买盘
1107,10:56:01,13.12,0.0,1,1312,买盘
1108,10:56:04,13.12,0.0,39,51165,买盘
1109,10:56:15,13.13,0.01,45,59060,买盘
1110,10:56:18,13.12,-0.01,47,61668,卖盘
1111,10:56:24,13.12,0.0,19,24928,卖盘
1112,10:56:34,13.13,0.01,10,13130,卖盘
1113,10:56:43,13.14,0.01,11,14448,买盘
1114,10:56:45,13.13,-0.01,10,13130,卖盘
1115,10:57:12,13.13,0.0,45,59085,卖盘
1116,10:57:16,13.14,0.01,3,3942,买盘
1117,10:57:19,13.13,-0.01,1,1313,卖盘
1118,10:57:25,13.14,0.01,11,14444,买盘
1119,10:57:30,13.13,-0.01,51,66963,卖盘
1120,10:57:33,13.13,0.0,2,2626,卖盘
1121,10:57:40,13.13,0.0,15,19695,卖盘
1122,10:57:43,13.13,0.0,20,26260,卖盘
1123,10:57:46,13.14,0.01,41,53872,买盘
1124,10:57:52,13.14,0.0,2,2628,卖盘
1125,10:58:00,13.14,0.0,16,21024,卖盘
1126,10:58:10,13.14,0.0,17,22338,卖盘
1127,10:58:13,13.14,0.0,10,13140,卖盘
1128,10:58:24,13.14,0.0,4,5256,卖盘
1129,10:58:31,13.15,0.01,5,6574,买盘
1130,10:58:40,13.14,-0.01,31,40734,买盘
1131,10:58:43,13.14,0.0,48,63072,卖盘
1132,10:58:46,13.14,0.0,5,6570,卖盘
1133,10:58:48,13.14,0.0,16,21024,卖盘
1134,10:59:07,13.13,-0.01,2,2626,卖盘
1135,10:59:13,13.14,0.01,5,6570,买盘
1136,10:59:18,13.14,0.0,19,24966,买盘
1137,10:59:31,13.14,0.0,10,13140,卖盘
1138,10:59:40,13.14,0.0,5,6570,卖盘
1139,10:59:54,13.14,0.0,44,57816,卖盘
1140,10:59:58,13.13,-0.01,50,65650,卖盘
1141,11:00:16,13.12,-0.01,151,198223,卖盘
1142,11:00:40,13.13,0.01,20,26260,买盘
1143,11:00:46,13.13,0.0,8,10504,买盘
1144,11:00:49,13.12,-0.01,30,39360,卖盘
1145,11:00:51,13.13,0.01,12,15756,买盘
1146,11:00:58,13.13,0.0,10,13130,买盘
1147,11:01:15,13.13,0.0,4,5252,买盘
1148,11:01:18,13.13,0.0,60,78725,买盘
1149,11:01:46,13.12,-0.01,36,47252,卖盘
1150,11:01:52,13.13,0.01,24,31500,买盘
1151,11:01:57,13.13,0.0,7,9191,卖盘
1152,11:02:00,13.13,0.0,7,9191,买盘
1153,11:02:07,13.13,0.0,10,13130,卖盘
1154,11:02:28,13.13,0.0,2,2626,卖盘
1155,11:02:30,13.12,-0.01,48,62986,卖盘
1156,11:03:04,13.13,0.01,10,13130,卖盘
1157,11:03:09,13.13,0.0,11,14443,卖盘
1158,11:03:15,13.12,-0.01,62,81357,卖盘
1159,11:03:28,13.12,0.0,14,18368,卖盘
1160,11:03:31,13.14,0.02,3,3942,买盘
1161,11:03:40,13.12,-0.02,1,1312,卖盘
1162,11:03:42,13.12,0.0,48,62976,卖盘
1163,11:03:58,13.13,0.01,6,7878,中性盘
1164,11:04:10,13.13,0.0,3,3939,买盘
1165,11:04:15,13.13,0.0,41,53833,卖盘
1166,11:04:22,13.13,0.0,14,18382,卖盘
1167,11:04:31,13.13,0.0,7,9191,买盘
1168,11:04:34,13.12,-0.01,41,53811,卖盘
1169,11:04:52,13.12,0.0,52,68251,卖盘
1170,11:04:55,13.12,0.0,15,19680,卖盘
1171,11:05:01,13.12,0.0,200,262411,卖盘
1172,11:05:04,13.13,0.01,10,13130,卖盘
1173,11:05:27,13.13,0.0,9,11817,买盘
1174,11:05:31,13.13,0.0,6,7878,买盘
1175,11:05:42,13.13,0.0,2,2626,卖盘
1176,11:06:10,13.13,0.0,51,66963,卖盘
1177,11:06:13,13.14,0.01,6,7884,买盘
1178,11:06:25,13.13,-0.01,20,26260,卖盘
1179,11:06:31,13.13,0.0,1,1313,卖盘
1180,11:06:37,13.13,0.0,4,5252,卖盘
1181,11:06:40,13.13,0.0,10,13130,买盘
1182,11:06:43,13.14,0.01,3,3942,买盘
1183,11:06:49,13.14,0.0,19,24942,买盘
1184,11:06:58,13.14,0.0,2,2628,买盘
1185,11:07:01,13.14,0.0,1,1314,买盘
1186,11:07:07,13.13,-0.01,4,5252,卖盘
1187,11:07:15,13.13,0.0,14,18382,买盘
1188,11:07:18,13.12,-0.01,47,61668,卖盘
1189,11:07:36,13.13,0.01,4,5252,卖盘
1190,11:07:48,13.13,0.0,3,3939,卖盘
1191,11:08:06,13.13,0.0,2,2626,卖盘
1192,11:08:16,13.13,0.0,10,13130,卖盘
1193,11:08:19,13.13,0.0,146,191698,卖盘
1194,11:08:34,13.13,0.0,90,118089,买盘
1195,11:08:39,13.12,-0.01,13,17056,卖盘
1196,11:08:43,13.12,0.0,128,167951,卖盘
1197,11:08:45,13.12,0.0,49,64288,卖盘
1198,11:08:48,13.12,0.0,6,7872,买盘
1199,11:08:54,13.11,-0.01,105,137675,卖盘
1200,11:08:58,13.11,0.0,8,10488,卖盘
1201,11:09:01,13.11,0.0,2,2622,卖盘
1202,11:09:04,13.11,0.0,316,414340,卖盘
1203,11:09:12,13.11,0.0,24,31464,卖盘
1204,11:09:16,13.11,0.0,5,6555,卖盘
1205,11:09:19,13.11,0.0,14,18354,卖盘
1206,11:09:24,13.11,0.0,53,69503,卖盘
1207,11:09:28,13.11,0.0,20,26220,卖盘
1208,11:09:48,13.11,0.0,50,65550,卖盘
1209,11:09:58,13.12,0.01,6,7872,买盘
1210,11:10:01,13.11,-0.01,11,14421,卖盘
1211,11:10:07,13.11,0.0,50,65550,卖盘
1212,11:10:10,13.11,0.0,20,26220,卖盘
1213,11:10:19,13.12,0.01,6,7872,买盘
1214,11:10:22,13.12,0.0,5,6560,卖盘
1215,11:10:30,13.12,0.0,8,10496,卖盘
1216,11:10:37,13.12,0.0,31,40672,卖盘
1217,11:10:40,13.12,0.0,11,14432,卖盘
1218,11:10:43,13.12,0.0,2,2624,卖盘
1219,11:10:52,13.11,-0.01,5,6555,卖盘
1220,11:11:01,13.11,0.0,49,64239,卖盘
1221,11:11:09,13.11,0.0,30,39330,卖盘
1222,11:11:22,13.1,-0.01,50,65510,卖盘
1223,11:11:25,13.11,0.01,6,7866,中性盘
1224,11:11:30,13.11,0.0,1,1311,买盘
1225,11:11:36,13.11,0.0,38,49818,卖盘
1226,11:11:40,13.11,0.0,11,14421,买盘
1227,11:11:49,13.11,0.0,1,1311,卖盘
1228,11:11:52,13.11,0.0,12,15732,卖盘
1229,11:11:58,13.11,0.0,54,70794,卖盘
1230,11:12:04,13.11,0.0,10,13110,卖盘
1231,11:12:07,13.11,0.0,12,15732,卖盘
1232,11:12:10,13.11,0.0,15,19665,卖盘
1233,11:12:13,13.11,0.0,53,69483,卖盘
1234,11:12:31,13.11,0.0,34,44574,卖盘
1235,11:12:46,13.12,0.01,40,52480,买盘
1236,11:12:55,13.11,-0.01,53,69483,卖盘
1237,11:13:07,13.1,-0.01,627,821551,卖盘
1238,11:13:16,13.1,0.0,4,5241,卖盘
1239,11:13:25,13.1,0.0,21,27510,卖盘
1240,11:13:28,13.1,0.0,50,65500,卖盘
1241,11:13:30,13.1,0.0,15,19650,卖盘
1242,11:13:34,13.11,0.01,4,5244,买盘
1243,11:13:40,13.1,-0.01,4,5240,卖盘
1244,11:13:46,13.1,0.0,16,20960,卖盘
1245,11:13:58,13.1,0.0,3,3930,卖盘
1246,11:14:01,13.1,0.0,77,100870,卖盘
1247,11:14:04,13.11,0.01,10,13110,买盘
1248,11:14:09,13.1,-0.01,20,26200,卖盘
1249,11:14:27,13.1,0.0,26,34060,卖盘
1250,11:14:31,13.1,0.0,98,128381,卖盘
1251,11:14:39,13.1,0.0,8,10480,卖盘
1252,11:14:42,13.1,0.0,74,96940,卖盘
1253,11:14:46,13.1,0.0,10,13100,卖盘
1254,11:14:49,13.1,0.0,3,3930,卖盘
1255,11:14:51,13.1,0.0,21,27510,卖盘
1256,11:14:55,13.1,0.0,92,120520,卖盘
1257,11:15:01,13.09,-0.01,2,2618,卖盘
1258,11:15:04,13.09,0.0,55,71995,卖盘
1259,11:15:06,13.09,0.0,69,90321,卖盘
1260,11:15:13,13.09,0.0,80,104720,卖盘
1261,11:15:22,13.1,0.01,9,11785,买盘
1262,11:15:27,13.09,-0.01,114,149226,卖盘
1263,11:15:33,13.09,0.0,142,185878,卖盘
1264,11:15:36,13.09,0.0,27,35343,卖盘
1265,11:15:43,13.09,0.0,5,6545,买盘
1266,11:15:45,13.09,0.0,4,5236,买盘
1267,11:15:48,13.09,0.0,10,13090,买盘
1268,11:15:52,13.08,-0.01,47,61476,卖盘
1269,11:15:55,13.08,0.0,44,57577,卖盘
1270,11:16:00,13.08,0.0,20,26160,卖盘
1271,11:16:03,13.09,0.01,3,3927,买盘
1272,11:16:07,13.08,-0.01,5,6540,卖盘
1273,11:16:10,13.08,0.0,28,36624,卖盘
1274,11:16:16,13.09,0.01,87,113798,买盘
1275,11:16:21,13.08,-0.01,14,18312,卖盘
1276,11:16:24,13.09,0.01,49,64102,买盘
1277,11:16:27,13.08,-0.01,14,18321,卖盘
1278,11:16:31,13.08,0.0,50,65400,卖盘
1279,11:16:34,13.08,0.0,20,26160,卖盘
1280,11:16:36,13.09,0.01,5,6545,买盘
1281,11:16:40,13.08,-0.01,32,41860,卖盘
1282,11:16:46,13.08,0.0,15,19620,卖盘
1283,11:16:52,13.08,0.0,1,1308,卖盘
1284,11:17:04,13.08,0.0,47,61476,卖盘
1285,11:17:06,13.08,0.0,105,137440,卖盘
1286,11:17:09,13.08,0.0,100,130800,卖盘
1287,11:17:12,13.08,0.0,2,2616,卖盘
1288,11:17:16,13.08,0.0,5,6540,卖盘
1289,11:17:19,13.08,0.0,18,23544,卖盘
1290,11:17:22,13.09,0.01,3,3927,买盘
1291,11:17:25,13.09,0.0,32,41858,买盘
1292,11:17:34,13.09,0.0,5,6545,买盘
1293,11:17:37,13.09,0.0,8,10472,买盘
1294,11:17:40,13.08,-0.01,154,201477,卖盘
1295,11:18:04,13.09,0.01,40,52360,卖盘
1296,11:18:09,13.09,0.0,20,26180,卖盘
1297,11:18:12,13.08,-0.01,47,61493,卖盘
1298,11:18:24,13.1,0.02,3,3930,买盘
1299,11:18:31,13.08,-0.02,31,40563,卖盘
1300,11:19:01,13.09,0.01,8,10472,卖盘
1301,11:19:04,13.09,0.0,20,26180,卖盘
1302,11:19:06,13.09,0.0,8,10472,买盘
1303,11:19:13,13.09,0.0,1,1309,买盘
1304,11:19:16,13.09,0.0,21,27489,买盘
1305,11:19:22,13.09,0.0,17,22247,买盘
1306,11:19:25,13.08,-0.01,60,78480,卖盘
1307,11:19:28,13.09,0.01,25,32725,买盘
1308,11:19:30,13.09,0.0,5,6545,买盘
1309,11:19:33,13.09,0.0,26,34024,买盘
1310,11:19:40,13.09,0.0,13,17017,买盘
1311,11:19:52,13.1,0.01,9,11790,买盘
1312,11:19:55,13.09,-0.01,94,123046,卖盘
1313,11:19:57,13.09,0.0,1,1309,卖盘
1314,11:20:01,13.09,0.0,9,11781,买盘
1315,11:20:06,13.09,0.0,10,13090,卖盘
1316,11:20:09,13.09,0.0,1,1309,卖盘
1317,11:20:18,13.09,0.0,58,75922,卖盘
1318,11:20:28,13.1,0.01,2,2620,买盘
1319,11:20:30,13.09,-0.01,50,65450,卖盘
1320,11:20:33,13.1,0.01,49,64143,买盘
1321,11:20:45,13.09,-0.01,10,13090,卖盘
1322,11:20:48,13.1,0.01,13,17030,买盘
1323,11:21:03,13.1,0.0,54,70740,买盘
1324,11:21:10,13.1,0.0,2,2620,买盘
1325,11:21:12,13.1,0.0,4,5240,买盘
1326,11:21:22,13.1,0.0,1,1310,买盘
1327,11:21:33,13.09,-0.01,2,2618,卖盘
1328,11:21:37,13.1,0.01,53,69430,买盘
1329,11:21:43,13.1,0.0,30,39300,买盘
1330,11:21:46,13.09,-0.01,48,62832,卖盘
1331,11:21:49,13.09,0.0,33,43200,卖盘
1332,11:22:18,13.09,0.0,121,158389,卖盘
1333,11:22:21,13.09,0.0,8,10472,买盘
1334,11:22:25,13.09,0.0,8,10472,买盘
1335,11:22:31,13.09,0.0,2,2618,买盘
1336,11:22:34,13.08,-0.01,35,45810,卖盘
1337,11:22:46,13.08,0.0,7,9156,卖盘
1338,11:22:52,13.08,0.0,7,9156,卖盘
1339,11:22:55,13.08,0.0,22,28792,卖盘
1340,11:22:57,13.09,0.01,67,87655,买盘
1341,11:23:01,13.08,-0.01,24,31392,卖盘
1342,11:23:06,13.08,0.0,30,39240,卖盘
1343,11:23:09,13.08,0.0,33,43164,卖盘
1344,11:23:19,13.08,0.0,3,3924,卖盘
1345,11:23:27,13.08,0.0,4,5232,卖盘
1346,11:23:33,13.09,0.01,36,47090,买盘
1347,11:23:42,13.08,-0.01,8,10464,卖盘
1348,11:23:45,13.09,0.01,5,6545,买盘
1349,11:23:57,13.09,0.0,10,13090,买盘
1350,11:24:04,13.09,0.0,1,1309,买盘
1351,11:24:06,13.08,-0.01,75,98105,卖盘
1352,11:24:12,13.08,0.0,2,2616,卖盘
1353,11:24:15,13.08,0.0,51,66708,卖盘
1354,11:24:19,13.09,0.01,16,20937,买盘
1355,11:24:22,13.08,-0.01,2,2616,卖盘
1356,11:24:28,13.09,0.01,125,163625,买盘
1357,11:24:31,13.09,0.0,15,19635,卖盘
1358,11:24:37,13.1,0.01,8,10480,买盘
1359,11:24:40,13.1,0.0,2,2620,买盘
1360,11:24:46,13.1,0.0,70,91700,买盘
1361,11:24:49,13.1,0.0,28,36705,卖盘
1362,11:24:52,13.11,0.01,101,132311,买盘
1363,11:25:01,13.11,0.0,10,13110,买盘
1364,11:25:04,13.11,0.0,2,2622,买盘
1365,11:25:07,13.11,0.0,6,7866,买盘
1366,11:25:10,13.11,0.0,14,18354,买盘
1367,11:25:12,13.11,0.0,61,79971,买盘
1368,11:25:15,13.11,0.0,25,32775,买盘
1369,11:25:19,13.11,0.0,74,96967,买盘
1370,11:25:31,13.1,-0.01,60,78610,卖盘
1371,11:25:34,13.11,0.01,3,3933,买盘
1372,11:25:37,13.11,0.0,15,19665,买盘
1373,11:25:40,13.1,-0.01,50,65500,卖盘
1374,11:25:45,13.11,0.01,21,27531,买盘
1375,11:25:49,13.11,0.0,80,104880,买盘
1376,11:25:55,13.1,-0.01,84,110040,卖盘
1377,11:25:57,13.11,0.01,3,3933,买盘
1378,11:26:01,13.11,0.0,204,267440,卖盘
1379,11:26:13,13.12,0.01,5,6560,买盘
1380,11:26:19,13.11,-0.01,1,1311,卖盘
1381,11:26:31,13.11,0.0,48,62928,卖盘
1382,11:26:34,13.11,0.0,2,2622,卖盘
1383,11:26:40,13.11,0.0,14,18354,卖盘
1384,11:26:43,13.11,0.0,64,83904,卖盘
1385,11:26:49,13.11,0.0,10,13110,买盘
1386,11:26:52,13.11,0.0,24,31464,买盘
1387,11:27:07,13.11,0.0,157,205827,买盘
1388,11:27:37,13.11,0.0,50,65550,卖盘
1389,11:27:40,13.1,-0.01,47,61575,卖盘
1390,11:27:54,13.1,0.0,15,19650,卖盘
1391,11:28:01,13.11,0.01,3,3933,买盘
1392,11:28:04,13.1,-0.01,14,18340,卖盘
1393,11:28:06,13.1,0.0,1,1310,买盘
1394,11:28:16,13.11,0.01,9,11799,买盘
1395,11:28:22,13.11,0.0,1,1311,买盘
1396,11:28:24,13.1,-0.01,3,3930,卖盘
1397,11:28:28,13.1,0.0,4,5240,卖盘
1398,11:28:36,13.1,0.0,11,14400,买盘
1399,11:28:42,13.1,0.0,20,26200,卖盘
1400,11:28:48,13.1,0.0,2,2620,买盘
1401,11:28:52,13.09,-0.01,47,61523,卖盘
1402,11:28:54,13.1,0.01,14,18340,买盘
1403,11:29:00,13.1,0.0,10,13100,买盘
1404,11:29:06,13.1,0.0,15,19650,买盘
1405,11:29:18,13.09,-0.01,146,191114,卖盘
1406,11:29:21,13.1,0.01,2,2620,买盘
1407,11:29:24,13.1,0.0,10,13100,买盘
1408,11:29:34,13.09,-0.01,10,13090,卖盘
1409,11:29:45,13.09,0.0,1,1309,卖盘
1410,11:30:01,13.1,0.01,41,53710,买盘
1411,13:00:04,13.1,0.0,212,277699,买盘
1412,13:00:07,13.1,0.0,44,57640,卖盘
1413,13:00:09,13.1,0.0,16,20952,买盘
1414,13:00:13,13.09,-0.01,4,5238,卖盘
1415,13:00:25,13.09,0.0,2,2618,卖盘
1416,13:00:27,13.09,0.0,13,17020,卖盘
1417,13:00:30,13.09,0.0,4,5236,卖盘
1418,13:00:37,13.09,0.0,2,2618,卖盘
1419,13:00:40,13.09,0.0,6,7854,卖盘
1420,13:00:52,13.09,0.0,2,2618,卖盘
1421,13:01:07,13.09,0.0,20,26180,卖盘
1422,13:01:12,13.09,0.0,24,31416,卖盘
1423,13:01:21,13.09,0.0,4,5236,卖盘
1424,13:01:27,13.09,0.0,38,49744,卖盘
1425,13:01:30,13.09,0.0,8,10472,卖盘
1426,13:01:51,13.1,0.01,2,2620,买盘
1427,13:01:54,13.09,-0.01,10,13090,卖盘
1428,13:01:57,13.1,0.01,10,13100,买盘
1429,13:02:04,13.09,-0.01,37,48436,卖盘
1430,13:02:07,13.1,0.01,15,19650,买盘
1431,13:02:16,13.09,-0.01,23,30125,卖盘
1432,13:02:19,13.09,0.0,24,31416,卖盘
1433,13:02:22,13.1,0.01,116,151930,买盘
1434,13:02:25,13.09,-0.01,4,5236,卖盘
1435,13:02:28,13.09,0.0,2,2618,卖盘
1436,13:02:31,13.09,0.0,2,2618,卖盘
1437,13:02:34,13.09,0.0,1,1309,卖盘
1438,13:02:40,13.1,0.01,2,2620,买盘
1439,13:02:43,13.09,-0.01,23,30107,卖盘
1440,13:03:19,13.09,0.0,100,130900,卖盘
1441,13:03:22,13.09,0.0,24,31416,卖盘
1442,13:03:24,13.09,0.0,2,2618,卖盘
1443,13:03:30,13.09,0.0,10,13090,卖盘
1444,13:03:33,13.09,0.0,3,3927,买盘
1445,13:03:36,13.09,0.0,1,1309,卖盘
1446,13:03:45,13.09,0.0,1,1309,卖盘
1447,13:03:49,13.09,0.0,2,2618,卖盘
1448,13:03:57,13.09,0.0,18,23562,卖盘
1449,13:04:01,13.09,0.0,6,7854,卖盘
1450,13:04:04,13.09,0.0,2,2618,卖盘
1451,13:04:06,13.09,0.0,12,15716,卖盘
1452,13:04:10,13.09,0.0,4,5236,卖盘
1453,13:04:16,13.09,0.0,24,31416,卖盘
1454,13:04:19,13.09,0.0,13,17017,卖盘
1455,13:04:22,13.1,0.01,5,6550,买盘
1456,13:04:28,13.09,-0.01,10,13090,卖盘
1457,13:04:30,13.08,-0.01,26,34033,卖盘
1458,13:04:37,13.09,0.01,9,11781,买盘
1459,13:04:52,13.09,0.0,30,39251,买盘
1460,13:05:01,13.09,0.0,25,32725,卖盘
1461,13:05:18,13.09,0.0,1,1309,卖盘
1462,13:05:30,13.08,-0.01,148,193671,卖盘
1463,13:05:34,13.08,0.0,24,31392,卖盘
1464,13:05:57,13.1,0.02,6,7860,买盘
1465,13:06:01,13.09,-0.01,25,32725,卖盘
1466,13:06:04,13.09,0.0,23,30107,卖盘
1467,13:06:07,13.1,0.01,13,17030,买盘
1468,13:06:13,13.09,-0.01,27,35343,卖盘
1469,13:06:16,13.1,0.01,50,65500,买盘
1470,13:06:18,13.09,-0.01,2,2618,卖盘
1471,13:06:21,13.09,0.0,6,7854,卖盘
1472,13:06:30,13.08,-0.01,9,11779,卖盘
1473,13:06:39,13.08,0.0,185,241980,卖盘
1474,13:06:42,13.07,-0.01,25,32675,卖盘
1475,13:06:45,13.07,0.0,10,13070,卖盘
1476,13:06:49,13.07,0.0,41,53587,卖盘
1477,13:06:55,13.07,0.0,7,9149,卖盘
1478,13:07:00,13.08,0.01,1,1308,买盘
1479,13:07:15,13.08,0.0,83,108564,买盘
1480,13:07:27,13.09,0.01,2,2618,买盘
1481,13:07:48,13.08,-0.01,2,2616,卖盘
1482,13:07:51,13.08,0.0,25,32700,卖盘
1483,13:08:04,13.08,0.0,26,34008,卖盘
1484,13:08:07,13.08,0.0,16,20928,卖盘
1485,13:08:10,13.08,0.0,8,10464,卖盘
1486,13:08:15,13.08,0.0,44,57590,卖盘
1487,13:08:21,13.09,0.01,10,13090,买盘
1488,13:08:27,13.08,-0.01,41,53628,卖盘
1489,13:08:33,13.08,0.0,18,23544,卖盘
1490,13:08:36,13.07,-0.01,2,2614,卖盘
1491,13:08:39,13.09,0.02,10,13085,买盘
1492,13:08:52,13.08,-0.01,35,45790,卖盘
1493,13:08:55,13.08,0.0,24,31392,卖盘
1494,13:09:01,13.08,0.0,4,5232,卖盘
1495,13:09:04,13.08,0.0,22,28776,买盘
1496,13:09:07,13.08,0.0,14,18312,买盘
1497,13:09:10,13.08,0.0,20,26160,买盘
1498,13:09:21,13.08,0.0,45,58860,卖盘
1499,13:09:31,13.08,0.0,148,193681,卖盘
1500,13:09:33,13.08,0.0,9,11772,买盘
1501,13:09:39,13.08,0.0,2,2616,买盘
1502,13:09:43,13.08,0.0,12,15696,买盘
1503,13:09:49,13.07,-0.01,77,100656,卖盘
1504,13:09:54,13.08,0.01,250,326753,买盘
1505,13:09:58,13.08,0.0,81,105907,买盘
1506,13:10:01,13.06,-0.02,165,215631,卖盘
1507,13:10:04,13.07,0.01,45,58815,买盘
1508,13:10:07,13.06,-0.01,38,49632,卖盘
1509,13:10:09,13.07,0.01,10,13070,买盘
1510,13:10:13,13.06,-0.01,56,73136,卖盘
1511,13:10:27,13.06,0.0,319,416614,卖盘
1512,13:10:30,13.06,0.0,16,20896,卖盘
1513,13:10:34,13.06,0.0,10,13060,卖盘
1514,13:10:36,13.07,0.01,40,52250,买盘
1515,13:10:39,13.07,0.0,10,13068,买盘
1516,13:10:48,13.07,0.0,10,13070,买盘
1517,13:10:52,13.06,-0.01,1,1306,卖盘
1518,13:10:55,13.07,0.01,12,15684,买盘
1519,13:10:58,13.06,-0.01,302,394414,卖盘
1520,13:11:04,13.06,0.0,222,289932,卖盘
1521,13:11:07,13.06,0.0,27,35238,买盘
1522,13:11:10,13.07,0.01,100,130667,买盘
1523,13:11:13,13.06,-0.01,26,33941,中性盘
1524,13:11:19,13.06,0.0,2,2612,卖盘
1525,13:11:22,13.06,0.0,19,24824,卖盘
1526,13:11:24,13.06,0.0,22,28732,卖盘
1527,13:11:27,13.06,0.0,69,90067,买盘
1528,13:11:30,13.07,0.01,6,7842,买盘
1529,13:11:33,13.06,-0.01,10,13060,卖盘
1530,13:11:36,13.06,0.0,12,15672,卖盘
1531,13:11:42,13.06,0.0,12,15672,卖盘
1532,13:11:46,13.06,0.0,6,7836,卖盘
1533,13:11:49,13.07,0.01,1,1307,买盘
1534,13:11:58,13.06,-0.01,42,54852,卖盘
1535,13:12:01,13.06,0.0,36,47028,卖盘
1536,13:12:04,13.07,0.01,2,2614,买盘
1537,13:12:07,13.06,-0.01,8,10448,卖盘
1538,13:12:10,13.06,0.0,39,50945,卖盘
1539,13:12:13,13.06,0.0,16,20896,卖盘
1540,13:12:16,13.06,0.0,55,71838,卖盘
1541,13:12:18,13.06,0.0,101,131906,卖盘
1542,13:12:24,13.06,0.0,120,156720,卖盘
1543,13:12:36,13.06,0.0,8,10448,买盘
1544,13:12:39,13.06,0.0,131,170958,买盘
1545,13:12:48,13.05,-0.01,566,738630,卖盘
1546,13:12:52,13.06,0.01,9,11754,买盘
1547,13:12:54,13.05,-0.01,6,7830,卖盘
1548,13:12:58,13.06,0.01,30,39161,买盘
1549,13:13:04,13.05,-0.01,1,1305,卖盘
1550,13:13:10,13.05,0.0,281,366705,卖盘
1551,13:13:13,13.05,0.0,22,28710,买盘
1552,13:13:16,13.05,0.0,53,69149,卖盘
1553,13:13:22,13.04,-0.01,242,315581,卖盘
1554,13:13:25,13.04,0.0,9,11736,买盘
1555,13:13:28,13.03,-0.01,315,410445,卖盘
1556,13:13:31,13.04,0.01,18,23472,买盘
1557,13:13:34,13.03,-0.01,47,61241,卖盘
1558,13:13:37,13.03,0.0,323,420878,卖盘
1559,13:13:42,13.02,-0.01,38,49510,卖盘
1560,13:13:49,13.02,0.0,47,61201,卖盘
1561,13:13:52,13.02,0.0,45,58590,卖盘
1562,13:13:55,13.02,0.0,42,54685,卖盘
1563,13:13:58,13.03,0.01,46,59923,买盘
1564,13:14:01,13.03,0.0,149,194147,买盘
1565,13:14:04,13.01,-0.02,1016,1322601,卖盘
1566,13:14:07,13.02,0.01,7,9114,买盘
1567,13:14:10,13.02,0.0,155,201800,买盘
1568,13:14:12,13.01,-0.01,200,260209,卖盘
1569,13:14:15,13.01,0.0,37,48140,卖盘
1570,13:14:18,13.01,0.0,163,211791,卖盘
1571,13:14:21,13.0,-0.01,225,292590,卖盘
1572,13:14:25,13.01,0.01,20,26020,卖盘
1573,13:14:28,13.01,0.0,194,252415,买盘
1574,13:14:31,13.01,0.0,51,66351,中性盘
1575,13:14:33,13.01,0.0,79,102765,买盘
1576,13:14:36,13.01,0.0,212,275612,买盘
1577,13:14:40,13.0,-0.01,12,15607,卖盘
1578,13:14:43,13.01,0.01,105,136537,买盘
1579,13:14:45,13.01,0.0,50,65010,买盘
1580,13:14:48,13.01,0.0,19,24719,买盘
1581,13:14:52,13.0,-0.01,214,278213,卖盘
1582,13:14:55,13.0,0.0,60,78000,卖盘
1583,13:14:58,13.01,0.01,31,40331,买盘
1584,13:15:01,13.01,0.0,210,273075,买盘
1585,13:15:04,13.01,0.0,23,29923,卖盘
1586,13:15:06,13.02,0.01,196,254909,买盘
1587,13:15:10,13.02,0.0,53,68958,买盘
1588,13:15:13,13.02,0.0,11,14319,买盘
1589,13:15:15,13.02,0.0,13,16921,买盘
1590,13:15:18,13.02,0.0,47,61185,买盘
1591,13:15:21,13.02,0.0,3,3906,买盘
1592,13:15:25,13.02,0.0,74,96324,买盘
1593,13:15:28,13.02,0.0,43,55986,买盘
1594,13:15:34,13.02,0.0,10,13020,卖盘
1595,13:15:36,13.02,0.0,14,18236,卖盘
1596,13:15:40,13.03,0.01,29,37787,买盘
1597,13:15:43,13.03,0.0,58,75526,买盘
1598,13:15:52,13.03,0.0,8,10424,买盘
1599,13:15:58,13.03,0.0,100,130300,买盘
1600,13:16:00,13.03,0.0,38,49514,买盘
1601,13:16:04,13.03,0.0,17,22148,买盘
1602,13:16:07,13.03,0.0,10,13030,买盘
1603,13:16:10,13.03,0.0,11,14333,买盘
1604,13:16:12,13.03,0.0,63,82089,买盘
1605,13:16:16,13.03,0.0,122,158966,买盘
1606,13:16:22,13.03,0.0,27,35181,卖盘
1607,13:16:27,13.03,0.0,32,41693,买盘
1608,13:16:31,13.03,0.0,24,31272,卖盘
1609,13:16:37,13.03,0.0,30,39100,卖盘
1610,13:16:40,13.04,0.01,5,6520,买盘
1611,13:16:49,13.04,0.0,8,10432,买盘
1612,13:16:52,13.04,0.0,58,75631,买盘
1613,13:16:55,13.04,0.0,11,14339,买盘
1614,13:17:00,13.04,0.0,3,3912,买盘
1615,13:17:04,13.04,0.0,35,45640,买盘
1616,13:17:07,13.04,0.0,2,2608,买盘
1617,13:17:10,13.05,0.01,18,23482,买盘
1618,13:17:16,13.03,-0.02,199,259356,卖盘
1619,13:17:19,13.03,0.0,8,10424,买盘
1620,13:17:22,13.03,0.0,13,16939,买盘
1621,13:17:28,13.02,-0.01,6,7812,卖盘
1622,13:17:30,13.03,0.01,67,87301,买盘
1623,13:17:33,13.02,-0.01,54,70338,卖盘
1624,13:17:40,13.03,0.01,1,1303,买盘
1625,13:17:42,13.03,0.0,5,6515,买盘
1626,13:17:45,13.03,0.0,3,3909,买盘
1627,13:17:52,13.03,0.0,31,40393,买盘
1628,13:17:54,13.02,-0.01,202,263006,卖盘
1629,13:17:57,13.03,0.01,21,27363,买盘
1630,13:18:04,13.03,0.0,14,18236,买盘
1631,13:18:06,13.02,-0.01,7,9115,卖盘
1632,13:18:09,13.02,0.0,34,44286,卖盘
1633,13:18:12,13.03,0.01,10,13030,买盘
1634,13:18:16,13.03,0.0,1,1303,买盘
1635,13:18:19,13.03,0.0,8,10424,买盘
1636,13:18:21,13.03,0.0,31,40387,买盘
1637,13:18:25,13.03,0.0,17,22151,买盘
1638,13:18:28,13.03,0.0,23,29965,卖盘
1639,13:18:30,13.03,0.0,11,14333,买盘
1640,13:18:36,13.03,0.0,34,44302,卖盘
1641,13:18:40,13.02,-0.01,24,31248,卖盘
1642,13:18:42,13.03,0.01,4,5212,买盘
1643,13:18:45,13.03,0.0,20,26060,买盘
1644,13:18:51,13.03,0.0,3,3909,买盘
1645,13:18:57,13.03,0.0,99,128917,买盘
1646,13:19:01,13.03,0.0,1,1303,买盘
1647,13:19:07,13.02,-0.01,20,26040,卖盘
1648,13:19:10,13.03,0.01,8,10424,买盘
1649,13:19:13,13.02,-0.01,109,141918,卖盘
1650,13:19:18,13.02,0.0,28,36456,卖盘
1651,13:19:22,13.02,0.0,61,79425,卖盘
1652,13:19:25,13.02,0.0,13,16926,买盘
1653,13:19:30,13.02,0.0,113,147126,买盘
1654,13:19:33,13.02,0.0,91,118449,买盘
1655,13:19:36,13.02,0.0,5,6508,买盘
1656,13:19:40,13.01,-0.01,350,455361,卖盘
1657,13:19:43,13.02,0.01,3,3906,买盘
1658,13:19:46,13.01,-0.01,154,200354,卖盘
1659,13:19:49,13.02,0.01,27,35150,买盘
1660,13:19:55,13.02,0.0,2,2604,买盘
1661,13:19:58,13.01,-0.01,2,2602,卖盘
1662,13:20:01,13.02,0.01,6,7812,买盘
1663,13:20:04,13.02,0.0,8,10416,买盘
1664,13:20:07,13.02,0.0,5,6510,买盘
1665,13:20:10,13.01,-0.01,10,13010,卖盘
1666,13:20:13,13.02,0.01,18,23426,买盘
1667,13:20:15,13.01,-0.01,80,104080,卖盘
1668,13:20:19,13.02,0.01,10,13020,买盘
1669,13:20:21,13.02,0.0,2,2604,买盘
1670,13:20:27,13.02,0.0,24,31248,买盘
1671,13:20:33,13.02,0.0,31,40362,买盘
1672,13:20:36,13.02,0.0,1,1302,买盘
1673,13:20:39,13.02,0.0,70,91106,买盘
1674,13:20:42,13.01,-0.01,15,19515,卖盘
1675,13:20:49,13.01,0.0,17,22132,卖盘
1676,13:20:51,13.02,0.01,38,49451,买盘
1677,13:20:54,13.02,0.0,2,2604,买盘
1678,13:20:58,13.01,-0.01,32,41642,卖盘
1679,13:21:00,13.02,0.01,125,162640,买盘
1680,13:21:04,13.01,-0.01,64,83265,卖盘
1681,13:21:07,13.01,0.0,93,121001,卖盘
1682,13:21:10,13.02,0.01,9,11718,买盘
1683,13:21:13,13.01,-0.01,70,91070,卖盘
1684,13:21:15,13.02,0.01,42,54620,买盘
1685,13:21:22,13.01,-0.01,54,70254,卖盘
1686,13:21:28,13.01,0.0,12,15612,买盘
1687,13:21:31,13.01,0.0,20,26020,买盘
1688,13:21:33,13.01,0.0,56,72826,买盘
1689,13:21:37,13.0,-0.01,25,32500,卖盘
1690,13:21:40,13.01,0.01,5,6505,买盘
1691,13:21:42,13.01,0.0,10,13010,买盘
1692,13:21:46,13.01,0.0,87,113187,买盘
1693,13:21:52,13.01,0.0,37,48137,卖盘
1694,13:21:55,13.01,0.0,2,2602,买盘
1695,13:21:58,13.0,-0.01,37,48113,卖盘
1696,13:22:04,13.0,0.0,605,786505,卖盘
1697,13:22:07,13.0,0.0,123,159900,卖盘
1698,13:22:10,13.0,0.0,121,157321,卖盘
1699,13:22:13,13.0,0.0,106,137800,卖盘
1700,13:22:16,13.0,0.0,133,172900,卖盘
1701,13:22:19,13.0,0.0,200,260286,卖盘
1702,13:22:22,12.99,-0.01,45,58455,卖盘
1703,13:22:25,12.99,0.0,24,31178,卖盘
1704,13:22:28,13.0,0.01,52,67567,买盘
1705,13:22:31,12.98,-0.02,105,136297,卖盘
1706,13:22:33,12.99,0.01,18,23382,中性盘
1707,13:22:46,12.98,-0.01,50,64900,卖盘
1708,13:22:49,12.98,0.0,71,92166,卖盘
1709,13:22:52,12.98,0.0,46,59708,卖盘
1710,13:22:55,12.98,0.0,58,75284,卖盘
1711,13:22:58,12.98,0.0,10,12980,卖盘
1712,13:23:01,12.98,0.0,26,33748,卖盘
1713,13:23:04,12.98,0.0,32,41512,买盘
1714,13:23:06,12.97,-0.01,12,15569,卖盘
1715,13:23:10,12.98,0.01,10,12980,买盘
1716,13:23:13,12.98,0.0,26,33732,买盘
1717,13:23:16,12.97,-0.01,77,99874,卖盘
1718,13:23:19,12.97,0.0,24,31128,卖盘
1719,13:23:22,12.97,0.0,8,10376,买盘
1720,13:23:24,12.98,0.01,23,29832,买盘
1721,13:23:31,12.98,0.0,50,64900,买盘
1722,13:23:34,12.98,0.0,47,61006,买盘
1723,13:23:36,12.99,0.01,42,54525,买盘
1724,13:23:40,12.97,-0.02,66,85641,卖盘
1725,13:23:42,12.97,0.0,3,3891,卖盘
1726,13:23:45,12.98,0.01,166,215307,买盘
1727,13:23:48,12.98,0.0,52,67449,卖盘
1728,13:23:52,12.97,-0.01,30,38930,卖盘
1729,13:23:55,12.98,0.01,6,7788,买盘
1730,13:24:01,12.98,0.0,41,53187,买盘
1731,13:24:04,12.98,0.0,5,6490,买盘
1732,13:24:07,12.98,0.0,47,60980,买盘
1733,13:24:10,12.97,-0.01,9,11673,卖盘
1734,13:24:13,12.97,0.0,15,19455,买盘
1735,13:24:16,12.97,0.0,45,58341,买盘
1736,13:24:19,12.97,0.0,7,9079,买盘
1737,13:24:21,12.97,0.0,24,31128,买盘
1738,13:24:24,12.97,0.0,38,49286,买盘
1739,13:24:28,12.97,0.0,45,58365,买盘
1740,13:24:30,12.96,-0.01,13,16851,卖盘
1741,13:24:34,12.97,0.01,5,6485,买盘
1742,13:24:37,12.97,0.0,36,46692,买盘
1743,13:24:39,12.96,-0.01,16,20737,卖盘
1744,13:24:42,12.97,0.01,25,32419,买盘
1745,13:24:46,12.96,-0.01,138,178854,卖盘
1746,13:24:48,12.96,0.0,123,159514,卖盘
1747,13:24:52,12.96,0.0,12,15552,卖盘
1748,13:24:54,12.97,0.01,11,14264,买盘
1749,13:24:57,12.96,-0.01,19,24624,卖盘
1750,13:25:00,12.96,0.0,71,92034,卖盘
1751,13:25:04,12.96,0.0,2,2592,卖盘
1752,13:25:07,12.97,0.01,4,5188,买盘
1753,13:25:09,12.97,0.0,7,9079,买盘
1754,13:25:12,12.97,0.0,82,106330,买盘
1755,13:25:18,12.96,-0.01,90,116690,卖盘
1756,13:25:22,12.97,0.01,28,36315,买盘
1757,13:25:25,12.98,0.01,48,62259,买盘
1758,13:25:28,12.97,-0.01,51,66147,卖盘
1759,13:25:34,12.97,0.0,43,55784,卖盘
1760,13:25:37,12.98,0.01,26,33748,买盘
1761,13:25:40,12.97,-0.01,2,2594,卖盘
1762,13:25:43,12.98,0.01,24,31138,买盘
1763,13:25:46,12.98,0.0,2,2596,买盘
1764,13:25:49,12.98,0.0,13,16874,买盘
1765,13:25:52,12.98,0.0,31,40227,买盘
1766,13:25:55,12.98,0.0,18,23364,买盘
1767,13:26:01,12.98,0.0,12,15576,卖盘
1768,13:26:04,12.99,0.01,23,29877,买盘
1769,13:26:10,12.99,0.0,8,10392,买盘
1770,13:26:12,12.99,0.0,77,100023,买盘
1771,13:26:18,12.99,0.0,62,80514,买盘
1772,13:26:21,12.99,0.0,21,27279,买盘
1773,13:26:25,12.99,0.0,12,15588,买盘
1774,13:26:27,13.0,0.01,3,3898,买盘
1775,13:26:34,13.0,0.0,8,10400,买盘
1776,13:26:39,13.0,0.0,23,29900,买盘
1777,13:26:42,12.98,-0.02,67,87032,卖盘
1778,13:26:46,13.0,0.02,10,13000,买盘
1779,13:26:48,13.0,0.0,5,6500,买盘
1780,13:26:52,13.0,0.0,57,74093,买盘
1781,13:26:55,13.0,0.0,10,13000,买盘
1782,13:26:58,13.0,0.0,33,42900,买盘
1783,13:27:01,13.0,0.0,8,10400,买盘
1784,13:27:04,13.0,0.0,10,13000,买盘
1785,13:27:10,12.99,-0.01,23,29877,卖盘
1786,13:27:13,13.0,0.01,1,1300,买盘
1787,13:27:15,13.0,0.0,8,10400,买盘
1788,13:27:18,13.0,0.0,17,22100,买盘
1789,13:27:22,12.99,-0.01,124,161052,卖盘
1790,13:27:28,12.99,0.0,13,16887,买盘
1791,13:27:31,12.99,0.0,5,6495,买盘
1792,13:27:34,12.98,-0.01,50,64916,卖盘
1793,13:27:42,12.98,0.0,39,50635,卖盘
1794,13:27:52,12.98,0.0,3,3894,卖盘
1795,13:27:58,12.99,0.01,116,150582,买盘
1796,13:28:01,12.98,-0.01,7,9086,卖盘
1797,13:28:06,12.98,0.0,16,20768,卖盘
1798,13:28:09,12.98,0.0,8,10384,卖盘
1799,13:28:12,12.99,0.01,74,96126,买盘
1800,13:28:19,12.99,0.0,17,22078,买盘
1801,13:28:22,12.99,0.0,1,1299,卖盘
1802,13:28:25,13.0,0.01,8,10400,买盘
1803,13:28:28,12.99,-0.01,31,40270,卖盘
1804,13:28:31,12.99,0.0,3,3897,卖盘
1805,13:28:34,13.0,0.01,6,7800,买盘
1806,13:28:37,13.0,0.0,8,10400,买盘
1807,13:28:40,13.0,0.0,207,269000,买盘
1808,13:28:43,13.0,0.0,2,2600,买盘
1809,13:28:46,12.99,-0.01,58,75387,卖盘
1810,13:28:49,13.0,0.01,1,1300,买盘
1811,13:28:58,13.0,0.0,3,3900,买盘
1812,13:29:01,13.0,0.0,23,29899,买盘
1813,13:29:04,12.99,-0.01,182,236418,卖盘
1814,13:29:07,13.0,0.01,60,77982,买盘
1815,13:29:13,13.0,0.0,11,14300,买盘
1816,13:29:19,13.0,0.0,3,3900,买盘
1817,13:29:22,13.0,0.0,10,13000,买盘
1818,13:29:31,13.0,0.0,17,22100,买盘
1819,13:29:33,12.99,-0.01,32,41576,卖盘
1820,13:29:37,13.0,0.01,6,7800,买盘
1821,13:29:46,13.0,0.0,8,10400,买盘
1822,13:29:48,13.0,0.0,8,10400,买盘
1823,13:29:57,13.0,0.0,4,5200,买盘
1824,13:30:04,13.0,0.0,49,63700,买盘
1825,13:30:13,13.0,0.0,49,63695,买盘
1826,13:30:16,13.0,0.0,3,3900,买盘
1827,13:30:28,13.0,0.0,10,13000,买盘
1828,13:30:31,13.0,0.0,22,28600,买盘
1829,13:30:34,12.99,-0.01,35,45499,卖盘
1830,13:30:37,13.0,0.01,66,85776,买盘
1831,13:30:40,13.0,0.0,20,26000,买盘
1832,13:30:43,13.0,0.0,1,1300,买盘
1833,13:30:45,13.0,0.0,10,13000,买盘
1834,13:30:49,13.0,0.0,1,1014,卖盘
1835,13:31:04,13.01,0.01,18,23403,买盘
1836,13:31:10,13.01,0.0,3,3903,卖盘
1837,13:31:13,13.02,0.01,8,10416,买盘
1838,13:31:16,13.01,-0.01,12,15612,卖盘
1839,13:31:19,13.02,0.01,5,6510,买盘
1840,13:31:22,13.02,0.0,8,10416,买盘
1841,13:31:28,13.02,0.0,8,10416,买盘
1842,13:31:36,13.02,0.0,4,5208,买盘
1843,13:31:40,13.02,0.0,8,10416,买盘
1844,13:31:43,13.02,0.0,46,59866,买盘
1845,13:31:49,13.02,0.0,23,29946,买盘
1846,13:31:54,13.02,0.0,16,20832,买盘
1847,13:32:04,13.02,0.0,25,32531,买盘
1848,13:32:06,13.02,0.0,83,108066,买盘
1849,13:32:15,13.03,0.01,38,49504,买盘
1850,13:32:19,13.03,0.0,8,10424,买盘
1851,13:32:24,13.03,0.0,23,29954,买盘
1852,13:32:27,13.02,-0.01,4,5208,卖盘
1853,13:32:34,13.03,0.01,8,10424,买盘
1854,13:32:37,13.02,-0.01,1,1302,卖盘
1855,13:32:40,13.03,0.01,26,33878,买盘
1856,13:32:48,13.02,-0.01,36,46888,卖盘
1857,13:32:51,13.02,0.0,60,78140,卖盘
1858,13:32:55,13.02,0.0,6,7812,卖盘
1859,13:32:57,13.02,0.0,26,33852,卖盘
1860,13:33:01,13.02,0.0,1,1302,卖盘
1861,13:33:04,13.02,0.0,6,7812,卖盘
1862,13:33:06,13.02,0.0,30,39060,买盘
1863,13:33:10,13.02,0.0,6,7810,买盘
1864,13:33:13,13.03,0.01,4,5212,买盘
1865,13:33:28,13.02,-0.01,50,65100,卖盘
1866,13:33:31,13.03,0.01,20,26060,买盘
1867,13:33:40,13.03,0.0,65,84695,买盘
1868,13:33:42,13.03,0.0,1,1303,买盘
1869,13:33:46,13.03,0.0,14,18242,买盘
1870,13:33:49,13.03,0.0,9,11727,买盘
1871,13:33:55,13.03,0.0,25,32575,卖盘
1872,13:33:58,13.03,0.0,35,45605,卖盘
1873,13:34:01,13.03,0.0,12,15643,卖盘
1874,13:34:07,13.03,0.0,50,65150,买盘
1875,13:34:09,13.03,0.0,10,13030,买盘
1876,13:34:13,13.03,0.0,2,2606,买盘
1877,13:34:25,13.02,-0.01,2,2604,卖盘
1878,13:34:28,13.03,0.01,22,28645,买盘
1879,13:34:31,13.03,0.0,23,29969,买盘
1880,13:34:34,13.03,0.0,25,32575,买盘
1881,13:34:40,13.02,-0.01,47,61226,卖盘
1882,13:34:52,13.02,0.0,39,50781,卖盘
1883,13:34:55,13.03,0.01,191,248714,买盘
1884,13:34:58,13.02,-0.01,14,18228,卖盘
1885,13:35:01,13.02,0.0,39,50778,卖盘
1886,13:35:04,13.02,0.0,52,67680,买盘
1887,13:35:07,13.02,0.0,13,16926,买盘
1888,13:35:16,13.01,-0.01,149,193849,卖盘
1889,13:35:21,13.01,0.0,5,6505,卖盘
1890,13:35:24,13.01,0.0,35,45535,卖盘
1891,13:35:27,13.01,0.0,9,11709,卖盘
1892,13:35:31,13.01,0.0,28,36436,卖盘
1893,13:35:34,13.01,0.0,39,50751,卖盘
1894,13:35:36,13.01,0.0,20,26020,卖盘
1895,13:35:39,13.01,0.0,32,41632,卖盘
1896,13:35:51,13.0,-0.01,47,61108,卖盘
1897,13:35:54,13.01,0.01,95,123530,买盘
1898,13:35:58,13.0,-0.01,20,26001,卖盘
1899,13:36:00,13.0,0.0,119,154700,卖盘
1900,13:36:04,13.0,0.0,29,37986,卖盘
1901,13:36:06,12.99,-0.01,24,31176,卖盘
1902,13:36:09,13.0,0.01,7,9100,买盘
1903,13:36:19,13.0,0.0,5,6500,买盘
1904,13:36:28,13.0,0.0,10,13000,买盘
1905,13:36:36,12.98,-0.02,345,447944,卖盘
1906,13:36:40,12.98,0.0,25,32450,买盘
1907,13:36:46,12.98,0.0,1,1298,买盘
1908,13:36:49,12.98,0.0,24,31152,买盘
1909,13:36:52,12.98,0.0,4,5192,买盘
1910,13:36:55,12.98,0.0,20,25960,买盘
1911,13:36:58,12.98,0.0,8,10384,买盘
1912,13:37:01,12.98,0.0,12,15576,卖盘
1913,13:37:04,12.98,0.0,1,1298,买盘
1914,13:37:10,12.98,0.0,5,6490,买盘
1915,13:37:13,12.98,0.0,41,53194,买盘
1916,13:37:22,12.98,0.0,5,6490,卖盘
1917,13:37:27,12.99,0.01,8,10392,买盘
1918,13:37:34,12.99,0.0,39,50661,买盘
1919,13:37:46,13.0,0.01,8,10400,买盘
1920,13:37:48,12.99,-0.01,12,15588,卖盘
1921,13:38:00,12.99,0.0,74,96126,卖盘
1922,13:38:06,12.99,0.0,20,25980,卖盘
1923,13:38:10,13.0,0.01,47,61100,买盘
1924,13:38:13,13.0,0.0,31,40300,买盘
1925,13:38:16,13.0,0.0,4,4914,买盘
1926,13:38:19,12.99,-0.01,24,31188,卖盘
1927,13:38:31,13.0,0.01,2,2600,买盘
1928,13:38:36,13.0,0.0,68,88340,买盘
1929,13:38:43,13.0,0.0,3,3900,买盘
1930,13:38:51,13.0,0.0,17,22100,买盘
1931,13:38:54,12.99,-0.01,40,51967,卖盘
1932,13:39:06,13.0,0.01,8,10400,买盘
1933,13:39:19,13.0,0.0,8,10400,买盘
1934,13:39:22,12.99,-0.01,52,67576,卖盘
1935,13:39:25,13.0,0.01,2,2600,买盘
1936,13:39:39,13.01,0.01,8,10408,买盘
1937,13:39:46,13.0,-0.01,115,149500,卖盘
1938,13:39:52,13.0,0.0,16,20799,买盘
1939,13:39:55,13.0,0.0,21,27300,买盘
1940,13:40:07,13.0,0.0,1,1300,卖盘
1941,13:40:13,13.01,0.01,21,27308,买盘
1942,13:40:30,13.01,0.0,76,98848,买盘
1943,13:40:34,13.0,-0.01,10,13000,卖盘
1944,13:40:37,13.01,0.01,2,2602,买盘
1945,13:40:54,13.0,-0.01,25,32500,卖盘
1946,13:40:57,13.01,0.01,47,61147,买盘
1947,13:41:07,13.0,-0.01,150,195000,卖盘
1948,13:41:10,13.0,0.0,24,31200,卖盘
1949,13:41:13,13.0,0.0,20,26000,卖盘
1950,13:41:16,13.0,0.0,20,26000,卖盘
1951,13:41:22,13.01,0.01,11,14311,买盘
1952,13:41:25,13.0,-0.01,1,1300,卖盘
1953,13:41:30,13.0,0.0,13,16900,卖盘
1954,13:41:33,13.01,0.01,5,6505,买盘
1955,13:41:36,13.0,-0.01,24,31200,卖盘
1956,13:41:39,13.01,0.01,11,14311,买盘
1957,13:41:42,13.01,0.0,1,1301,买盘
1958,13:41:45,13.0,-0.01,15,19500,卖盘
1959,13:41:51,13.01,0.01,30,39030,买盘
1960,13:41:55,13.01,0.0,29,37724,买盘
1961,13:41:58,13.01,0.0,12,15612,买盘
1962,13:42:04,13.01,0.0,46,59846,买盘
1963,13:42:07,13.01,0.0,10,13010,买盘
1964,13:42:09,13.01,0.0,10,13010,买盘
1965,13:42:13,13.01,0.0,6,7806,买盘
1966,13:42:16,13.01,0.0,2,2602,买盘
1967,13:42:19,13.01,0.0,8,10408,买盘
1968,13:42:22,13.01,0.0,93,120993,买盘
1969,13:42:31,13.01,0.0,23,29923,卖盘
1970,13:42:34,13.02,0.01,7,9114,买盘
1971,13:42:37,13.01,-0.01,8,10408,卖盘
1972,13:42:40,13.01,0.0,24,31224,卖盘
1973,13:42:45,13.02,0.01,8,10416,买盘
1974,13:42:52,13.01,-0.01,4,5204,卖盘
1975,13:42:55,13.02,0.01,8,10416,买盘
1976,13:42:58,13.02,0.0,22,28642,买盘
1977,13:43:04,13.02,0.0,53,69006,买盘
1978,13:43:16,13.03,0.01,1,1303,买盘
1979,13:43:19,13.03,0.0,78,101634,买盘
1980,13:43:24,13.04,0.01,8,10432,买盘
1981,13:43:28,13.03,-0.01,4,5212,卖盘
1982,13:43:30,13.04,0.01,25,32600,买盘
1983,13:43:37,13.05,0.01,20,26100,买盘
1984,13:43:40,13.05,0.0,26,33930,买盘
1985,13:43:45,13.05,0.0,27,35212,买盘
1986,13:43:49,13.05,0.0,25,32625,卖盘
1987,13:43:52,13.05,0.0,14,18270,卖盘
1988,13:43:55,13.06,0.01,10,13057,买盘
1989,13:43:57,13.05,-0.01,14,18270,中性盘
1990,13:44:00,13.06,0.01,156,203736,买盘
1991,13:44:06,13.07,0.01,17,22210,买盘
1992,13:44:12,13.07,0.0,25,32675,买盘
1993,13:44:19,13.07,0.0,25,32675,买盘
1994,13:44:25,13.07,0.0,20,26140,买盘
1995,13:44:34,13.06,-0.01,16,20902,卖盘
1996,13:44:36,13.06,0.0,3,3918,卖盘
1997,13:44:42,13.06,0.0,24,31344,卖盘
1998,13:44:45,13.06,0.0,2,2612,卖盘
1999,13:44:49,13.06,0.0,1,1306,卖盘
2000,13:44:55,13.06,0.0,44,57440,买盘
2001,13:45:12,13.06,0.0,25,32650,买盘
2002,13:45:16,13.06,0.0,20,26120,买盘
2003,13:45:19,13.06,0.0,10,13060,买盘
2004,13:45:22,13.06,0.0,1,1306,买盘
2005,13:45:25,13.06,0.0,7,9142,买盘
2006,13:45:40,13.06,0.0,74,96644,买盘
2007,13:45:49,13.07,0.01,82,107174,买盘
2008,13:45:52,13.06,-0.01,276,360456,卖盘
2009,13:45:55,13.06,0.0,9,11754,买盘
2010,13:45:57,13.06,0.0,50,65276,买盘
2011,13:46:00,13.06,0.0,19,24814,买盘
2012,13:46:10,13.07,0.01,5,6535,买盘
2013,13:46:25,13.06,-0.01,20,26120,卖盘
2014,13:46:31,13.06,0.0,10,13060,卖盘
2015,13:46:34,13.06,0.0,5,6530,卖盘
2016,13:46:37,13.06,0.0,20,26120,卖盘
2017,13:46:40,13.06,0.0,50,65300,卖盘
2018,13:46:45,13.06,0.0,20,26120,买盘
2019,13:46:48,13.05,-0.01,2,2610,卖盘
2020,13:46:51,13.05,0.0,29,37845,卖盘
2021,13:47:04,13.03,-0.02,24,31289,卖盘
2022,13:47:07,13.03,0.0,1,1303,卖盘
2023,13:47:16,13.05,0.02,20,26098,买盘
2024,13:47:21,13.05,0.0,20,26100,买盘
2025,13:47:27,13.03,-0.02,14,18242,卖盘
2026,13:47:34,13.05,0.02,2,2610,买盘
2027,13:47:54,13.04,-0.01,3,3912,卖盘
2028,13:48:01,13.05,0.01,1,1305,买盘
2029,13:48:04,13.04,-0.01,7,9128,卖盘
2030,13:48:13,13.04,0.0,50,65175,买盘
2031,13:48:28,13.03,-0.01,12,15636,卖盘
2032,13:48:31,13.03,0.0,6,7818,卖盘
2033,13:48:40,13.02,-0.01,66,85938,卖盘
2034,13:48:49,13.0,-0.02,724,941528,卖盘
2035,13:48:57,13.01,0.01,6,7806,卖盘
2036,13:49:00,13.01,0.0,5,6505,卖盘
2037,13:49:07,13.01,0.0,1,1301,买盘
2038,13:49:13,13.01,0.0,3,3903,买盘
2039,13:49:16,13.0,-0.01,26,33818,卖盘
2040,13:49:21,13.01,0.01,8,10408,卖盘
2041,13:49:24,13.01,0.0,4,5204,卖盘
2042,13:49:36,13.02,0.01,30,39050,买盘
2043,13:49:39,13.03,0.01,5,6515,买盘
2044,13:49:46,13.02,-0.01,12,15624,卖盘
2045,13:50:04,13.01,-0.01,23,29923,卖盘
2046,13:50:07,13.02,0.01,13,16926,买盘
2047,13:50:13,13.02,0.0,1,1302,卖盘
2048,13:50:34,13.03,0.01,5,6515,买盘
2049,13:50:37,13.01,-0.02,29,37746,卖盘
2050,13:50:54,13.02,0.01,17,22134,买盘
2051,13:51:04,13.01,-0.01,45,58545,卖盘
2052,13:51:06,13.02,0.01,2,2604,买盘
2053,13:51:10,13.02,0.0,12,15624,买盘
2054,13:51:24,13.02,0.0,13,16926,买盘
2055,13:51:27,13.02,0.0,12,15624,卖盘
2056,13:51:37,13.02,0.0,4,5208,卖盘
2057,13:51:40,13.01,-0.01,24,31245,卖盘
2058,13:51:43,13.02,0.01,4,5208,买盘
2059,13:51:49,13.02,0.0,9,11718,买盘
2060,13:52:10,13.02,0.0,2,2604,卖盘
2061,13:52:13,13.03,0.01,12,15634,买盘
2062,13:52:19,13.03,0.0,55,71665,买盘
2063,13:52:22,13.04,0.01,3,3912,买盘
2064,13:52:24,13.05,0.01,186,242589,买盘
2065,13:52:31,13.05,0.0,7,9135,买盘
2066,13:52:36,13.05,0.0,1,1305,买盘
2067,13:52:43,13.05,0.0,20,26100,买盘
2068,13:52:46,13.05,0.0,30,39150,中性盘
2069,13:52:52,13.06,0.01,1,1306,买盘
2070,13:53:01,13.06,0.0,14,18280,买盘
2071,13:53:04,13.05,-0.01,2,2610,卖盘
2072,13:53:06,13.06,0.01,6,7836,买盘
2073,13:53:10,13.05,-0.01,10,13050,卖盘
2074,13:53:18,13.05,0.0,2,2610,卖盘
2075,13:53:22,13.05,0.0,6,7830,卖盘
2076,13:53:31,13.04,-0.01,298,388804,卖盘
2077,13:53:34,13.04,0.0,32,41728,买盘
2078,13:53:51,13.03,-0.01,15,19545,卖盘
2079,13:53:54,13.03,0.0,26,33878,卖盘
2080,13:53:57,13.04,0.01,4,5216,买盘
2081,13:54:04,13.03,-0.01,32,41696,卖盘
2082,13:54:10,13.03,0.0,6,7818,卖盘
2083,13:54:12,13.03,0.0,14,18242,卖盘
2084,13:54:19,13.03,0.0,10,13030,卖盘
2085,13:54:22,13.03,0.0,1,1303,卖盘
2086,13:54:25,13.03,0.0,30,39100,卖盘
2087,13:54:31,13.04,0.01,2,2608,买盘
2088,13:54:42,13.03,-0.01,17,22151,卖盘
2089,13:54:46,13.03,0.0,1,1303,卖盘
2090,13:54:52,13.03,0.0,59,76877,卖盘
2091,13:55:01,13.03,0.0,34,44278,买盘
2092,13:55:07,13.03,0.0,10,13030,买盘
2093,13:55:25,13.03,0.0,30,39090,买盘
2094,13:55:37,13.03,0.0,10,13030,买盘
2095,13:55:40,13.03,0.0,21,27363,买盘
2096,13:55:46,13.03,0.0,12,15636,买盘
2097,13:55:51,13.03,0.0,3,3909,买盘
2098,13:55:54,13.03,0.0,9,11727,买盘
2099,13:55:58,13.03,0.0,31,40393,买盘
2100,13:56:00,13.03,0.0,5,6515,买盘
2101,13:56:04,13.02,-0.01,25,32551,卖盘
2102,13:56:07,13.03,0.01,2,2606,买盘
2103,13:56:12,13.03,0.0,38,49505,买盘
2104,13:56:19,13.03,0.0,29,37787,卖盘
2105,13:56:30,13.04,0.01,10,13040,买盘
2106,13:56:33,13.03,-0.01,10,13030,卖盘
2107,13:56:46,13.03,0.0,2,2606,卖盘
2108,13:56:49,13.03,0.0,1,1303,卖盘
2109,13:57:00,13.04,0.01,3,3912,买盘
2110,13:57:10,13.03,-0.01,38,49514,卖盘
2111,13:57:13,13.02,-0.01,25,32569,卖盘
2112,13:57:19,13.04,0.02,38,49544,买盘
2113,13:57:25,13.04,0.0,10,13040,买盘
2114,13:57:48,13.04,0.0,1,1304,买盘
2115,13:57:54,13.04,0.0,36,46921,买盘
2116,13:58:07,13.03,-0.01,68,88632,卖盘
2117,13:58:19,13.03,0.0,51,66453,卖盘
2118,13:58:31,13.03,0.0,20,26060,卖盘
2119,13:58:40,13.04,0.01,130,169520,买盘
2120,13:58:43,13.03,-0.01,10,13030,卖盘
2121,13:59:04,13.04,0.01,11,14344,买盘
2122,13:59:13,13.04,0.0,1,1304,买盘
2123,13:59:19,13.04,0.0,11,14344,买盘
2124,13:59:21,13.03,-0.01,24,31272,卖盘
2125,13:59:25,13.04,0.01,10,13040,买盘
2126,13:59:30,13.03,-0.01,20,26060,卖盘
2127,13:59:40,13.04,0.01,53,69112,买盘
2128,13:59:46,13.04,0.0,30,39120,买盘
2129,13:59:52,13.04,0.0,5,6520,买盘
2130,13:59:57,13.04,0.0,10,13040,买盘
2131,14:00:01,13.04,0.0,5,6520,买盘
2132,14:00:06,13.04,0.0,7,9128,买盘
2133,14:00:16,13.04,0.0,8,10432,卖盘
2134,14:00:24,13.05,0.01,6,7830,买盘
2135,14:00:27,13.04,-0.01,24,31296,卖盘
2136,14:00:36,13.04,0.0,25,32600,卖盘
2137,14:00:39,13.04,0.0,73,95192,卖盘
2138,14:00:43,13.04,0.0,6,7824,买盘
2139,14:00:46,13.04,0.0,2,2608,买盘
2140,14:00:55,13.04,0.0,19,24776,买盘
2141,14:01:06,13.04,0.0,12,15648,卖盘
2142,14:01:10,13.04,0.0,22,28688,卖盘
2143,14:01:16,13.04,0.0,8,10432,买盘
2144,14:01:22,13.03,-0.01,6,7818,卖盘
2145,14:01:34,13.04,0.01,36,46918,买盘
2146,14:01:37,13.03,-0.01,1,1303,卖盘
2147,14:01:40,13.03,0.0,35,45605,卖盘
2148,14:01:51,13.03,0.0,25,32575,卖盘
2149,14:01:54,13.03,0.0,30,39090,卖盘
2150,14:01:58,13.03,0.0,15,19545,卖盘
2151,14:02:04,13.03,0.0,108,140724,卖盘
2152,14:02:07,13.03,0.0,6,7818,买盘
2153,14:02:16,13.02,-0.01,10,13020,卖盘
2154,14:02:19,13.02,0.0,127,165354,卖盘
2155,14:02:25,13.02,0.0,4,5208,买盘
2156,14:02:43,13.01,-0.01,26,33826,卖盘
2157,14:02:46,13.01,0.0,2,2602,卖盘
2158,14:02:51,13.01,0.0,10,13010,卖盘
2159,14:02:58,13.01,0.0,176,228976,卖盘
2160,14:03:00,13.01,0.0,6,7811,卖盘
2161,14:03:10,13.01,0.0,69,89769,买盘
2162,14:03:22,13.02,0.01,30,39060,买盘
2163,14:03:28,13.01,-0.01,9,11709,卖盘
2164,14:03:31,13.01,0.0,39,50739,卖盘
2165,14:03:40,13.01,0.0,6,7806,买盘
2166,14:03:49,13.0,-0.01,24,31200,卖盘
2167,14:03:55,13.01,0.01,10,13010,买盘
2168,14:03:58,13.01,0.0,44,57244,买盘
2169,14:04:01,13.01,0.0,5,6505,卖盘
2170,14:04:07,13.01,0.0,40,52040,卖盘
2171,14:04:10,13.01,0.0,96,124896,买盘
2172,14:04:16,13.02,0.01,20,26022,买盘
2173,14:04:24,13.01,-0.01,50,65050,卖盘
2174,14:04:30,13.01,0.0,8,10408,卖盘
2175,14:04:39,13.02,0.01,18,23436,买盘
2176,14:04:42,13.01,-0.01,55,71555,卖盘
2177,14:04:46,13.01,0.0,19,24719,买盘
2178,14:04:49,13.01,0.0,3,3903,买盘
2179,14:04:52,13.0,-0.01,24,31200,卖盘
2180,14:04:54,13.0,0.0,10,13000,卖盘
2181,14:05:07,13.0,0.0,50,65000,卖盘
2182,14:05:22,13.01,0.01,5,6505,买盘
2183,14:05:34,13.0,-0.01,16,20800,卖盘
2184,14:05:43,13.01,0.01,10,13010,买盘
2185,14:05:45,13.01,0.0,5,6505,买盘
2186,14:05:48,13.0,-0.01,12,15600,卖盘
2187,14:05:52,13.0,0.0,50,65000,卖盘
2188,14:05:54,13.0,0.0,8,10400,卖盘
2189,14:05:58,13.01,0.01,26,33802,买盘
2190,14:06:01,13.01,0.0,1,1301,买盘
2191,14:06:04,13.0,-0.01,10,13000,卖盘
2192,14:06:10,13.0,0.0,14,18200,卖盘
2193,14:06:13,13.0,0.0,1,1300,卖盘
2194,14:06:16,13.0,0.0,9,11700,卖盘
2195,14:06:22,13.0,0.0,16,20802,卖盘
2196,14:06:28,13.01,0.01,10,13010,买盘
2197,14:06:31,13.01,0.0,6,7806,买盘
2198,14:06:34,13.01,0.0,60,78060,买盘
2199,14:06:46,13.01,0.0,10,13010,卖盘
2200,14:06:48,13.01,0.0,10,13010,卖盘
2201,14:06:55,13.01,0.0,17,22117,卖盘
2202,14:07:01,13.02,0.01,616,802170,买盘
2203,14:07:04,13.04,0.02,215,280149,买盘
2204,14:07:06,13.04,0.0,31,40424,买盘
2205,14:07:10,13.04,0.0,18,23472,买盘
2206,14:07:13,13.04,0.0,8,10432,买盘
2207,14:07:16,13.04,0.0,4,5216,买盘
2208,14:07:19,13.04,0.0,3,3912,买盘
2209,14:07:25,13.04,0.0,14,18256,买盘
2210,14:07:28,13.03,-0.01,18,23471,卖盘
2211,14:07:31,13.04,0.01,11,14344,买盘
2212,14:07:33,13.04,0.0,3,3912,买盘
2213,14:07:40,13.04,0.0,10,13040,买盘
2214,14:07:43,13.04,0.0,30,39120,买盘
2215,14:07:46,13.04,0.0,24,31296,买盘
2216,14:07:49,13.04,0.0,15,19560,买盘
2217,14:07:58,13.05,0.01,30,39150,买盘
2218,14:08:00,13.04,-0.01,100,130400,卖盘
2219,14:08:04,13.06,0.02,182,237643,买盘
2220,14:08:07,13.05,-0.01,39,50895,卖盘
2221,14:08:10,13.06,0.01,71,92726,买盘
2222,14:08:13,13.06,0.0,81,105786,买盘
2223,14:08:15,13.06,0.0,153,199818,买盘
2224,14:08:19,13.07,0.01,1,1307,买盘
2225,14:08:25,13.08,0.01,10,13080,买盘
2226,14:08:28,13.08,0.0,13,17004,买盘
2227,14:08:34,13.08,0.0,30,39240,买盘
2228,14:08:36,13.08,0.0,9,11772,买盘
2229,14:08:39,13.08,0.0,21,27468,买盘
2230,14:08:42,13.08,0.0,1,1308,买盘
2231,14:08:46,13.08,0.0,14,18315,卖盘
2232,14:08:49,13.08,0.0,11,14389,卖盘
2233,14:08:52,13.09,0.01,15,19625,买盘
2234,14:08:55,13.09,0.0,20,26180,买盘
2235,14:08:58,13.09,0.0,45,58905,买盘
2236,14:09:01,13.09,0.0,19,24871,买盘
2237,14:09:04,13.09,0.0,13,17017,买盘
2238,14:09:07,13.1,0.01,13,17019,买盘
2239,14:09:10,13.09,-0.01,10,13090,卖盘
2240,14:09:13,13.09,0.0,39,51051,卖盘
2241,14:09:16,13.1,0.01,2,2620,买盘
2242,14:09:19,13.1,0.0,220,288190,买盘
2243,14:09:25,13.1,0.0,20,26202,卖盘
2244,14:09:28,13.11,0.01,15,19665,买盘
2245,14:09:31,13.11,0.0,6,7866,买盘
2246,14:09:40,13.11,0.0,16,20976,买盘
2247,14:09:43,13.1,-0.01,10,13100,卖盘
2248,14:09:46,13.11,0.01,14,18354,买盘
2249,14:09:49,13.1,-0.01,111,145427,卖盘
2250,14:09:52,13.1,0.0,30,39300,卖盘
2251,14:09:54,13.1,0.0,82,107420,卖盘
2252,14:09:58,13.1,0.0,34,44540,买盘
2253,14:10:04,13.1,0.0,1,1310,买盘
2254,14:10:07,13.09,-0.01,30,39270,卖盘
2255,14:10:10,13.1,0.01,10,13100,买盘
2256,14:10:13,13.09,-0.01,17,22253,卖盘
2257,14:10:16,13.09,0.0,14,18326,卖盘
2258,14:10:18,13.08,-0.01,44,57589,卖盘
2259,14:10:22,13.09,0.01,10,13090,中性盘
2260,14:10:31,13.08,-0.01,10,13080,卖盘
2261,14:10:40,13.08,0.0,3,3924,卖盘
2262,14:10:43,13.08,0.0,13,16994,买盘
2263,14:10:49,13.08,0.0,20,26160,买盘
2264,14:10:55,13.08,0.0,45,58840,买盘
2265,14:10:58,13.08,0.0,1,1308,买盘
2266,14:11:04,13.07,-0.01,19,24833,卖盘
2267,14:11:07,13.08,0.01,1,1308,买盘
2268,14:11:13,13.07,-0.01,2,2614,卖盘
2269,14:11:16,13.07,0.0,38,49666,卖盘
2270,14:11:18,13.07,0.0,17,22219,买盘
2271,14:11:21,13.06,-0.01,24,31344,卖盘
2272,14:11:25,13.07,0.01,23,30061,买盘
2273,14:11:28,13.07,0.0,37,48359,买盘
2274,14:11:37,13.07,0.0,16,20912,买盘
2275,14:11:40,13.06,-0.01,10,13060,卖盘
2276,14:11:43,13.07,0.01,10,13070,买盘
2277,14:11:55,13.07,0.0,38,49666,买盘
2278,14:11:58,13.07,0.0,62,81034,买盘
2279,14:12:12,13.08,0.01,2,2616,买盘
2280,14:12:22,13.08,0.0,6,7848,买盘
2281,14:12:31,13.07,-0.01,25,32675,卖盘
2282,14:12:34,13.08,0.01,40,52320,买盘
2283,14:12:37,13.08,0.0,15,19620,买盘
2284,14:12:49,13.08,0.0,1,1308,买盘
2285,14:12:51,13.07,-0.01,10,13070,卖盘
2286,14:12:58,13.07,0.0,10,13070,卖盘
2287,14:13:04,13.08,0.01,4,5232,买盘
2288,14:13:12,13.07,-0.01,39,50973,卖盘
2289,14:13:16,13.08,0.01,11,14382,买盘
2290,14:13:18,13.08,0.0,32,41856,买盘
2291,14:13:22,13.07,-0.01,20,26140,卖盘
2292,14:13:25,13.08,0.01,48,62784,买盘
2293,14:13:27,13.08,0.0,10,13079,买盘
2294,14:13:31,13.08,0.0,16,20924,买盘
2295,14:13:40,13.08,0.0,41,53603,买盘
2296,14:13:43,13.08,0.0,373,487884,买盘
2297,14:13:45,13.08,0.0,13,17005,卖盘
2298,14:13:48,13.09,0.01,12,15708,买盘
2299,14:13:51,13.09,0.0,29,37961,买盘
2300,14:13:55,13.09,0.0,20,26180,买盘
2301,14:13:58,13.09,0.0,43,56287,买盘
2302,14:14:01,13.09,0.0,28,36659,卖盘
2303,14:14:10,13.1,0.01,4,5240,买盘
2304,14:14:13,13.1,0.0,197,258070,买盘
2305,14:14:19,13.11,0.01,37,48507,买盘
2306,14:14:22,13.11,0.0,38,49813,买盘
2307,14:14:24,13.11,0.0,169,221559,买盘
2308,14:14:27,13.11,0.0,8,10488,卖盘
2309,14:14:33,13.12,0.01,44,57728,买盘
2310,14:14:37,13.12,0.0,16,20992,买盘
2311,14:14:43,13.12,0.0,11,14432,买盘
2312,14:14:46,13.12,0.0,25,32800,卖盘
2313,14:14:49,13.13,0.01,10,13130,买盘
2314,14:14:52,13.13,0.0,11,14441,买盘
2315,14:14:58,13.13,0.0,1,1313,买盘
2316,14:15:01,13.12,-0.01,10,13125,卖盘
2317,14:15:07,13.13,0.01,6,7878,买盘
2318,14:15:10,13.13,0.0,11,14443,买盘
2319,14:15:12,13.12,-0.01,22,28864,卖盘
2320,14:15:16,13.12,0.0,32,41984,卖盘
2321,14:15:18,13.12,0.0,20,26240,卖盘
2322,14:15:21,13.12,0.0,40,52480,卖盘
2323,14:15:25,13.12,0.0,10,13120,买盘
2324,14:15:27,13.12,0.0,24,31488,买盘
2325,14:15:31,13.11,-0.01,50,65550,卖盘
2326,14:15:34,13.11,0.0,6,7866,卖盘
2327,14:15:40,13.11,0.0,72,94405,卖盘
2328,14:15:49,13.1,-0.01,12,15720,卖盘
2329,14:15:51,13.1,0.0,34,44534,卖盘
2330,14:16:00,13.1,0.0,1,1310,买盘
2331,14:16:10,13.1,0.0,37,48502,卖盘
2332,14:16:13,13.1,0.0,20,26200,卖盘
2333,14:16:18,13.1,0.0,7,9170,卖盘
2334,14:16:24,13.11,0.01,4,5244,买盘
2335,14:16:28,13.1,-0.01,14,18340,卖盘
2336,14:16:34,13.1,0.0,72,94336,卖盘
2337,14:16:37,13.11,0.01,12,15732,买盘
2338,14:16:43,13.11,0.0,8,10488,买盘
2339,14:16:52,13.11,0.0,2,2622,买盘
2340,14:16:55,13.1,-0.01,24,31440,卖盘
2341,14:17:01,13.11,0.01,3,3933,买盘
2342,14:17:04,13.1,-0.01,17,22270,卖盘
2343,14:17:06,13.11,0.01,3,3933,买盘
2344,14:17:16,13.11,0.0,14,18354,买盘
2345,14:17:19,13.11,0.0,4,5244,买盘
2346,14:17:24,13.11,0.0,30,39330,买盘
2347,14:17:27,13.11,0.0,19,24903,买盘
2348,14:17:33,13.11,0.0,19,24909,买盘
2349,14:17:37,13.11,0.0,7,9177,买盘
2350,14:17:40,13.1,-0.01,55,72075,卖盘
2351,14:17:43,13.11,0.01,47,61617,买盘
2352,14:17:45,13.12,0.01,4,5248,买盘
2353,14:17:54,13.11,-0.01,5,6555,卖盘
2354,14:18:01,13.11,0.0,31,40644,卖盘
2355,14:18:07,13.12,0.01,55,72137,买盘
2356,14:18:10,13.11,-0.01,64,83904,卖盘
2357,14:18:13,13.12,0.01,3,3936,买盘
2358,14:18:16,13.12,0.0,150,196754,买盘
2359,14:18:19,13.13,0.01,45,59085,买盘
2360,14:18:22,13.13,0.0,3,3939,买盘
2361,14:18:25,13.13,0.0,8,10504,买盘
2362,14:18:30,13.13,0.0,17,22321,买盘
2363,14:18:34,13.12,-0.01,2,2624,卖盘
2364,14:18:37,13.14,0.02,74,97164,买盘
2365,14:18:40,13.14,0.0,2,2628,买盘
2366,14:18:43,13.13,-0.01,9,11821,卖盘
2367,14:18:46,13.14,0.01,9,11818,买盘
2368,14:18:49,13.14,0.0,3,3942,买盘
2369,14:18:52,13.14,0.0,25,32837,买盘
2370,14:18:55,13.14,0.0,10,13135,买盘
2371,14:18:58,13.14,0.0,7,9198,买盘
2372,14:19:01,13.14,0.0,2,2628,买盘
2373,14:19:04,13.14,0.0,10,13140,买盘
2374,14:19:06,13.13,-0.01,117,153714,卖盘
2375,14:19:10,13.14,0.01,9,11826,买盘
2376,14:19:12,13.14,0.0,1,1314,买盘
2377,14:19:16,13.13,-0.01,306,402078,卖盘
2378,14:19:19,13.14,0.01,10,13140,买盘
2379,14:19:22,13.13,-0.01,15,19695,卖盘
2380,14:19:25,13.14,0.01,5,6570,买盘
2381,14:19:27,13.14,0.0,24,31526,买盘
2382,14:19:31,13.13,-0.01,33,43329,卖盘
2383,14:19:37,13.13,0.0,76,99788,卖盘
2384,14:19:39,13.13,0.0,24,31512,卖盘
2385,14:19:42,13.13,0.0,13,17069,买盘
2386,14:19:45,13.13,0.0,60,78780,买盘
2387,14:19:48,13.13,0.0,14,18382,卖盘
2388,14:19:54,13.13,0.0,11,14443,卖盘
2389,14:19:57,13.14,0.01,292,383667,买盘
2390,14:20:00,13.14,0.0,57,74898,卖盘
2391,14:20:04,13.15,0.01,55,72325,买盘
2392,14:20:06,13.14,-0.01,103,135342,卖盘
2393,14:20:10,13.15,0.01,29,38109,买盘
2394,14:20:13,13.15,0.0,6,7890,买盘
2395,14:20:18,13.14,-0.01,72,94608,卖盘
2396,14:20:22,13.15,0.01,173,227464,买盘
2397,14:20:25,13.14,-0.01,50,65700,卖盘
2398,14:20:28,13.14,0.0,38,49933,卖盘
2399,14:20:36,13.14,0.0,2,2628,买盘
2400,14:20:43,13.13,-0.01,34,44646,卖盘
2401,14:20:46,13.14,0.01,6,7884,买盘
2402,14:20:49,13.14,0.0,111,145854,买盘
2403,14:20:52,13.14,0.0,10,13140,卖盘
2404,14:20:55,13.14,0.0,14,18396,卖盘
2405,14:20:57,13.14,0.0,10,13140,卖盘
2406,14:21:01,13.14,0.0,10,13140,卖盘
2407,14:21:13,13.14,0.0,20,26280,卖盘
2408,14:21:16,13.14,0.0,30,39420,卖盘
2409,14:21:19,13.14,0.0,111,145854,卖盘
2410,14:21:22,13.14,0.0,30,39420,卖盘
2411,14:21:25,13.14,0.0,4,5256,卖盘
2412,14:21:28,13.14,0.0,10,13140,卖盘
2413,14:21:31,13.14,0.0,1,1314,买盘
2414,14:21:34,13.14,0.0,41,53874,买盘
2415,14:21:43,13.14,0.0,10,13140,买盘
2416,14:21:45,13.14,0.0,5,6570,买盘
2417,14:21:52,13.14,0.0,34,44676,买盘
2418,14:22:04,13.13,-0.01,30,39390,卖盘
2419,14:22:10,13.13,0.0,20,26260,卖盘
2420,14:22:16,13.13,0.0,34,44672,卖盘
2421,14:22:19,13.13,0.0,24,31512,卖盘
2422,14:22:22,13.14,0.01,1,1314,买盘
2423,14:22:34,13.13,-0.01,7,9191,卖盘
2424,14:22:37,13.14,0.01,24,31516,买盘
2425,14:22:40,13.13,-0.01,10,13130,卖盘
2426,14:22:43,13.13,0.0,50,65650,卖盘
2427,14:22:46,13.13,0.0,30,39390,卖盘
2428,14:22:48,13.14,0.01,2,2628,买盘
2429,14:22:52,13.13,-0.01,1,1313,卖盘
2430,14:22:54,13.13,0.0,21,27573,卖盘
2431,14:23:07,13.13,0.0,10,13130,卖盘
2432,14:23:10,13.13,0.0,41,53833,卖盘
2433,14:23:13,13.13,0.0,379,497627,卖盘
2434,14:23:21,13.12,-0.01,15,19680,卖盘
2435,14:23:24,13.12,0.0,45,59040,卖盘
2436,14:23:28,13.12,0.0,16,20998,卖盘
2437,14:23:34,13.12,0.0,13,17056,卖盘
2438,14:23:37,13.11,-0.01,22,28844,卖盘
2439,14:23:40,13.12,0.01,2,2624,买盘
2440,14:23:43,13.11,-0.01,24,31464,卖盘
2441,14:23:52,13.12,0.01,34,44579,买盘
2442,14:23:55,13.11,-0.01,38,49818,卖盘
2443,14:23:58,13.11,0.0,6,7866,买盘
2444,14:24:04,13.12,0.01,68,89150,买盘
2445,14:24:07,13.12,0.0,53,69536,买盘
2446,14:24:12,13.11,-0.01,8,10488,卖盘
2447,14:24:25,13.11,0.0,5,6555,卖盘
2448,14:24:28,13.11,0.0,1,1311,卖盘
2449,14:24:31,13.11,0.0,24,31464,卖盘
2450,14:24:43,13.11,0.0,65,85215,卖盘
2451,14:24:46,13.11,0.0,64,83904,买盘
2452,14:24:55,13.11,0.0,1,1311,卖盘
2453,14:25:10,13.11,0.0,153,200583,卖盘
2454,14:25:13,13.11,0.0,10,13110,买盘
2455,14:25:16,13.11,0.0,237,310707,买盘
2456,14:25:28,13.1,-0.01,422,552866,卖盘
2457,14:25:34,13.11,0.01,81,106113,买盘
2458,14:25:36,13.09,-0.02,27,35346,卖盘
2459,14:25:43,13.1,0.01,64,83840,买盘
2460,14:25:46,13.09,-0.01,1,1309,卖盘
2461,14:25:52,13.09,0.0,7,9163,卖盘
2462,14:25:57,13.09,0.0,2,2618,卖盘
2463,14:26:06,13.1,0.01,61,79910,买盘
2464,14:26:10,13.11,0.01,242,317262,买盘
2465,14:26:13,13.11,0.0,155,203200,买盘
2466,14:26:16,13.11,0.0,5,6555,买盘
2467,14:26:19,13.1,-0.01,4,5241,卖盘
2468,14:26:30,13.11,0.01,200,262200,买盘
2469,14:26:37,13.11,0.0,1,1311,买盘
2470,14:26:40,13.1,-0.01,35,45851,卖盘
2471,14:26:54,13.1,0.0,100,131000,卖盘
2472,14:26:57,13.11,0.01,125,163875,买盘
2473,14:27:01,13.11,0.0,115,150765,卖盘
2474,14:27:04,13.1,-0.01,8,10481,卖盘
2475,14:27:06,13.12,0.02,2,2624,买盘
2476,14:27:12,13.12,0.0,8,10496,买盘
2477,14:27:15,13.12,0.0,20,26240,买盘
2478,14:27:19,13.12,0.0,18,23616,买盘
2479,14:27:21,13.12,0.0,25,32800,买盘
2480,14:27:25,13.12,0.0,38,49856,买盘
2481,14:27:28,13.12,0.0,20,26240,买盘
2482,14:27:31,13.12,0.0,7,9184,买盘
2483,14:27:34,13.12,0.0,27,35404,买盘
2484,14:27:37,13.12,0.0,5,6560,买盘
2485,14:27:40,13.12,0.0,15,19680,买盘
2486,14:27:43,13.12,0.0,15,19680,买盘
2487,14:27:46,13.13,0.01,33,43304,买盘
2488,14:27:49,13.11,-0.02,20,26234,卖盘
2489,14:27:52,13.13,0.02,4,5252,买盘
2490,14:27:54,13.13,0.0,1,1313,买盘
2491,14:27:58,13.13,0.0,2,2626,买盘
2492,14:28:10,13.12,-0.01,2,2624,卖盘
2493,14:28:13,13.12,0.0,17,22304,卖盘
2494,14:28:16,13.13,0.01,15,19685,买盘
2495,14:28:19,13.13,0.0,63,82719,买盘
2496,14:28:22,13.13,0.0,38,49896,买盘
2497,14:28:25,13.13,0.0,19,24947,卖盘
2498,14:28:36,13.13,0.0,5,6565,卖盘
2499,14:28:51,13.13,0.0,26,34140,卖盘
2500,14:28:57,13.14,0.01,45,59130,买盘
2501,14:29:04,13.13,-0.01,153,200889,卖盘
2502,14:29:07,13.13,0.0,38,49894,买盘
2503,14:29:16,13.13,0.0,9,11817,买盘
2504,14:29:19,13.13,0.0,53,69589,买盘
2505,14:29:22,13.13,0.0,13,17069,买盘
2506,14:29:25,13.13,0.0,23,30199,买盘
2507,14:29:28,13.12,-0.01,11,14442,卖盘
2508,14:29:31,13.13,0.01,73,95847,买盘
2509,14:29:34,13.13,0.0,23,30199,买盘
2510,14:29:37,13.13,0.0,123,161399,买盘
2511,14:29:40,13.13,0.0,5,6565,卖盘
2512,14:29:43,13.14,0.01,2,2628,买盘
2513,14:29:46,13.14,0.0,13,17082,买盘
2514,14:29:49,13.14,0.0,9,11826,买盘
2515,14:29:55,13.14,0.0,10,13140,买盘
2516,14:29:58,13.13,-0.01,24,31512,卖盘
2517,14:30:00,13.13,0.0,14,18389,卖盘
2518,14:30:04,13.14,0.01,2,2628,买盘
2519,14:30:10,13.14,0.0,27,35478,买盘
2520,14:30:12,13.14,0.0,8,10511,买盘
2521,14:30:21,13.14,0.0,30,39420,买盘
2522,14:30:31,13.13,-0.01,125,164125,卖盘
2523,14:30:37,13.14,0.01,4,5256,买盘
2524,14:30:40,13.14,0.0,58,76201,买盘
2525,14:30:52,13.14,0.0,104,136656,买盘
2526,14:30:58,13.14,0.0,83,109062,买盘
2527,14:31:01,13.14,0.0,65,85373,买盘
2528,14:31:07,13.14,0.0,76,99864,买盘
2529,14:31:12,13.14,0.0,116,152424,买盘
2530,14:31:15,13.14,0.0,15,19719,卖盘
2531,14:31:18,13.13,-0.01,51,67004,卖盘
2532,14:31:21,13.13,0.0,41,53871,卖盘
2533,14:31:28,13.14,0.01,66,86724,卖盘
2534,14:31:34,13.14,0.0,12,15768,卖盘
2535,14:31:37,13.14,0.0,59,77526,卖盘
2536,14:31:40,13.14,0.0,6,7884,卖盘
2537,14:31:43,13.14,0.0,46,60444,卖盘
2538,14:31:46,13.14,0.0,31,40734,买盘
2539,14:31:48,13.14,0.0,45,59130,买盘
2540,14:31:55,13.14,0.0,50,65700,卖盘
2541,14:31:58,13.14,0.0,29,38106,卖盘
2542,14:32:00,13.14,0.0,11,14454,卖盘
2543,14:32:04,13.14,0.0,49,64386,卖盘
2544,14:32:07,13.13,-0.01,24,31521,卖盘
2545,14:32:15,13.14,0.01,4,5256,买盘
2546,14:32:28,13.14,0.0,5,6570,买盘
2547,14:32:31,13.14,0.0,2,2628,买盘
2548,14:32:33,13.15,0.01,118,155056,买盘
2549,14:32:37,13.14,-0.01,12,15768,卖盘
2550,14:32:40,13.14,0.0,12,15768,买盘
2551,14:32:46,13.14,0.0,2,2628,买盘
2552,14:32:49,13.14,0.0,2,2628,买盘
2553,14:32:55,13.14,0.0,38,49932,买盘
2554,14:32:58,13.14,0.0,7,9197,买盘
2555,14:33:01,13.14,0.0,4,5256,买盘
2556,14:33:10,13.14,0.0,14,18396,买盘
2557,14:33:12,13.13,-0.01,45,59086,卖盘
2558,14:33:19,13.14,0.01,19,24966,买盘
2559,14:33:22,13.13,-0.01,15,19695,卖盘
2560,14:33:25,13.13,0.0,10,13130,卖盘
2561,14:33:28,13.13,0.0,5,6565,卖盘
2562,14:33:31,13.13,0.0,20,26260,卖盘
2563,14:33:33,13.13,0.0,30,39390,卖盘
2564,14:33:39,13.13,0.0,5,6565,卖盘
2565,14:33:43,13.13,0.0,20,26260,卖盘
2566,14:33:46,13.14,0.01,4,5256,买盘
2567,14:33:49,13.13,-0.01,6,7878,卖盘
2568,14:33:52,13.13,0.0,58,76154,卖盘
2569,14:33:58,13.13,0.0,20,26260,卖盘
2570,14:34:01,13.13,0.0,7,9191,卖盘
2571,14:34:04,13.14,0.01,100,131400,买盘
2572,14:34:09,13.14,0.0,5,6570,买盘
2573,14:34:16,13.13,-0.01,36,47270,卖盘
2574,14:34:21,13.14,0.01,50,65700,买盘
2575,14:34:25,13.14,0.0,4,5256,买盘
2576,14:34:28,13.14,0.0,13,17082,买盘
2577,14:34:31,13.14,0.0,9,11826,买盘
2578,14:34:33,13.13,-0.01,7,9193,卖盘
2579,14:34:37,13.14,0.01,8,10512,买盘
2580,14:34:40,13.14,0.0,68,89352,买盘
2581,14:34:43,13.14,0.0,2,2628,买盘
2582,14:34:46,13.14,0.0,15,19710,买盘
2583,14:34:49,13.14,0.0,84,110376,买盘
2584,14:34:52,13.14,0.0,54,70956,买盘
2585,14:34:58,13.14,0.0,7,9041,买盘
2586,14:35:00,13.14,0.0,54,70956,卖盘
2587,14:35:07,13.15,0.01,6,7890,买盘
2588,14:35:10,13.15,0.0,6,7890,买盘
2589,14:35:13,13.15,0.0,21,27607,买盘
2590,14:35:15,13.15,0.0,28,36795,买盘
2591,14:35:18,13.15,0.0,215,282724,买盘
2592,14:35:21,13.15,0.0,36,47316,买盘
2593,14:35:25,13.15,0.0,30,39450,买盘
2594,14:35:28,13.15,0.0,5,6575,卖盘
2595,14:35:37,13.15,0.0,53,69695,卖盘
2596,14:35:43,13.15,0.0,4,5260,买盘
2597,14:35:46,13.15,0.0,26,34190,买盘
2598,14:35:52,13.15,0.0,4,5261,卖盘
2599,14:35:55,13.15,0.0,34,44710,卖盘
2600,14:35:58,13.16,0.01,36,47360,买盘
2601,14:36:04,13.15,-0.01,20,26300,卖盘
2602,14:36:07,13.16,0.01,2,2632,买盘
2603,14:36:13,13.15,-0.01,30,39450,卖盘
2604,14:36:16,13.16,0.01,134,176341,买盘
2605,14:36:19,13.15,-0.01,16,21040,卖盘
2606,14:36:25,13.16,0.01,4,5264,买盘
2607,14:36:27,13.15,-0.01,35,46025,卖盘
2608,14:36:30,13.15,0.0,55,72330,卖盘
2609,14:36:33,13.15,0.0,45,59175,卖盘
2610,14:36:45,13.15,0.0,20,26300,买盘
2611,14:36:57,13.15,0.0,5,6575,买盘
2612,14:37:01,13.14,-0.01,9,12325,卖盘
2613,14:37:07,13.14,0.0,371,487599,卖盘
2614,14:37:10,13.14,0.0,30,39420,卖盘
2615,14:37:13,13.14,0.0,31,40287,卖盘
2616,14:37:15,13.14,0.0,10,13140,买盘
2617,14:37:34,13.13,-0.01,26,34139,卖盘
2618,14:37:37,13.14,0.01,3,3942,买盘
2619,14:37:43,13.14,0.0,13,17082,买盘
2620,14:37:46,13.14,0.0,47,61758,买盘
2621,14:37:49,13.14,0.0,16,21024,买盘
2622,14:37:52,13.14,0.0,196,257544,买盘
2623,14:37:55,13.14,0.0,1,1314,卖盘
2624,14:37:58,13.14,0.0,10,13140,卖盘
2625,14:38:04,13.14,0.0,106,139284,卖盘
2626,14:38:07,13.14,0.0,5,6570,卖盘
2627,14:38:10,13.14,0.0,18,23652,卖盘
2628,14:38:13,13.14,0.0,30,39420,卖盘
2629,14:38:19,13.14,0.0,24,31540,卖盘
2630,14:38:22,13.14,0.0,33,43362,卖盘
2631,14:38:25,13.14,0.0,10,13140,卖盘
2632,14:38:28,13.14,0.0,23,30222,卖盘
2633,14:38:31,13.14,0.0,20,26280,买盘
2634,14:38:34,13.14,0.0,12,15768,买盘
2635,14:38:40,13.13,-0.01,24,31512,卖盘
2636,14:38:43,13.14,0.01,5,6570,买盘
2637,14:38:46,13.14,0.0,13,17082,买盘
2638,14:38:49,13.13,-0.01,8,10504,卖盘
2639,14:38:52,13.14,0.01,2,2628,买盘
2640,14:39:01,13.13,-0.01,39,51207,卖盘
2641,14:39:04,13.13,0.0,40,52520,卖盘
2642,14:39:13,13.13,0.0,10,13130,卖盘
2643,14:39:15,13.13,0.0,3,3939,卖盘
2644,14:39:28,13.14,0.01,43,56472,买盘
2645,14:39:31,13.14,0.0,6,7884,买盘
2646,14:39:33,13.13,-0.01,5,6565,卖盘
2647,14:39:37,13.13,0.0,1,1313,卖盘
2648,14:39:39,13.14,0.01,1,1314,买盘
2649,14:39:42,13.13,-0.01,24,31512,卖盘
2650,14:40:04,13.13,0.0,14,18382,卖盘
2651,14:40:09,13.13,0.0,5,6568,卖盘
2652,14:40:13,13.14,0.01,13,17079,买盘
2653,14:40:19,13.13,-0.01,58,76154,卖盘
2654,14:40:22,13.13,0.0,15,19695,卖盘
2655,14:40:25,13.13,0.0,66,86658,卖盘
2656,14:40:28,13.13,0.0,57,74860,卖盘
2657,14:40:31,13.14,0.01,41,53834,买盘
2658,14:40:34,13.13,-0.01,1,1313,卖盘
2659,14:40:37,13.13,0.0,29,38077,卖盘
2660,14:40:40,13.13,0.0,30,39390,卖盘
2661,14:40:43,13.13,0.0,1,1313,卖盘
2662,14:40:46,13.13,0.0,4,5255,卖盘
2663,14:40:49,13.13,0.0,41,53809,卖盘
2664,14:40:51,13.13,0.0,3,3939,买盘
2665,14:40:55,13.13,0.0,2,2626,买盘
2666,14:40:58,13.14,0.01,18,23652,买盘
2667,14:41:01,13.14,0.0,10,13140,买盘
2668,14:41:04,13.13,-0.01,23,30203,卖盘
2669,14:41:16,13.13,0.0,4,5252,买盘
2670,14:41:28,13.13,0.0,4,5252,买盘
2671,14:41:34,13.13,0.0,9,11809,买盘
2672,14:41:37,13.12,-0.01,20,26246,卖盘
2673,14:41:46,13.12,0.0,24,31488,卖盘
2674,14:41:49,13.13,0.01,2,2626,买盘
2675,14:41:52,13.12,-0.01,16,21006,卖盘
2676,14:41:54,13.12,0.0,24,31488,卖盘
2677,14:42:01,13.13,0.01,2,2626,买盘
2678,14:42:04,13.12,-0.01,7,9184,卖盘
2679,14:42:07,13.12,0.0,20,26240,卖盘
2680,14:42:10,13.13,0.01,27,35441,买盘
2681,14:42:13,13.12,-0.01,2,2624,卖盘
2682,14:42:16,13.13,0.01,11,14443,买盘
2683,14:42:18,13.13,0.0,8,10499,买盘
2684,14:42:21,13.13,0.0,7,9191,卖盘
2685,14:42:24,13.14,0.01,2,2628,买盘
2686,14:42:34,13.14,0.0,4,5254,买盘
2687,14:42:37,13.12,-0.02,200,262404,卖盘
2688,14:42:40,13.14,0.02,4,5256,买盘
2689,14:42:43,13.13,-0.01,6,7878,买盘
2690,14:42:49,13.12,-0.01,28,36736,卖盘
2691,14:43:01,13.11,-0.01,104,136424,卖盘
2692,14:43:04,13.12,0.01,4,5248,买盘
2693,14:43:07,13.12,0.0,22,28864,买盘
2694,14:43:10,13.12,0.0,5,6560,买盘
2695,14:43:19,13.12,0.0,2,2624,卖盘
2696,14:43:21,13.12,0.0,15,19680,买盘
2697,14:43:28,13.12,0.0,5,6560,卖盘
2698,14:43:31,13.13,0.01,96,126048,买盘
2699,14:43:34,13.13,0.0,2,2626,卖盘
2700,14:43:37,13.12,-0.01,12,15746,卖盘
2701,14:43:49,13.12,0.0,5,6560,卖盘
2702,14:43:52,13.12,0.0,18,23616,卖盘
2703,14:43:55,13.12,0.0,5,6560,卖盘
2704,14:43:58,13.13,0.01,38,49894,买盘
2705,14:44:01,13.13,0.0,11,14443,买盘
2706,14:44:04,13.13,0.0,24,31512,卖盘
2707,14:44:10,13.13,0.0,128,168064,卖盘
2708,14:44:19,13.12,-0.01,2,2624,卖盘
2709,14:44:37,13.12,0.0,49,64288,卖盘
2710,14:44:54,13.12,0.0,65,85280,买盘
2711,14:45:01,13.12,0.0,5,6559,买盘
2712,14:45:06,13.12,0.0,146,191552,买盘
2713,14:45:10,13.12,0.0,27,35426,卖盘
2714,14:45:13,13.12,0.0,2,2624,卖盘
2715,14:45:16,13.13,0.01,4,5250,买盘
2716,14:45:19,13.12,-0.01,2,2624,中性盘
2717,14:45:22,13.13,0.01,2,2626,买盘
2718,14:45:25,13.12,-0.01,7,9184,卖盘
2719,14:45:28,13.13,0.01,2,2626,买盘
2720,14:45:31,13.13,0.0,72,94473,买盘
2721,14:45:34,13.12,-0.01,38,49856,卖盘
2722,14:45:37,13.13,0.01,3,3939,买盘
2723,14:45:42,13.13,0.0,33,43329,买盘
2724,14:45:46,13.12,-0.01,50,65600,卖盘
2725,14:45:49,13.13,0.01,4,5252,买盘
2726,14:45:52,13.12,-0.01,8,10496,卖盘
2727,14:45:55,13.12,0.0,3,3936,卖盘
2728,14:46:01,13.12,0.0,30,39360,卖盘
2729,14:46:06,13.13,0.01,2,2626,买盘
2730,14:46:13,13.12,-0.01,15,19680,卖盘
2731,14:46:16,13.13,0.01,64,84008,买盘
2732,14:46:18,13.13,0.0,5,6565,买盘
2733,14:46:21,13.13,0.0,4,5252,买盘
2734,14:46:24,13.13,0.0,2,2626,买盘
2735,14:46:27,13.13,0.0,2,2626,买盘
2736,14:46:37,13.13,0.0,2,2626,买盘
2737,14:46:43,13.13,0.0,51,66963,买盘
2738,14:46:45,13.13,0.0,27,35451,买盘
2739,14:46:48,13.12,-0.01,66,86628,卖盘
2740,14:46:52,13.13,0.01,14,18380,买盘
2741,14:46:55,13.13,0.0,17,22321,买盘
2742,14:46:58,13.12,-0.01,187,245526,卖盘
2743,14:47:04,13.13,0.01,92,120796,买盘
2744,14:47:07,13.13,0.0,101,132613,买盘
2745,14:47:10,13.13,0.0,2,2626,卖盘
2746,14:47:19,13.13,0.0,28,36764,卖盘
2747,14:47:22,13.13,0.0,101,132613,卖盘
2748,14:47:25,13.13,0.0,5,6565,买盘
2749,14:47:28,13.13,0.0,15,19695,卖盘
2750,14:47:31,13.13,0.0,12,15762,卖盘
2751,14:47:34,13.13,0.0,12,15756,卖盘
2752,14:47:37,13.14,0.01,37,48598,买盘
2753,14:47:43,13.14,0.0,19,24957,买盘
2754,14:47:46,13.14,0.0,104,136656,买盘
2755,14:47:49,13.13,-0.01,25,32847,卖盘
2756,14:48:01,13.13,0.0,1,1313,卖盘
2757,14:48:09,13.13,0.0,11,14443,卖盘
2758,14:48:16,13.14,0.01,8,10512,买盘
2759,14:48:19,13.14,0.0,32,42048,买盘
2760,14:48:22,13.13,-0.01,96,126048,卖盘
2761,14:48:25,13.13,0.0,98,128650,买盘
2762,14:48:34,13.14,0.01,101,132664,买盘
2763,14:48:52,13.14,0.0,451,592614,买盘
2764,14:48:55,13.14,0.0,100,131400,买盘
2765,14:48:58,13.14,0.0,5,6570,买盘
2766,14:49:01,13.13,-0.01,84,110362,卖盘
2767,14:49:04,13.13,0.0,79,103791,卖盘
2768,14:49:06,13.13,0.0,20,26260,卖盘
2769,14:49:09,13.15,0.02,300,394493,买盘
2770,14:49:13,13.13,-0.02,60,78836,卖盘
2771,14:49:22,13.15,0.02,7,9204,买盘
2772,14:49:25,13.14,-0.01,1,1314,卖盘
2773,14:49:28,13.14,0.0,240,315590,卖盘
2774,14:49:34,13.14,0.0,10,13140,卖盘
2775,14:49:37,13.14,0.0,3,3942,卖盘
2776,14:49:43,13.15,0.01,26,34190,买盘
2777,14:49:48,13.14,-0.01,4,5256,卖盘
2778,14:49:54,13.15,0.01,5,6575,买盘
2779,14:50:06,13.14,-0.01,20,26280,卖盘
2780,14:50:13,13.14,0.0,5,6570,卖盘
2781,14:50:16,13.14,0.0,24,31539,卖盘
2782,14:50:19,13.14,0.0,3,3942,卖盘
2783,14:50:22,13.15,0.01,72,94620,买盘
2784,14:50:25,13.14,-0.01,20,26280,卖盘
2785,14:50:28,13.15,0.01,20,26300,买盘
2786,14:50:31,13.15,0.0,53,69653,买盘
2787,14:50:37,13.14,-0.01,50,65700,卖盘
2788,14:50:40,13.14,0.0,7,9198,卖盘
2789,14:50:42,13.14,0.0,17,22338,卖盘
2790,14:50:45,13.15,0.01,2,2630,买盘
2791,14:50:48,13.14,-0.01,5,6570,卖盘
2792,14:50:52,13.15,0.01,4,5260,买盘
