,time,price,change,volume,amount,type
0,09:25:04,4.48,0.0,695,311360,卖盘
1,09:30:07,4.47,-0.01,220,98249,买盘
2,09:30:10,4.46,-0.01,50,22305,卖盘
3,09:30:13,4.46,0.0,181,80865,卖盘
4,09:30:16,4.47,0.01,100,44693,买盘
5,09:30:19,4.47,0.0,252,112402,买盘
6,09:30:22,4.47,0.0,127,56757,买盘
7,09:30:25,4.47,0.0,103,46041,买盘
8,09:30:28,4.47,0.0,273,122018,买盘
9,09:30:31,4.47,0.0,57,25479,买盘
10,09:30:34,4.47,0.0,499,223048,买盘
11,09:30:37,4.47,0.0,52,23274,卖盘
12,09:30:40,4.47,0.0,113,50488,卖盘
13,09:30:43,4.46,-0.01,229,102134,卖盘
14,09:30:46,4.46,0.0,26,11596,卖盘
15,09:30:49,4.46,0.0,12,5352,买盘
16,09:30:52,4.47,0.01,91,40589,买盘
17,09:30:55,4.47,0.0,32,14304,买盘
18,09:30:58,4.46,-0.01,163,72698,卖盘
19,09:31:01,4.47,0.01,21,9387,买盘
20,09:31:05,4.47,0.0,551,245836,买盘
21,09:31:07,4.47,0.0,98,43850,卖盘
22,09:31:10,4.47,0.0,32,14304,卖盘
23,09:31:13,4.47,0.0,76,33972,卖盘
24,09:31:19,4.47,0.0,45,20095,买盘
25,09:31:22,4.47,0.0,22,9833,买盘
26,09:31:25,4.47,0.0,349,155700,买盘
27,09:31:28,4.46,-0.01,1,446,卖盘
28,09:31:31,4.47,0.01,18,8044,买盘
29,09:31:34,4.46,-0.01,32,14289,卖盘
30,09:31:37,4.47,0.01,68,30396,买盘
31,09:31:40,4.47,0.0,2,894,买盘
32,09:31:43,4.47,0.0,40,17880,买盘
33,09:31:46,4.47,0.0,93,41517,买盘
34,09:31:49,4.47,0.0,145,64815,买盘
35,09:31:52,4.47,0.0,31,13844,买盘
36,09:31:55,4.47,0.0,4,1788,买盘
37,09:31:58,4.46,-0.01,40,17849,卖盘
38,09:32:01,4.47,0.01,14,6258,买盘
39,09:32:04,4.46,-0.01,205,91435,卖盘
40,09:32:07,4.47,0.01,135,60345,买盘
41,09:32:10,4.47,0.0,119,53193,买盘
42,09:32:13,4.47,0.0,68,30391,买盘
43,09:32:16,4.47,0.0,321,143422,买盘
44,09:32:19,4.47,0.0,405,181034,买盘
45,09:32:22,4.48,0.01,20,8959,买盘
46,09:32:25,4.47,-0.01,400,179000,卖盘
47,09:32:28,4.48,0.01,76,34007,买盘
48,09:32:37,4.48,0.0,18,8064,买盘
49,09:32:40,4.47,-0.01,183,81977,卖盘
50,09:32:43,4.48,0.01,162,72576,买盘
51,09:32:46,4.48,0.0,198,88704,买盘
52,09:32:49,4.48,0.0,11,4925,买盘
53,09:32:52,4.48,0.0,174,77945,买盘
54,09:32:55,4.48,0.0,51,22844,买盘
55,09:32:58,4.48,0.0,38,17024,买盘
56,09:33:05,4.48,0.0,17,7616,买盘
57,09:33:07,4.49,0.01,64,28690,买盘
58,09:33:10,4.49,0.0,10,4482,买盘
59,09:33:13,4.48,-0.01,31,13888,卖盘
60,09:33:16,4.48,0.0,45,20163,卖盘
61,09:33:19,4.48,0.0,59,26432,卖盘
62,09:33:22,4.48,0.0,114,51091,卖盘
63,09:33:25,4.48,0.0,15,6720,卖盘
64,09:33:28,4.48,0.0,198,88892,卖盘
65,09:33:31,4.47,-0.01,348,155872,卖盘
66,09:33:34,4.48,0.01,10,4480,买盘
67,09:33:37,4.48,0.0,378,169319,买盘
68,09:33:40,4.47,-0.01,192,86015,卖盘
69,09:33:43,4.47,0.0,160,71670,卖盘
70,09:33:46,4.48,0.01,22,9854,买盘
71,09:33:49,4.47,-0.01,186,83321,卖盘
72,09:33:52,4.48,0.01,63,28192,买盘
73,09:33:55,4.48,0.0,92,41209,买盘
74,09:33:58,4.48,0.0,252,112896,买盘
75,09:34:01,4.48,0.0,96,43008,买盘
76,09:34:04,4.48,0.0,137,61376,买盘
77,09:34:07,4.48,0.0,139,62272,买盘
78,09:34:10,4.48,0.0,20,8960,买盘
79,09:34:13,4.47,-0.01,244,109108,卖盘
80,09:34:16,4.48,0.01,110,49270,买盘
81,09:34:19,4.48,0.0,2,896,买盘
82,09:34:22,4.47,-0.01,50,22399,卖盘
83,09:34:25,4.48,0.01,125,55940,买盘
84,09:34:28,4.47,-0.01,196,87628,卖盘
85,09:34:37,4.48,0.01,50,22400,买盘
86,09:34:40,4.48,0.0,43,19227,买盘
87,09:34:46,4.47,-0.01,7,3129,卖盘
88,09:34:52,4.48,0.01,193,86464,买盘
89,09:35:01,4.48,0.0,26,11648,买盘
90,09:35:04,4.47,-0.01,60,26820,卖盘
91,09:35:07,4.48,0.01,52,23296,买盘
92,09:35:13,4.48,0.0,74,33147,买盘
93,09:35:16,4.47,-0.01,75,33593,卖盘
94,09:35:22,4.47,0.0,98,43903,卖盘
95,09:35:25,4.48,0.01,1,448,买盘
96,09:35:34,4.47,-0.01,168,75164,卖盘
97,09:35:37,4.48,0.01,18,8064,买盘
98,09:35:46,4.48,0.0,646,289398,买盘
99,09:35:49,4.47,-0.01,210,93917,卖盘
100,09:35:52,4.48,0.01,59,26432,买盘
101,09:35:58,4.48,0.0,15,6720,买盘
102,09:36:07,4.48,0.0,151,67648,买盘
103,09:36:10,4.48,0.0,15,6720,买盘
104,09:36:22,4.48,0.0,69,30911,买盘
105,09:36:25,4.48,0.0,165,73870,买盘
106,09:36:28,4.48,0.0,70,31360,买盘
107,09:36:31,4.48,0.0,202,90376,买盘
108,09:36:34,4.48,0.0,187,83771,买盘
109,09:36:37,4.48,0.0,18,8064,买盘
110,09:36:40,4.48,0.0,89,39872,买盘
111,09:36:43,4.48,0.0,575,257539,买盘
112,09:36:46,4.48,0.0,519,232381,买盘
113,09:36:49,4.48,0.0,68,30464,买盘
114,09:36:52,4.49,0.01,80,35848,买盘
115,09:36:55,4.48,-0.01,6,2688,中性盘
116,09:36:58,4.49,0.01,82,36818,买盘
117,09:37:01,4.49,0.0,4,1796,买盘
118,09:37:07,4.49,0.0,62,27838,买盘
119,09:37:10,4.48,-0.01,156,69894,卖盘
120,09:37:22,4.48,0.0,19,8530,卖盘
121,09:37:37,4.49,0.01,19,8531,买盘
122,09:37:40,4.49,0.0,26,11674,买盘
123,09:37:43,4.49,0.0,10,4490,买盘
124,09:37:46,4.49,0.0,324,145433,买盘
125,09:37:49,4.48,-0.01,220,98755,卖盘
126,09:37:52,4.49,0.01,245,109995,买盘
127,09:37:55,4.49,0.0,24,10776,买盘
128,09:37:58,4.49,0.0,106,47594,买盘
129,09:38:01,4.49,0.0,38,17062,买盘
130,09:38:04,4.49,0.0,41,18409,买盘
131,09:38:07,4.49,0.0,81,36369,买盘
132,09:38:10,4.49,0.0,37,16613,买盘
133,09:38:16,4.49,0.0,30,13470,买盘
134,09:38:19,4.49,0.0,80,35920,买盘
135,09:38:22,4.49,0.0,71,31879,买盘
136,09:38:25,4.49,0.0,10,4490,买盘
137,09:38:28,4.49,0.0,3,1347,买盘
138,09:38:31,4.49,0.0,83,37267,买盘
139,09:38:37,4.49,0.0,569,254981,买盘
140,09:38:40,4.49,0.0,67,30083,买盘
141,09:38:52,4.49,0.0,29,13021,买盘
142,09:38:55,4.49,0.0,94,42206,买盘
143,09:39:01,4.48,-0.01,24,10762,卖盘
144,09:39:04,4.49,0.01,76,34122,买盘
145,09:39:07,4.49,0.0,18,8082,买盘
146,09:39:16,4.49,0.0,67,30083,买盘
147,09:39:19,4.49,0.0,157,70493,买盘
148,09:39:22,4.48,-0.01,82,36754,卖盘
149,09:39:25,4.49,0.01,59,26491,买盘
150,09:39:28,4.48,-0.01,95,42585,卖盘
151,09:39:31,4.48,0.0,134,60099,卖盘
152,09:39:34,4.49,0.01,30,13470,买盘
153,09:39:37,4.49,0.0,202,90599,买盘
154,09:39:40,4.48,-0.01,34,15232,卖盘
155,09:39:43,4.49,0.01,10,4490,买盘
156,09:39:46,4.5,0.01,3000,1348355,买盘
157,09:39:49,4.49,-0.01,47,21081,买盘
158,09:39:52,4.49,0.0,23,10322,买盘
159,09:39:55,4.49,0.0,60,26940,买盘
160,09:39:58,4.5,0.01,80,36000,买盘
161,09:40:04,4.49,-0.01,91,40870,卖盘
162,09:40:07,4.5,0.01,44,19774,买盘
163,09:40:10,4.5,0.0,292,131400,买盘
164,09:40:13,4.49,-0.01,50,22450,卖盘
165,09:40:19,4.5,0.01,12,5400,买盘
166,09:40:22,4.5,0.0,265,119250,买盘
167,09:40:25,4.5,0.0,496,223200,买盘
168,09:40:28,4.5,0.0,60,27010,卖盘
169,09:40:31,4.5,0.0,10,4500,卖盘
170,09:40:34,4.5,0.0,38,17100,卖盘
171,09:40:37,4.51,0.01,261,117460,买盘
172,09:40:40,4.5,-0.01,20,9000,买盘
173,09:40:43,4.5,0.0,150,67500,买盘
174,09:40:46,4.5,0.0,26,11700,买盘
175,09:40:49,4.51,0.01,1177,529666,买盘
176,09:40:52,4.51,0.0,203,91233,买盘
177,09:40:55,4.5,-0.01,71,31927,中性盘
178,09:40:58,4.5,0.0,30,13500,买盘
179,09:41:01,4.5,0.0,20,9000,买盘
180,09:41:04,4.5,0.0,31,13950,买盘
181,09:41:07,4.5,0.0,530,238500,买盘
182,09:41:10,4.5,0.0,16,7200,买盘
183,09:41:13,4.5,0.0,564,253800,买盘
184,09:41:16,4.5,0.0,35,15750,买盘
185,09:41:19,4.5,0.0,594,267300,买盘
186,09:41:22,4.51,0.01,18,8118,买盘
187,09:41:25,4.5,-0.01,104,46802,卖盘
188,09:41:28,4.51,0.01,85,38255,买盘
189,09:41:31,4.51,0.0,200,90200,买盘
190,09:41:34,4.51,0.0,35,15785,买盘
191,09:41:37,4.51,0.0,129,58179,买盘
192,09:41:40,4.51,0.0,322,145222,买盘
193,09:41:43,4.51,0.0,5,2255,买盘
194,09:41:46,4.51,0.0,8,3606,买盘
195,09:41:49,4.51,0.0,243,109593,买盘
196,09:41:52,4.51,0.0,156,70356,买盘
197,09:41:55,4.5,-0.01,591,266535,卖盘
198,09:41:58,4.51,0.01,152,68552,买盘
199,09:42:01,4.51,0.0,350,157850,买盘
200,09:42:04,4.51,0.0,217,97867,买盘
201,09:42:07,4.51,0.0,438,197538,买盘
202,09:42:10,4.51,0.0,149,67199,卖盘
203,09:42:13,4.51,0.0,98,44202,卖盘
204,09:42:16,4.51,0.0,152,68552,卖盘
205,09:42:19,4.51,0.0,333,150415,卖盘
206,09:42:22,4.51,0.0,327,147501,卖盘
207,09:42:25,4.51,0.0,159,71709,卖盘
208,09:42:28,4.52,0.01,183,82579,买盘
209,09:42:31,4.51,-0.01,46,20752,卖盘
210,09:42:34,4.52,0.01,200,90256,买盘
211,09:42:37,4.52,0.0,206,92881,买盘
212,09:42:43,4.52,0.0,64,28910,买盘
213,09:42:46,4.51,-0.01,77,34727,卖盘
214,09:42:49,4.51,0.0,15,6765,买盘
215,09:42:52,4.51,0.0,146,65846,买盘
216,09:42:58,4.51,0.0,69,31119,买盘
217,09:43:05,4.51,0.0,98,44198,买盘
218,09:43:07,4.5,-0.01,34,15322,卖盘
219,09:43:10,4.5,0.0,100,45000,卖盘
220,09:43:13,4.51,0.01,12,5412,买盘
221,09:43:16,4.51,0.0,24,10813,买盘
222,09:43:19,4.5,-0.01,1700,765000,卖盘
223,09:43:22,4.5,0.0,310,139500,卖盘
224,09:43:28,4.5,0.0,49,22039,买盘
225,09:43:31,4.49,-0.01,155,69650,卖盘
226,09:43:34,4.5,0.01,180,81000,买盘
227,09:43:37,4.5,0.0,1978,890084,买盘
228,09:43:43,4.51,0.01,39,17557,买盘
229,09:43:52,4.51,0.0,119,53569,买盘
230,09:43:55,4.5,-0.01,157,70650,卖盘
231,09:43:58,4.5,0.0,35,15743,买盘
232,09:44:01,4.5,0.0,6,2700,买盘
233,09:44:04,4.5,0.0,200,90000,买盘
234,09:44:07,4.5,0.0,60,27000,买盘
235,09:44:10,4.5,0.0,232,104368,买盘
236,09:44:13,4.49,-0.01,29,13021,卖盘
237,09:44:16,4.5,0.01,29,13050,买盘
238,09:44:22,4.5,0.0,48,21600,买盘
239,09:44:28,4.5,0.0,3,1350,买盘
240,09:44:31,4.5,0.0,337,151650,买盘
241,09:44:34,4.5,0.0,1,450,买盘
242,09:44:37,4.5,0.0,18,8100,买盘
243,09:44:46,4.49,-0.01,14,6286,卖盘
244,09:44:52,4.5,0.01,39,17550,买盘
245,09:44:55,4.5,0.0,27,12150,买盘
246,09:44:58,4.5,0.0,40,17970,买盘
247,09:45:01,4.5,0.0,40,18000,买盘
248,09:45:04,4.5,0.0,108,48600,买盘
249,09:45:07,4.5,0.0,165,74150,买盘
250,09:45:10,4.49,-0.01,87,39070,卖盘
251,09:45:13,4.5,0.01,123,55350,买盘
252,09:45:16,4.49,-0.01,12,5390,卖盘
253,09:45:19,4.49,0.0,100,44998,卖盘
254,09:45:22,4.5,0.01,98,44100,买盘
255,09:45:25,4.5,0.0,78,35100,买盘
256,09:45:28,4.49,-0.01,8,3592,卖盘
257,09:45:31,4.51,0.02,510,229502,买盘
258,09:45:37,4.51,0.0,18,8118,买盘
259,09:45:43,4.51,0.0,2,902,买盘
260,09:45:46,4.51,0.0,10,4510,买盘
261,09:45:52,4.51,0.0,19,8569,买盘
262,09:45:55,4.51,0.0,31,13981,买盘
263,09:45:58,4.5,-0.01,130,58530,卖盘
264,09:46:01,4.5,0.0,22,9900,卖盘
265,09:46:04,4.51,0.01,27,12177,买盘
266,09:46:07,4.51,0.0,18,8118,买盘
267,09:46:13,4.5,-0.01,200,90000,卖盘
268,09:46:19,4.51,0.01,2,902,买盘
269,09:46:22,4.51,0.0,20,9020,买盘
270,09:46:25,4.51,0.0,150,67650,买盘
271,09:46:28,4.51,0.0,28,12628,买盘
272,09:46:34,4.51,0.0,106,47806,买盘
273,09:46:37,4.51,0.0,145,65288,买盘
274,09:46:40,4.5,-0.01,520,234420,卖盘
275,09:46:43,4.5,0.0,219,98765,卖盘
276,09:46:49,4.5,0.0,505,227255,卖盘
277,09:46:52,4.51,0.01,19,8569,买盘
278,09:46:55,4.5,-0.01,1,450,卖盘
279,09:47:01,4.51,0.01,30,13530,买盘
280,09:47:05,4.5,-0.01,15,6750,卖盘
281,09:47:07,4.51,0.01,81,36501,买盘
282,09:47:10,4.51,0.0,1039,468589,买盘
283,09:47:13,4.5,-0.01,156,70256,卖盘
284,09:47:22,4.51,0.01,88,39688,买盘
285,09:47:28,4.5,-0.01,84,37800,卖盘
286,09:47:31,4.51,0.01,7,3157,买盘
287,09:47:37,4.51,0.0,20,9020,买盘
288,09:47:40,4.51,0.0,176,79376,买盘
289,09:47:43,4.5,-0.01,143,64473,卖盘
290,09:47:46,4.51,0.01,152,68552,买盘
291,09:47:49,4.51,0.0,5,2255,买盘
292,09:47:52,4.51,0.0,19,8569,买盘
293,09:47:55,4.51,0.0,29,13079,买盘
294,09:47:58,4.51,0.0,793,357643,买盘
295,09:48:04,4.51,0.0,62,27963,卖盘
296,09:48:07,4.52,0.01,95,42863,买盘
297,09:48:10,4.51,-0.01,20,9020,卖盘
298,09:48:13,4.52,0.01,130,58760,买盘
299,09:48:16,4.52,0.0,5,2260,买盘
300,09:48:19,4.52,0.0,165,74580,买盘
301,09:48:22,4.52,0.0,18,8136,买盘
302,09:48:25,4.52,0.0,752,339904,买盘
303,09:48:31,4.52,0.0,39,17628,买盘
304,09:48:34,4.52,0.0,288,130176,买盘
305,09:48:37,4.52,0.0,18,8136,买盘
306,09:48:40,4.52,0.0,102,46104,买盘
307,09:48:43,4.52,0.0,624,282048,买盘
308,09:48:49,4.52,0.0,50,22600,买盘
309,09:48:52,4.52,0.0,215,97180,买盘
310,09:48:55,4.52,0.0,253,114356,买盘
311,09:48:58,4.52,0.0,52,23504,买盘
312,09:49:01,4.52,0.0,25,11300,买盘
313,09:49:04,4.52,0.0,66,29832,买盘
314,09:49:07,4.52,0.0,55,24860,买盘
315,09:49:13,4.51,-0.01,25,11275,卖盘
316,09:49:16,4.52,0.01,60,27120,买盘
317,09:49:19,4.51,-0.01,255,115185,卖盘
318,09:49:22,4.52,0.01,37,16708,买盘
319,09:49:25,4.51,-0.01,317,143222,卖盘
320,09:49:28,4.52,0.01,151,68151,买盘
321,09:49:31,4.52,0.0,133,60069,买盘
322,09:49:37,4.51,-0.01,94,42446,卖盘
323,09:49:40,4.52,0.01,47,21212,买盘
324,09:49:46,4.52,0.0,2,904,买盘
325,09:49:49,4.52,0.0,25,11300,买盘
326,09:49:52,4.52,0.0,71,32092,买盘
327,09:49:55,4.52,0.0,31,14012,买盘
328,09:49:58,4.52,0.0,2,904,买盘
329,09:50:01,4.52,0.0,1118,505336,买盘
330,09:50:04,4.52,0.0,25,11300,买盘
331,09:50:07,4.52,0.0,19,8588,买盘
332,09:50:10,4.52,0.0,30,13560,买盘
333,09:50:13,4.52,0.0,2,904,买盘
334,09:50:16,4.52,0.0,4,1808,买盘
335,09:50:22,4.51,-0.01,78,35196,卖盘
336,09:50:25,4.52,0.01,80,36160,买盘
337,09:50:28,4.52,0.0,2,904,买盘
338,09:50:31,4.52,0.0,144,65088,买盘
339,09:50:37,4.51,-0.01,190,85810,卖盘
340,09:50:40,4.51,0.0,13,5863,卖盘
341,09:50:43,4.52,0.01,21,9492,买盘
342,09:50:46,4.51,-0.01,40,18060,卖盘
343,09:50:52,4.52,0.01,20,9040,买盘
344,09:50:55,4.52,0.0,57,25732,买盘
345,09:50:58,4.52,0.0,127,57352,买盘
346,09:51:01,4.52,0.0,53,23906,买盘
347,09:51:04,4.51,-0.01,112,50512,卖盘
348,09:51:07,4.52,0.01,159,71868,买盘
349,09:51:13,4.51,-0.01,14,6314,卖盘
350,09:51:16,4.52,0.01,10,4520,买盘
351,09:51:19,4.52,0.0,10,4520,买盘
352,09:51:22,4.52,0.0,36,16264,买盘
353,09:51:25,4.51,-0.01,52,23452,卖盘
354,09:51:28,4.52,0.01,53,23936,买盘
355,09:51:34,4.52,0.0,203,91756,买盘
356,09:51:37,4.51,-0.01,688,310306,卖盘
357,09:51:49,4.51,0.0,936,422170,卖盘
358,09:51:52,4.51,0.0,19,8569,买盘
359,09:51:55,4.51,0.0,4,1804,买盘
360,09:51:58,4.5,-0.01,52,23400,卖盘
361,09:52:01,4.51,0.01,18,8113,买盘
362,09:52:07,4.51,0.0,19,8569,买盘
363,09:52:10,4.51,0.0,7,3157,买盘
364,09:52:16,4.51,0.0,200,90200,买盘
365,09:52:19,4.5,-0.01,53,23900,卖盘
366,09:52:22,4.51,0.01,563,253413,买盘
367,09:52:25,4.51,0.0,500,225500,买盘
368,09:52:28,4.51,0.0,4,1804,买盘
369,09:52:34,4.51,0.0,325,146575,买盘
370,09:52:37,4.51,0.0,21,9471,买盘
371,09:52:40,4.51,0.0,78,35177,买盘
372,09:52:52,4.51,0.0,28,12628,买盘
373,09:52:55,4.51,0.0,2,902,买盘
374,09:53:01,4.51,0.0,149,67180,买盘
375,09:53:04,4.51,0.0,324,146124,买盘
376,09:53:07,4.52,0.01,69,31138,买盘
377,09:53:13,4.51,-0.01,70,31570,卖盘
378,09:53:16,4.51,0.0,75,33825,卖盘
379,09:53:22,4.52,0.01,88,39706,买盘
380,09:53:25,4.51,-0.01,150,67650,卖盘
381,09:53:28,4.52,0.01,2,904,买盘
382,09:53:31,4.52,0.0,26,11752,买盘
383,09:53:34,4.51,-0.01,173,78028,卖盘
384,09:53:37,4.52,0.01,58,26176,买盘
385,09:53:43,4.52,0.0,38,17176,买盘
386,09:53:46,4.51,-0.01,111,50071,卖盘
387,09:53:49,4.52,0.01,75,33900,买盘
388,09:53:52,4.52,0.0,35,15803,买盘
389,09:53:55,4.51,-0.01,16,7216,卖盘
390,09:54:01,4.52,0.01,2,904,买盘
391,09:54:04,4.51,-0.01,189,85396,卖盘
392,09:54:07,4.52,0.01,114,51433,买盘
393,09:54:10,4.51,-0.01,32,14432,卖盘
394,09:54:13,4.51,0.0,136,61375,卖盘
395,09:54:16,4.51,0.0,299,134849,卖盘
396,09:54:19,4.51,0.0,30,13530,买盘
397,09:54:22,4.51,0.0,20,9020,买盘
398,09:54:25,4.52,0.01,657,296546,买盘
399,09:54:31,4.52,0.0,2,904,买盘
400,09:54:34,4.51,-0.01,9,4059,卖盘
401,09:54:37,4.52,0.01,79,35680,买盘
402,09:54:40,4.52,0.0,9,4068,买盘
403,09:54:43,4.51,-0.01,50,22551,卖盘
404,09:54:46,4.51,0.0,71,32021,买盘
405,09:54:52,4.52,0.01,43,19436,买盘
406,09:54:58,4.52,0.0,29,13108,买盘
407,09:55:07,4.52,0.0,19,8588,买盘
408,09:55:10,4.52,0.0,206,93112,买盘
409,09:55:13,4.52,0.0,129,58199,买盘
410,09:55:16,4.52,0.0,54,24381,买盘
411,09:55:22,4.52,0.0,18,8136,买盘
412,09:55:25,4.52,0.0,29,13108,买盘
413,09:55:31,4.51,-0.01,174,78479,卖盘
414,09:55:37,4.51,0.0,18,8118,买盘
415,09:55:46,4.51,0.0,50,22540,买盘
416,09:55:49,4.51,0.0,28,12628,买盘
417,09:55:52,4.52,0.01,33,14901,买盘
418,09:55:55,4.51,-0.01,9,4062,卖盘
419,09:56:01,4.52,0.01,56,25284,买盘
420,09:56:04,4.51,-0.01,167,75317,卖盘
421,09:56:07,4.51,0.0,18,8118,买盘
422,09:56:10,4.51,0.0,219,98769,买盘
423,09:56:16,4.51,0.0,7,3157,卖盘
424,09:56:19,4.51,0.0,38,17138,卖盘
425,09:56:22,4.51,0.0,21,9471,卖盘
426,09:56:25,4.52,0.01,51,23034,买盘
427,09:56:27,4.51,-0.01,205,92455,中性盘
428,09:56:31,4.52,0.01,26,11752,买盘
429,09:56:34,4.51,-0.01,19,8569,卖盘
430,09:56:37,4.51,0.0,64,28864,买盘
431,09:56:46,4.51,0.0,100,45100,买盘
432,09:56:49,4.51,0.0,30,13530,买盘
433,09:56:52,4.51,0.0,18,8118,买盘
434,09:56:55,4.51,0.0,100,45100,买盘
435,09:56:58,4.51,0.0,26,11726,买盘
436,09:57:01,4.5,-0.01,16,7208,卖盘
437,09:57:04,4.5,0.0,10,4500,卖盘
438,09:57:07,4.51,0.01,18,8118,买盘
439,09:57:10,4.51,0.0,72,32442,买盘
440,09:57:13,4.51,0.0,13,5863,买盘
441,09:57:16,4.5,-0.01,5,2250,卖盘
442,09:57:19,4.51,0.01,62,27927,买盘
443,09:57:22,4.51,0.0,23,10373,买盘
444,09:57:25,4.5,-0.01,144,64800,卖盘
445,09:57:28,4.5,0.0,98,44100,卖盘
446,09:57:31,4.51,0.01,136,61291,买盘
447,09:57:37,4.51,0.0,18,8118,买盘
448,09:57:40,4.51,0.0,80,36080,买盘
449,09:57:43,4.51,0.0,55,24760,买盘
450,09:57:46,4.5,-0.01,2345,1057255,卖盘
451,09:57:49,4.5,0.0,44,19800,卖盘
452,09:57:52,4.51,0.01,18,8118,中性盘
453,09:57:55,4.51,0.0,32,14432,买盘
454,09:57:58,4.52,0.01,75,33890,买盘
455,09:58:01,4.51,-0.01,5,2255,卖盘
456,09:58:04,4.52,0.01,57,25714,买盘
457,09:58:07,4.52,0.0,53,23921,买盘
458,09:58:13,4.52,0.0,45,20325,买盘
459,09:58:19,4.52,0.0,10,4520,买盘
460,09:58:22,4.52,0.0,48,21696,买盘
461,09:58:28,4.51,-0.01,106,47806,卖盘
462,09:58:31,4.51,0.0,25,11295,卖盘
463,09:58:37,4.52,0.01,18,8136,买盘
464,09:58:40,4.51,-0.01,20,9020,卖盘
465,09:58:46,4.51,0.0,1,451,卖盘
466,09:58:49,4.52,0.01,6,2712,买盘
467,09:58:52,4.52,0.0,243,109616,买盘
468,09:58:55,4.52,0.0,11,4972,买盘
469,09:59:01,4.51,-0.01,35,15785,卖盘
470,09:59:04,4.52,0.01,19,8578,买盘
471,09:59:06,4.52,0.0,2517,1137684,买盘
472,09:59:13,4.52,0.0,10,4520,买盘
473,09:59:15,4.52,0.0,133,60116,买盘
474,09:59:22,4.53,0.01,41,18551,买盘
475,09:59:25,4.53,0.0,85,38454,买盘
476,09:59:28,4.52,-0.01,50,22600,卖盘
477,09:59:34,4.53,0.01,10,4530,买盘
478,09:59:37,4.53,0.0,18,8154,买盘
479,09:59:46,4.52,-0.01,157,70997,卖盘
480,09:59:49,4.52,0.0,65,29395,卖盘
481,09:59:52,4.52,0.0,28,12656,买盘
482,09:59:55,4.52,0.0,331,149612,买盘
483,09:59:58,4.52,0.0,11,4972,买盘
484,10:00:01,4.52,0.0,100,45200,买盘
485,10:00:04,4.52,0.0,128,57856,买盘
486,10:00:07,4.52,0.0,107,48364,买盘
487,10:00:16,4.52,0.0,76,34352,买盘
488,10:00:19,4.52,0.0,20,9040,买盘
489,10:00:22,4.52,0.0,10,4520,买盘
490,10:00:25,4.52,0.0,5,2260,买盘
491,10:00:28,4.52,0.0,30,13560,买盘
492,10:00:31,4.52,0.0,500,226000,买盘
493,10:00:37,4.52,0.0,230,103960,买盘
494,10:00:40,4.52,0.0,71,32092,买盘
495,10:00:43,4.53,0.01,425,192105,买盘
496,10:00:46,4.52,-0.01,21,9492,卖盘
497,10:00:52,4.53,0.01,79,35718,买盘
498,10:00:58,4.52,-0.01,1,452,卖盘
499,10:01:07,4.53,0.01,20,9060,买盘
500,10:01:16,4.53,0.0,44,19932,买盘
501,10:01:19,4.53,0.0,424,192072,买盘
502,10:01:25,4.52,-0.01,15,6780,卖盘
503,10:01:31,4.53,0.01,120,54360,买盘
504,10:01:37,4.53,0.0,1123,507709,买盘
505,10:01:40,4.52,-0.01,24,10848,卖盘
506,10:01:43,4.52,0.0,10,4520,卖盘
507,10:01:46,4.53,0.01,15,6795,买盘
508,10:01:49,4.52,-0.01,57,25764,卖盘
509,10:01:52,4.53,0.01,702,318006,买盘
510,10:01:58,4.52,-0.01,20,9040,卖盘
511,10:02:05,4.53,0.01,152,68856,买盘
512,10:02:07,4.53,0.0,1,453,买盘
513,10:02:10,4.53,0.0,25,11325,买盘
514,10:02:13,4.53,0.0,157,71054,买盘
515,10:02:16,4.53,0.0,115,52090,买盘
516,10:02:19,4.53,0.0,1,453,买盘
517,10:02:22,4.52,-0.01,50,22600,卖盘
518,10:02:25,4.53,0.01,89,40317,买盘
519,10:02:28,4.53,0.0,35,15855,买盘
520,10:02:31,4.52,-0.01,10,4520,卖盘
521,10:02:34,4.53,0.01,30,13590,买盘
522,10:02:37,4.53,0.0,54,24462,买盘
523,10:02:40,4.52,-0.01,525,237300,卖盘
524,10:02:43,4.52,0.0,359,162268,卖盘
525,10:02:49,4.52,0.0,5,2260,卖盘
526,10:02:52,4.52,0.0,84,37968,卖盘
527,10:02:55,4.52,0.0,96,43392,卖盘
528,10:02:58,4.52,0.0,17,7684,卖盘
529,10:03:01,4.52,0.0,69,31188,卖盘
530,10:03:04,4.53,0.01,78,35274,买盘
531,10:03:07,4.52,-0.01,60,27150,卖盘
532,10:03:10,4.51,-0.01,414,187108,卖盘
533,10:03:13,4.51,0.0,1,451,卖盘
534,10:03:16,4.52,0.01,10,4520,买盘
535,10:03:19,4.51,-0.01,8,3608,卖盘
536,10:03:22,4.52,0.01,1,452,买盘
537,10:03:25,4.52,0.0,52,23504,买盘
538,10:03:31,4.52,0.0,58,26216,买盘
539,10:03:37,4.52,0.0,88,39776,买盘
540,10:03:40,4.52,0.0,29,13108,买盘
541,10:03:46,4.52,0.0,20,9040,买盘
542,10:03:49,4.51,-0.01,23,10393,卖盘
543,10:03:52,4.52,0.01,1,452,买盘
544,10:03:58,4.52,0.0,12,5424,买盘
545,10:04:04,4.52,0.0,30,13560,买盘
546,10:04:07,4.52,0.0,776,350482,买盘
547,10:04:10,4.51,-0.01,21,9472,卖盘
548,10:04:13,4.52,0.01,64,28928,买盘
549,10:04:15,4.52,0.0,1,452,卖盘
550,10:04:19,4.52,0.0,25,11300,卖盘
551,10:04:22,4.52,0.0,16,7232,买盘
552,10:04:31,4.52,0.0,84,37968,买盘
553,10:04:34,4.52,0.0,12,5424,卖盘
554,10:04:37,4.53,0.01,31,14043,买盘
555,10:04:43,4.53,0.0,120,54360,买盘
556,10:04:46,4.52,-0.01,100,45200,卖盘
557,10:04:52,4.52,0.0,100,45200,卖盘
558,10:04:54,4.52,0.0,7,3164,卖盘
559,10:04:58,4.52,0.0,20,9040,买盘
560,10:05:04,4.52,0.0,11,4972,买盘
561,10:05:16,4.52,0.0,50,22600,卖盘
562,10:05:22,4.52,0.0,20,9050,卖盘
563,10:05:25,4.52,0.0,31,14012,卖盘
564,10:05:34,4.52,0.0,46,20792,卖盘
565,10:05:37,4.52,0.0,64,28928,买盘
566,10:05:43,4.52,0.0,40,18062,买盘
567,10:05:46,4.52,0.0,10,4520,买盘
568,10:05:49,4.51,-0.01,20,9020,卖盘
569,10:05:51,4.52,0.01,30,13540,买盘
570,10:05:55,4.51,-0.01,7,3157,卖盘
571,10:06:04,4.51,0.0,37,16692,卖盘
572,10:06:07,4.52,0.01,270,121990,买盘
573,10:06:10,4.52,0.0,32,14464,买盘
574,10:06:18,4.52,0.0,232,104864,买盘
575,10:06:21,4.51,-0.01,5,2255,卖盘
576,10:06:34,4.52,0.01,29,13108,买盘
577,10:06:37,4.52,0.0,26,11752,买盘
578,10:06:40,4.51,-0.01,9,4059,卖盘
579,10:06:43,4.52,0.01,62,28014,买盘
580,10:06:51,4.51,-0.01,12,5412,卖盘
581,10:06:55,4.52,0.01,1,452,买盘
582,10:06:58,4.51,-0.01,10,4510,卖盘
583,10:07:04,4.51,0.0,5,2255,卖盘
584,10:07:07,4.51,0.0,30,13556,卖盘
585,10:07:13,4.52,0.01,50,22580,买盘
586,10:07:19,4.52,0.0,1,452,买盘
587,10:07:25,4.51,-0.01,50,22560,卖盘
588,10:07:28,4.52,0.01,35,15820,买盘
589,10:07:31,4.52,0.0,39,17608,买盘
590,10:07:37,4.52,0.0,78,35256,买盘
591,10:07:43,4.52,0.0,1,452,买盘
592,10:07:52,4.51,-0.01,522,235422,卖盘
593,10:07:55,4.51,0.0,180,81350,卖盘
594,10:08:01,4.51,0.0,149,67199,卖盘
595,10:08:07,4.52,0.01,26,11752,买盘
596,10:08:10,4.51,-0.01,5,2255,卖盘
597,10:08:13,4.52,0.01,120,54240,买盘
598,10:08:19,4.52,0.0,229,103280,买盘
599,10:08:22,4.51,-0.01,150,67650,卖盘
600,10:08:25,4.51,0.0,15,6765,卖盘
601,10:08:28,4.51,0.0,18,8118,卖盘
602,10:08:31,4.51,0.0,5,2255,买盘
603,10:08:34,4.51,0.0,35,15785,买盘
604,10:08:46,4.51,0.0,1,451,买盘
605,10:08:49,4.5,-0.01,308,138808,卖盘
606,10:08:52,4.51,0.01,249,112299,买盘
607,10:09:01,4.52,0.01,18,8130,买盘
608,10:09:04,4.52,0.0,103,46456,买盘
609,10:09:07,4.51,-0.01,93,41911,卖盘
610,10:09:10,4.5,-0.01,1,450,卖盘
611,10:09:13,4.51,0.01,160,72160,买盘
612,10:09:16,4.51,0.0,20,9020,买盘
613,10:09:19,4.51,0.0,70,31570,买盘
614,10:09:28,4.51,0.0,30,13530,买盘
615,10:09:31,4.51,0.0,11,4961,买盘
616,10:09:37,4.5,-0.01,60,27000,卖盘
617,10:10:01,4.5,0.0,356,160335,卖盘
618,10:10:04,4.5,0.0,20,9000,卖盘
619,10:10:13,4.51,0.01,135,60765,买盘
620,10:10:16,4.5,-0.01,20,9000,卖盘
621,10:10:19,4.5,0.0,71,31950,卖盘
622,10:10:22,4.51,0.01,1,451,买盘
623,10:10:28,4.5,-0.01,220,99000,卖盘
624,10:10:31,4.5,0.0,34,15300,卖盘
625,10:10:34,4.51,0.01,29,13079,买盘
626,10:10:37,4.5,-0.01,435,195750,卖盘
627,10:10:40,4.5,0.0,412,185400,卖盘
628,10:10:43,4.49,-0.01,32,14368,卖盘
629,10:10:49,4.5,0.01,32,14400,买盘
630,10:10:52,4.49,-0.01,80,35920,卖盘
631,10:10:55,4.49,0.0,30,13470,卖盘
632,10:11:01,4.5,0.01,10,4500,买盘
633,10:11:07,4.49,-0.01,181,81271,卖盘
634,10:11:13,4.5,0.01,55,24700,买盘
635,10:11:19,4.49,-0.01,921,413529,卖盘
636,10:11:22,4.49,0.0,1,449,买盘
637,10:11:25,4.49,0.0,15,6735,买盘
638,10:11:34,4.49,0.0,23,10327,买盘
639,10:11:37,4.49,0.0,119,53431,买盘
640,10:11:40,4.48,-0.01,10,4481,卖盘
641,10:11:43,4.5,0.02,10,4500,买盘
642,10:11:46,4.5,0.0,32,14400,买盘
643,10:11:49,4.5,0.0,32,14400,买盘
644,10:11:52,4.5,0.0,39,17516,买盘
645,10:11:58,4.5,0.0,48,21600,买盘
646,10:12:04,4.49,-0.01,104,46767,卖盘
647,10:12:07,4.5,0.01,54,24300,买盘
648,10:12:10,4.5,0.0,78,35066,买盘
649,10:12:13,4.5,0.0,92,41340,买盘
650,10:12:16,4.5,0.0,32,14400,买盘
651,10:12:19,4.5,0.0,9,4050,买盘
652,10:12:25,4.5,0.0,20,9000,买盘
653,10:12:28,4.49,-0.01,175,78626,卖盘
654,10:12:31,4.49,0.0,100,44900,卖盘
655,10:12:37,4.5,0.01,29,13050,买盘
656,10:12:40,4.5,0.0,6,2700,买盘
657,10:12:43,4.5,0.0,11,4950,买盘
658,10:12:46,4.49,-0.01,47,21123,卖盘
659,10:12:49,4.5,0.01,48,21600,买盘
660,10:12:55,4.49,-0.01,21,9429,卖盘
661,10:13:10,4.49,0.0,53,23822,卖盘
662,10:13:19,4.5,0.01,5,2250,买盘
663,10:13:34,4.5,0.0,1,450,买盘
664,10:13:43,4.5,0.0,17,7637,买盘
665,10:13:46,4.5,0.0,334,150300,买盘
666,10:13:52,4.5,0.0,54,24300,买盘
667,10:14:07,4.5,0.0,51,22950,买盘
668,10:14:13,4.5,0.0,20,9000,买盘
669,10:14:15,4.5,0.0,5,2250,买盘
670,10:14:19,4.5,0.0,107,48150,买盘
671,10:14:31,4.5,0.0,20,9000,买盘
672,10:14:34,4.49,-0.01,60,26940,卖盘
673,10:14:37,4.49,0.0,19,8531,卖盘
674,10:14:43,4.49,0.0,50,22450,卖盘
675,10:14:46,4.5,0.01,13,5850,买盘
676,10:14:52,4.5,0.0,109,49050,买盘
677,10:14:55,4.49,-0.01,1000,449000,卖盘
678,10:15:01,4.5,0.01,653,293650,买盘
679,10:15:04,4.49,-0.01,102,45803,卖盘
680,10:15:07,4.5,0.01,24,10797,买盘
681,10:15:10,4.5,0.0,200,90000,买盘
682,10:15:16,4.5,0.0,15,6750,买盘
683,10:15:19,4.5,0.0,60,27000,买盘
684,10:15:34,4.49,-0.01,13,5837,卖盘
685,10:15:43,4.5,0.01,19,8550,买盘
686,10:16:07,4.5,0.0,2,900,买盘
687,10:16:10,4.49,-0.01,2,898,卖盘
688,10:16:13,4.5,0.01,22,9900,买盘
689,10:16:16,4.5,0.0,50,22500,买盘
690,10:16:22,4.5,0.0,12,5400,买盘
691,10:16:25,4.5,0.0,38,17100,买盘
692,10:16:34,4.49,-0.01,20,8980,卖盘
693,10:16:42,4.49,0.0,58,26050,卖盘
694,10:16:46,4.49,0.0,59,26504,卖盘
695,10:16:49,4.5,0.01,70,31500,买盘
696,10:16:55,4.49,-0.01,15,6735,卖盘
697,10:16:58,4.49,0.0,35,15715,卖盘
698,10:17:12,4.5,0.01,17,7650,买盘
699,10:17:19,4.5,0.0,159,71392,买盘
700,10:17:25,4.49,-0.01,5,2245,卖盘
701,10:17:31,4.49,0.0,10,4490,卖盘
702,10:17:43,4.5,0.01,19,8550,买盘
703,10:17:49,4.49,-0.01,695,312055,卖盘
704,10:17:52,4.49,0.0,119,53431,买盘
705,10:18:04,4.49,0.0,1,449,买盘
706,10:18:07,4.49,0.0,33,14786,买盘
707,10:18:10,4.49,0.0,193,86657,买盘
708,10:18:28,4.49,0.0,50,22450,卖盘
709,10:18:40,4.5,0.01,7,3150,买盘
710,10:18:43,4.5,0.0,10,4500,买盘
711,10:18:46,4.5,0.0,2001,900450,买盘
712,10:19:00,4.5,0.0,323,145350,买盘
713,10:19:07,4.51,0.01,90,40590,买盘
714,10:19:10,4.51,0.0,6,2706,买盘
715,10:19:12,4.51,0.0,7,3157,买盘
716,10:19:19,4.51,0.0,1,451,买盘
717,10:19:22,4.5,-0.01,99,44550,卖盘
718,10:19:25,4.51,0.01,195,87945,买盘
719,10:19:34,4.5,-0.01,2,900,卖盘
720,10:19:37,4.51,0.01,2283,1029633,买盘
721,10:19:40,4.51,0.0,50,22550,卖盘
722,10:19:43,4.51,0.0,20,9020,卖盘
723,10:19:55,4.51,0.0,10,4510,卖盘
724,10:19:58,4.52,0.01,32,14464,买盘
725,10:20:01,4.52,0.0,500,226000,买盘
726,10:20:04,4.51,-0.01,65,29315,卖盘
727,10:20:07,4.52,0.01,2,904,买盘
728,10:20:10,4.52,0.0,10,4520,买盘
729,10:20:13,4.52,0.0,42,18984,买盘
730,10:20:22,4.52,0.0,5,2260,买盘
731,10:20:25,4.52,0.0,1,452,买盘
732,10:20:28,4.51,-0.01,30,13530,卖盘
733,10:20:43,4.52,0.01,23,10396,买盘
734,10:20:49,4.52,0.0,42,18984,买盘
735,10:20:55,4.52,0.0,130,58760,买盘
736,10:21:01,4.52,0.0,5,2260,买盘
737,10:21:07,4.52,0.0,702,317304,买盘
738,10:21:10,4.52,0.0,7,3164,买盘
739,10:21:13,4.52,0.0,52,23504,买盘
740,10:21:16,4.52,0.0,100,45200,买盘
741,10:21:18,4.52,0.0,56,25312,买盘
742,10:21:25,4.52,0.0,500,226000,买盘
743,10:21:28,4.52,0.0,30,13560,买盘
744,10:21:31,4.51,-0.01,134,60536,卖盘
745,10:21:34,4.52,0.01,25,11282,买盘
746,10:21:37,4.52,0.0,118,53336,买盘
747,10:21:40,4.51,-0.01,8,3608,卖盘
748,10:21:43,4.52,0.01,366,165432,买盘
749,10:21:46,4.52,0.0,50,22600,卖盘
750,10:21:49,4.52,0.0,32,14464,卖盘
751,10:21:52,4.52,0.0,30,13560,卖盘
752,10:21:55,4.52,0.0,204,92230,卖盘
753,10:21:57,4.52,0.0,37,16724,卖盘
754,10:22:01,4.52,0.0,6,2712,卖盘
755,10:22:07,4.52,0.0,147,66444,卖盘
756,10:22:13,4.52,0.0,422,190755,卖盘
757,10:22:16,4.52,0.0,100,45200,卖盘
758,10:22:19,4.52,0.0,204,92208,卖盘
759,10:22:31,4.52,0.0,90,40680,买盘
760,10:22:43,4.52,0.0,26,11752,买盘
761,10:22:45,4.52,0.0,5,2260,买盘
762,10:22:49,4.51,-0.01,37,16687,卖盘
763,10:22:55,4.51,0.0,1,451,卖盘
764,10:23:01,4.51,0.0,175,78940,卖盘
765,10:23:04,4.51,0.0,130,58630,卖盘
766,10:23:10,4.51,0.0,7,3157,卖盘
767,10:23:13,4.52,0.01,15,6780,买盘
768,10:23:22,4.51,-0.01,25,11276,卖盘
769,10:23:25,4.51,0.0,30,13530,卖盘
770,10:23:31,4.51,0.0,100,45100,卖盘
771,10:23:34,4.52,0.01,5,2260,买盘
772,10:23:43,4.52,0.0,12,5424,买盘
773,10:23:52,4.52,0.0,172,77744,买盘
774,10:23:57,4.51,-0.01,10,4515,卖盘
775,10:24:07,4.52,0.01,120,54240,买盘
776,10:24:13,4.52,0.0,15,6780,买盘
777,10:24:18,4.52,0.0,174,78648,买盘
778,10:24:21,4.52,0.0,1,452,买盘
779,10:24:37,4.51,-0.01,1055,475849,卖盘
780,10:24:42,4.52,0.01,655,296012,买盘
781,10:24:49,4.52,0.0,172,77744,买盘
782,10:24:51,4.52,0.0,10,4520,买盘
783,10:25:04,4.52,0.0,101,45652,买盘
784,10:25:06,4.52,0.0,2,904,买盘
785,10:25:10,4.52,0.0,30,13560,买盘
786,10:25:16,4.52,0.0,12,5424,买盘
787,10:25:19,4.52,0.0,70,31640,买盘
788,10:25:46,4.52,0.0,25,11300,买盘
789,10:25:55,4.52,0.0,5,2260,买盘
790,10:26:01,4.52,0.0,37,16724,买盘
791,10:26:04,4.52,0.0,442,199784,买盘
792,10:26:07,4.52,0.0,2,904,买盘
793,10:26:10,4.52,0.0,53,23956,买盘
794,10:26:13,4.52,0.0,49,22148,买盘
795,10:26:16,4.52,0.0,8,3616,买盘
796,10:26:25,4.52,0.0,256,115712,买盘
797,10:26:28,4.52,0.0,500,226000,买盘
798,10:26:31,4.52,0.0,202,91304,买盘
799,10:26:43,4.52,0.0,8,3616,卖盘
800,10:26:46,4.53,0.01,16,7248,买盘
801,10:26:49,4.52,-0.01,6,2712,卖盘
802,10:26:58,4.52,0.0,14,6339,卖盘
803,10:27:04,4.53,0.01,10,4530,买盘
804,10:27:07,4.52,-0.01,100,45200,卖盘
805,10:27:09,4.52,0.0,532,240464,卖盘
806,10:27:13,4.52,0.0,8,3616,买盘
807,10:27:16,4.52,0.0,4,1808,买盘
808,10:27:19,4.52,0.0,55,24860,买盘
809,10:27:25,4.52,0.0,995,449740,买盘
810,10:27:28,4.52,0.0,30,13560,买盘
811,10:27:37,4.52,0.0,22,9944,买盘
812,10:27:40,4.52,0.0,82,37064,买盘
813,10:27:43,4.53,0.01,540,244090,买盘
814,10:27:46,4.53,0.0,32,14496,买盘
815,10:27:58,4.53,0.0,96,43438,买盘
816,10:28:07,4.53,0.0,302,136506,买盘
817,10:28:13,4.53,0.0,511,231483,买盘
818,10:28:16,4.53,0.0,11,4983,买盘
819,10:28:19,4.53,0.0,20,9060,买盘
820,10:28:31,4.53,0.0,93,42129,买盘
821,10:28:34,4.53,0.0,20,9060,买盘
822,10:28:40,4.53,0.0,212,96036,买盘
823,10:28:43,4.53,0.0,62,28086,买盘
824,10:28:45,4.53,0.0,31,14043,买盘
825,10:28:52,4.53,0.0,1,453,买盘
826,10:28:55,4.53,0.0,3,1359,买盘
827,10:28:58,4.52,-0.01,100,45200,卖盘
828,10:29:01,4.52,0.0,161,72772,卖盘
829,10:29:04,4.53,0.01,786,356058,买盘
830,10:29:07,4.53,0.0,120,54360,买盘
831,10:29:13,4.53,0.0,1177,533181,买盘
832,10:29:16,4.53,0.0,30,13590,卖盘
833,10:29:19,4.53,0.0,14,6342,卖盘
834,10:29:34,4.54,0.01,10,4540,买盘
835,10:29:43,4.54,0.0,1904,864416,买盘
836,10:29:52,4.54,0.0,18,8181,卖盘
837,10:29:54,4.54,0.0,70,31780,卖盘
838,10:29:58,4.55,0.01,216,98248,买盘
839,10:30:04,4.55,0.0,50,22750,买盘
840,10:30:06,4.55,0.0,1021,464555,买盘
841,10:30:10,4.54,-0.01,67,30465,卖盘
842,10:30:13,4.55,0.01,141,64055,买盘
843,10:30:16,4.55,0.0,174,79170,买盘
844,10:30:19,4.55,0.0,261,118755,买盘
845,10:30:22,4.55,0.0,192,87328,买盘
846,10:30:25,4.55,0.0,523,237915,买盘
847,10:30:28,4.54,-0.01,202,91890,卖盘
848,10:30:31,4.55,0.01,91,41385,买盘
849,10:30:34,4.55,0.0,73,33215,买盘
850,10:30:36,4.55,0.0,30,13650,买盘
851,10:30:43,4.55,0.0,141,64155,买盘
852,10:30:46,4.55,0.0,27,12285,买盘
853,10:30:49,4.55,0.0,202,91910,买盘
854,10:30:51,4.55,0.0,174,79170,买盘
855,10:30:54,4.55,0.0,5,2275,买盘
856,10:30:58,4.55,0.0,70,31850,买盘
857,10:31:01,4.55,0.0,103,46843,买盘
858,10:31:04,4.55,0.0,162,73710,买盘
859,10:31:07,4.54,-0.01,503,228765,卖盘
860,10:31:10,4.55,0.01,94,42770,买盘
861,10:31:13,4.55,0.0,70,31850,买盘
862,10:31:16,4.55,0.0,134,60970,买盘
863,10:31:21,4.55,0.0,24,10920,买盘
864,10:31:28,4.55,0.0,23,10465,买盘
865,10:31:31,4.55,0.0,32,14560,买盘
866,10:31:34,4.55,0.0,100,45500,买盘
867,10:31:37,4.55,0.0,110,50050,买盘
868,10:31:40,4.55,0.0,51,23205,买盘
869,10:31:43,4.55,0.0,20,9100,买盘
870,10:31:45,4.55,0.0,34,15470,买盘
871,10:31:49,4.55,0.0,90,40950,买盘
872,10:31:52,4.55,0.0,26,11830,买盘
873,10:31:55,4.54,-0.01,280,127330,卖盘
874,10:31:58,4.55,0.01,130,59120,买盘
875,10:32:01,4.55,0.0,112,50960,买盘
876,10:32:06,4.54,-0.01,102,46310,卖盘
877,10:32:13,4.55,0.01,101,45955,买盘
878,10:32:16,4.55,0.0,24,10920,买盘
879,10:32:25,4.55,0.0,6,2730,买盘
880,10:32:28,4.54,-0.01,5,2273,卖盘
881,10:32:31,4.55,0.01,267,121485,买盘
882,10:32:34,4.55,0.0,234,106470,买盘
883,10:32:40,4.54,-0.01,30,13620,卖盘
884,10:32:42,4.55,0.01,297,134908,买盘
885,10:32:46,4.55,0.0,19,8645,买盘
886,10:32:54,4.55,0.0,42,19110,买盘
887,10:33:01,4.55,0.0,318,144690,买盘
888,10:33:04,4.55,0.0,360,163800,买盘
889,10:33:07,4.55,0.0,36,16380,买盘
890,10:33:10,4.55,0.0,200,91000,买盘
891,10:33:16,4.55,0.0,28,12740,买盘
892,10:33:19,4.55,0.0,551,250700,买盘
893,10:33:22,4.56,0.01,364,165640,买盘
894,10:33:25,4.55,-0.01,20,9100,卖盘
895,10:33:27,4.55,0.0,80,36400,卖盘
896,10:33:31,4.55,0.0,50,22750,卖盘
897,10:33:43,4.55,0.0,1,455,卖盘
898,10:33:46,4.55,0.0,31,14126,卖盘
899,10:33:49,4.55,0.0,42,19110,卖盘
900,10:33:52,4.55,0.0,32,14562,卖盘
901,10:33:55,4.55,0.0,100,45500,卖盘
902,10:34:01,4.55,0.0,121,55066,卖盘
903,10:34:04,4.55,0.0,5,2275,卖盘
904,10:34:07,4.55,0.0,27,12285,卖盘
905,10:34:10,4.56,0.01,1412,643669,买盘
906,10:34:13,4.56,0.0,100,45590,买盘
907,10:34:16,4.56,0.0,246,112176,买盘
908,10:34:19,4.55,-0.01,430,195650,卖盘
909,10:34:22,4.56,0.01,54,24604,买盘
910,10:34:24,4.56,0.0,90,41040,买盘
911,10:34:31,4.56,0.0,101,46056,买盘
912,10:34:34,4.56,0.0,306,139536,买盘
913,10:34:37,4.56,0.0,220,100320,买盘
914,10:34:40,4.56,0.0,320,145920,买盘
915,10:34:43,4.55,-0.01,240,109250,卖盘
916,10:34:46,4.56,0.01,30,13680,买盘
917,10:34:49,4.55,-0.01,117,53345,卖盘
918,10:34:51,4.56,0.01,561,255816,买盘
919,10:34:58,4.56,0.0,317,144552,买盘
920,10:35:04,4.56,0.0,8,3648,卖盘
921,10:35:07,4.56,0.0,3,1368,卖盘
922,10:35:10,4.56,0.0,30,13680,卖盘
923,10:35:13,4.57,0.01,443,202203,买盘
924,10:35:15,4.56,-0.01,171,77997,卖盘
925,10:35:22,4.57,0.01,11,5027,买盘
926,10:35:25,4.56,-0.01,540,246240,卖盘
927,10:35:28,4.56,0.0,590,269040,卖盘
928,10:35:31,4.56,0.0,194,88483,买盘
929,10:35:34,4.56,0.0,40,18240,买盘
930,10:35:40,4.55,-0.01,15,6825,卖盘
931,10:35:43,4.56,0.01,9,4104,买盘
932,10:35:46,4.56,0.0,13,5928,买盘
933,10:35:49,4.55,-0.01,152,69294,卖盘
934,10:35:55,4.56,0.01,464,211584,买盘
935,10:35:57,4.56,0.0,56,25529,买盘
936,10:36:01,4.56,0.0,22,10032,买盘
937,10:36:07,4.56,0.0,2,912,买盘
938,10:36:09,4.55,-0.01,4,1820,卖盘
939,10:36:12,4.56,0.01,50,22800,买盘
940,10:36:16,4.56,0.0,17,7752,买盘
941,10:36:31,4.55,-0.01,100,45500,卖盘
942,10:36:40,4.55,0.0,20,9100,卖盘
943,10:36:42,4.55,0.0,5,2275,卖盘
944,10:36:49,4.56,0.01,100,45600,买盘
945,10:36:52,4.56,0.0,1000,456000,买盘
946,10:37:04,4.55,-0.01,130,59279,卖盘
947,10:37:07,4.56,0.01,389,177384,买盘
948,10:37:12,4.55,-0.01,274,124819,卖盘
949,10:37:19,4.56,0.01,79,35995,买盘
950,10:37:25,4.56,0.0,50,22765,买盘
951,10:37:34,4.56,0.0,32,14592,买盘
952,10:37:40,4.55,-0.01,23,10465,卖盘
953,10:37:46,4.56,0.01,22,10032,买盘
954,10:37:49,4.56,0.0,1,456,买盘
955,10:37:52,4.55,-0.01,11,5005,卖盘
956,10:37:58,4.55,0.0,10,4550,卖盘
957,10:38:01,4.55,0.0,149,67795,卖盘
958,10:38:04,4.56,0.01,31,14116,买盘
959,10:38:07,4.56,0.0,99,45065,买盘
960,10:38:13,4.55,-0.01,25,11375,卖盘
961,10:38:16,4.56,0.01,20,9120,买盘
962,10:38:21,4.55,-0.01,28,12741,卖盘
963,10:38:25,4.56,0.01,3,1368,买盘
964,10:38:28,4.56,0.0,50,22800,买盘
965,10:38:31,4.55,-0.01,229,104414,卖盘
966,10:38:34,4.56,0.01,8,3648,买盘
967,10:38:37,4.56,0.0,81,36865,买盘
968,10:38:40,4.56,0.0,5,2280,买盘
969,10:38:43,4.55,-0.01,108,49140,卖盘
970,10:39:01,4.56,0.01,30,13680,买盘
971,10:39:04,4.56,0.0,5,2280,买盘
972,10:39:07,4.56,0.0,560,255360,买盘
973,10:39:13,4.56,0.0,263,119928,买盘
974,10:39:15,4.56,0.0,98,44688,买盘
975,10:39:19,4.56,0.0,1,456,买盘
976,10:39:22,4.56,0.0,301,137256,买盘
977,10:39:25,4.56,0.0,360,164160,买盘
978,10:39:31,4.56,0.0,4,1825,卖盘
979,10:39:34,4.57,0.01,22,10044,买盘
980,10:39:36,4.56,-0.01,5,2280,卖盘
981,10:39:39,4.56,0.0,5,2280,卖盘
982,10:39:46,4.57,0.01,7,3199,买盘
983,10:39:52,4.56,-0.01,43,19638,卖盘
984,10:39:58,4.56,0.0,83,37881,卖盘
985,10:40:01,4.57,0.01,50,22850,买盘
986,10:40:04,4.57,0.0,138,63011,买盘
987,10:40:07,4.57,0.0,22,10054,买盘
988,10:40:10,4.57,0.0,7,3199,买盘
989,10:40:12,4.57,0.0,293,133901,买盘
990,10:40:16,4.57,0.0,12,5484,买盘
991,10:40:22,4.57,0.0,104,47528,买盘
992,10:40:31,4.57,0.0,16,7312,买盘
993,10:40:34,4.57,0.0,10,4570,买盘
994,10:40:40,4.57,0.0,23,10511,买盘
995,10:40:43,4.57,0.0,175,79975,买盘
996,10:40:46,4.57,0.0,51,23307,买盘
997,10:40:52,4.57,0.0,33,15081,买盘
998,10:40:54,4.57,0.0,136,62127,买盘
999,10:40:58,4.57,0.0,169,77233,买盘
1000,10:41:01,4.57,0.0,35,15995,买盘
1001,10:41:04,4.57,0.0,19,8683,买盘
1002,10:41:07,4.57,0.0,8,3656,买盘
1003,10:41:15,4.57,0.0,54,24678,买盘
1004,10:41:18,4.57,0.0,30,13710,买盘
1005,10:41:21,4.57,0.0,100,45700,买盘
1006,10:41:28,4.56,-0.01,24,10944,卖盘
1007,10:41:31,4.56,0.0,134,61124,卖盘
1008,10:41:37,4.57,0.01,78,35574,买盘
1009,10:41:40,4.57,0.0,191,87267,买盘
1010,10:41:52,4.56,-0.01,127,57912,卖盘
1011,10:42:01,4.56,0.0,30,13680,卖盘
1012,10:42:04,4.57,0.01,59,26963,买盘
1013,10:42:07,4.57,0.0,1,457,买盘
1014,10:42:10,4.57,0.0,104,47528,买盘
1015,10:42:13,4.57,0.0,4,1828,买盘
1016,10:42:19,4.57,0.0,22,10054,买盘
1017,10:42:22,4.57,0.0,4,1828,买盘
1018,10:42:25,4.56,-0.01,28,12789,卖盘
1019,10:42:31,4.57,0.01,24,10968,买盘
1020,10:42:37,4.56,-0.01,69,31526,卖盘
1021,10:42:39,4.57,0.01,8,3656,买盘
1022,10:42:42,4.57,0.0,62,28312,买盘
1023,10:42:46,4.57,0.0,53,24211,买盘
1024,10:42:49,4.56,-0.01,49,22354,卖盘
1025,10:42:55,4.56,0.0,14,6384,卖盘
1026,10:42:58,4.56,0.0,70,31938,卖盘
1027,10:43:04,4.57,0.01,70,31950,买盘
1028,10:43:06,4.56,-0.01,74,33752,卖盘
1029,10:43:12,4.56,0.0,241,110096,卖盘
1030,10:43:16,4.56,0.0,83,37849,卖盘
1031,10:43:19,4.56,0.0,7,3192,卖盘
1032,10:43:28,4.56,0.0,20,9120,卖盘
1033,10:43:31,4.57,0.01,28,12796,买盘
1034,10:43:34,4.57,0.0,263,120128,买盘
1035,10:43:37,4.56,-0.01,25,11400,卖盘
1036,10:43:43,4.56,0.0,21,9576,卖盘
1037,10:43:52,4.56,0.0,30,13680,卖盘
1038,10:43:55,4.57,0.01,61,27839,买盘
1039,10:43:58,4.57,0.0,14,6398,买盘
1040,10:44:00,4.57,0.0,40,18280,买盘
1041,10:44:05,4.56,-0.01,100,45600,卖盘
1042,10:44:07,4.56,0.0,166,75803,卖盘
1043,10:44:10,4.56,0.0,2,912,卖盘
1044,10:44:16,4.56,0.0,10,4560,卖盘
1045,10:44:19,4.56,0.0,658,300056,卖盘
1046,10:44:25,4.57,0.01,10,4570,买盘
1047,10:44:28,4.56,-0.01,49,22344,卖盘
1048,10:44:37,4.56,0.0,24,10945,卖盘
1049,10:44:40,4.56,0.0,130,59280,卖盘
1050,10:44:43,4.56,0.0,73,33288,卖盘
1051,10:44:46,4.56,0.0,14,6384,卖盘
1052,10:44:49,4.57,0.01,19,8671,买盘
1053,10:44:52,4.56,-0.01,943,430013,卖盘
1054,10:44:55,4.56,0.0,38,17329,卖盘
1055,10:44:58,4.56,0.0,179,81663,卖盘
1056,10:45:01,4.57,0.01,78,35618,买盘
1057,10:45:04,4.56,-0.01,62,28272,卖盘
1058,10:45:07,4.56,0.0,630,287280,卖盘
1059,10:45:10,4.56,0.0,2,912,买盘
1060,10:45:12,4.56,0.0,250,114000,买盘
1061,10:45:19,4.56,0.0,7,3192,买盘
1062,10:45:25,4.55,-0.01,21,9556,卖盘
1063,10:45:31,4.55,0.0,17,7735,卖盘
1064,10:45:34,4.55,0.0,157,71535,卖盘
1065,10:45:37,4.55,0.0,30,13650,卖盘
1066,10:45:46,4.56,0.01,20,9120,买盘
1067,10:45:49,4.56,0.0,16,7296,买盘
1068,10:45:52,4.55,-0.01,31,14106,卖盘
1069,10:45:55,4.55,0.0,130,59270,卖盘
1070,10:45:57,4.55,0.0,105,47775,卖盘
1071,10:46:07,4.55,0.0,30,13650,卖盘
1072,10:46:21,4.56,0.01,15,6840,买盘
1073,10:46:25,4.55,-0.01,9,4095,卖盘
1074,10:46:31,4.56,0.01,120,54720,买盘
1075,10:46:34,4.55,-0.01,8,3640,卖盘
1076,10:46:40,4.55,0.0,9,4095,卖盘
1077,10:46:46,4.55,0.0,7,3185,卖盘
1078,10:46:49,4.56,0.01,66,30096,买盘
1079,10:46:52,4.56,0.0,16,7296,买盘
1080,10:46:55,4.56,0.0,34,15504,买盘
1081,10:47:01,4.56,0.0,1,456,买盘
1082,10:47:07,4.56,0.0,78,35492,买盘
1083,10:47:13,4.56,0.0,500,228000,买盘
1084,10:47:22,4.56,0.0,500,228000,买盘
1085,10:47:24,4.56,0.0,30,13680,买盘
1086,10:47:28,4.55,-0.01,10,4550,卖盘
1087,10:47:31,4.56,0.01,116,52896,买盘
1088,10:47:40,4.56,0.0,501,228456,买盘
1089,10:47:49,4.56,0.0,3,1368,卖盘
1090,10:47:52,4.56,0.0,70,31920,卖盘
1091,10:47:55,4.57,0.01,296,134983,买盘
1092,10:47:57,4.56,-0.01,140,63858,卖盘
1093,10:48:01,4.56,0.0,19,8667,卖盘
1094,10:48:07,4.56,0.0,3,1368,买盘
1095,10:48:10,4.56,0.0,10,4560,买盘
1096,10:48:19,4.56,0.0,5,2280,买盘
1097,10:48:25,4.56,0.0,32,14591,买盘
1098,10:48:28,4.56,0.0,30,13680,买盘
1099,10:48:31,4.56,0.0,50,22800,买盘
1100,10:48:37,4.55,-0.01,113,51510,卖盘
1101,10:48:43,4.56,0.01,17,7752,买盘
1102,10:48:49,4.56,0.0,20,9120,买盘
1103,10:48:55,4.56,0.0,76,34655,买盘
1104,10:49:07,4.56,0.0,22,10032,买盘
1105,10:49:10,4.55,-0.01,7,3191,卖盘
1106,10:49:13,4.56,0.01,10,4560,买盘
1107,10:49:16,4.56,0.0,33,15045,买盘
1108,10:49:24,4.56,0.0,50,22800,买盘
1109,10:49:28,4.56,0.0,38,17318,买盘
1110,10:49:37,4.55,-0.01,28,12743,卖盘
1111,10:49:43,4.56,0.01,45,20520,买盘
1112,10:49:49,4.56,0.0,887,404472,买盘
1113,10:49:52,4.55,-0.01,20,9113,卖盘
1114,10:49:54,4.55,0.0,13,5920,卖盘
1115,10:50:00,4.56,0.01,46,20976,买盘
1116,10:50:04,4.56,0.0,14,6384,买盘
1117,10:50:07,4.56,0.0,32,14592,买盘
1118,10:50:10,4.56,0.0,14,6384,买盘
1119,10:50:13,4.56,0.0,58,26448,买盘
1120,10:50:19,4.56,0.0,41,18696,卖盘
1121,10:50:25,4.55,-0.01,41,18695,卖盘
1122,10:50:31,4.55,0.0,5,2275,卖盘
1123,10:50:34,4.55,0.0,103,46865,卖盘
1124,10:50:37,4.56,0.01,57,25964,买盘
1125,10:50:39,4.55,-0.01,30,13650,卖盘
1126,10:50:43,4.55,0.0,61,27775,卖盘
1127,10:50:49,4.55,0.0,61,27755,卖盘
1128,10:50:51,4.55,0.0,5,2275,卖盘
1129,10:50:55,4.55,0.0,52,23660,卖盘
1130,10:50:58,4.55,0.0,22,10010,卖盘
1131,10:51:04,4.55,0.0,39,17745,卖盘
1132,10:51:07,4.56,0.01,273,124400,买盘
1133,10:51:10,4.55,-0.01,10,4550,卖盘
1134,10:51:13,4.56,0.01,30,13670,买盘
1135,10:51:19,4.56,0.0,368,167808,买盘
1136,10:51:21,4.55,-0.01,57,25935,卖盘
1137,10:51:24,4.55,0.0,1,455,卖盘
1138,10:51:36,4.56,0.01,58,26417,买盘
1139,10:51:40,4.55,-0.01,2000,910000,卖盘
1140,10:51:46,4.55,0.0,9,4095,卖盘
1141,10:51:49,4.55,0.0,442,201110,卖盘
1142,10:51:52,4.56,0.01,241,109658,买盘
1143,10:51:58,4.54,-0.02,25,11350,卖盘
1144,10:52:01,4.54,0.0,27,12258,卖盘
1145,10:52:04,4.54,0.0,20,9080,卖盘
1146,10:52:07,4.54,0.0,288,130985,卖盘
1147,10:52:13,4.54,0.0,85,38590,卖盘
1148,10:52:16,4.55,0.01,10,4550,买盘
1149,10:52:24,4.54,-0.01,1,454,卖盘
1150,10:52:27,4.55,0.01,10,4550,买盘
1151,10:52:30,4.54,-0.01,195,88625,卖盘
1152,10:52:33,4.55,0.01,1,455,买盘
1153,10:52:37,4.55,0.0,29,13195,买盘
1154,10:52:40,4.54,-0.01,19,8626,卖盘
1155,10:52:45,4.55,0.01,19,8645,买盘
1156,10:52:49,4.54,-0.01,27,12258,卖盘
1157,10:52:52,4.55,0.01,300,136500,买盘
1158,10:52:55,4.54,-0.01,20,9080,卖盘
1159,10:53:07,4.55,0.01,191,86737,买盘
1160,10:53:13,4.54,-0.01,100,45400,卖盘
1161,10:53:19,4.54,0.0,14,6356,卖盘
1162,10:53:22,4.54,0.0,5,2270,卖盘
1163,10:53:25,4.54,0.0,606,275124,卖盘
1164,10:53:34,4.54,0.0,100,45400,卖盘
1165,10:53:37,4.55,0.01,37,16816,买盘
1166,10:53:40,4.54,-0.01,65,29524,卖盘
1167,10:53:46,4.53,-0.01,201,91211,卖盘
1168,10:53:49,4.55,0.02,4,1820,买盘
1169,10:53:55,4.54,-0.01,8,3625,中性盘
1170,10:53:58,4.55,0.01,100,45500,买盘
1171,10:54:01,4.54,-0.01,110,49940,卖盘
1172,10:54:06,4.55,0.01,24,10920,买盘
1173,10:54:10,4.55,0.0,17,7735,买盘
1174,10:54:19,4.55,0.0,1,455,买盘
1175,10:54:22,4.55,0.0,224,101796,买盘
1176,10:54:25,4.54,-0.01,8,3632,卖盘
1177,10:54:34,4.55,0.01,500,227500,买盘
1178,10:54:37,4.55,0.0,67,30457,买盘
1179,10:54:43,4.54,-0.01,5,2270,卖盘
1180,10:54:46,4.55,0.01,100,45500,买盘
1181,10:54:49,4.54,-0.01,133,60382,卖盘
1182,10:55:06,4.55,0.01,36,16369,买盘
1183,10:55:19,4.55,0.0,1,455,买盘
1184,10:55:25,4.55,0.0,40,18198,买盘
1185,10:55:28,4.55,0.0,50,22750,买盘
1186,10:55:34,4.55,0.0,50,22750,买盘
1187,10:55:37,4.55,0.0,22,10010,买盘
1188,10:55:40,4.55,0.0,10,4550,买盘
1189,10:55:43,4.54,-0.01,101,45854,卖盘
1190,10:55:54,4.55,0.01,3,1365,买盘
1191,10:56:07,4.55,0.0,16,7280,买盘
1192,10:56:10,4.54,-0.01,15,6821,卖盘
1193,10:56:12,4.55,0.01,10,4550,买盘
1194,10:56:15,4.55,0.0,13,5912,买盘
1195,10:56:24,4.54,-0.01,2,908,卖盘
1196,10:56:34,4.55,0.01,9,4095,买盘
1197,10:56:40,4.55,0.0,58,26390,买盘
1198,10:56:55,4.54,-0.01,128,58112,卖盘
1199,10:56:58,4.55,0.01,38,17290,买盘
1200,10:57:01,4.55,0.0,163,74165,买盘
1201,10:57:04,4.54,-0.01,17,7728,卖盘
1202,10:57:07,4.55,0.01,201,91306,买盘
1203,10:57:09,4.55,0.0,23,10465,买盘
1204,10:57:16,4.54,-0.01,26,11804,卖盘
1205,10:57:19,4.55,0.01,115,52325,买盘
1206,10:57:25,4.54,-0.01,241,109504,卖盘
1207,10:57:28,4.54,0.0,32,14528,卖盘
1208,10:57:31,4.54,0.0,283,128482,卖盘
1209,10:57:33,4.54,0.0,77,34958,卖盘
1210,10:57:37,4.54,0.0,42,19068,卖盘
1211,10:57:40,4.55,0.01,85,38622,买盘
1212,10:57:43,4.54,-0.01,148,67192,卖盘
1213,10:57:46,4.54,0.0,69,31326,卖盘
1214,10:57:49,4.54,0.0,180,81720,卖盘
1215,10:57:52,4.53,-0.01,392,177846,卖盘
1216,10:57:55,4.54,0.01,40,18153,买盘
1217,10:58:01,4.54,0.0,251,113960,卖盘
1218,10:58:04,4.53,-0.01,102,46301,卖盘
1219,10:58:06,4.54,0.01,160,72640,买盘
1220,10:58:10,4.54,0.0,138,62547,买盘
1221,10:58:13,4.53,-0.01,268,121404,卖盘
1222,10:58:25,4.53,0.0,2,906,卖盘
1223,10:58:27,4.53,0.0,7,3171,卖盘
1224,10:58:40,4.54,0.01,123,55842,买盘
1225,10:58:43,4.53,-0.01,116,52548,卖盘
1226,10:58:55,4.53,0.0,32,14496,卖盘
1227,10:59:01,4.53,0.0,10,4530,卖盘
1228,10:59:04,4.54,0.01,45,20420,买盘
1229,10:59:10,4.53,-0.01,35,15883,卖盘
1230,10:59:22,4.54,0.01,7,3178,买盘
1231,10:59:25,4.53,-0.01,1,453,卖盘
1232,10:59:28,4.53,0.0,30,13590,卖盘
1233,10:59:40,4.54,0.01,77,34958,买盘
1234,10:59:46,4.54,0.0,121,54814,买盘
1235,10:59:49,4.54,0.0,51,23154,买盘
1236,10:59:52,4.54,0.0,5,2270,买盘
1237,10:59:55,4.53,-0.01,1,453,卖盘
1238,11:00:01,4.54,0.01,207,93969,买盘
1239,11:00:04,4.54,0.0,469,212926,买盘
1240,11:00:07,4.54,0.0,1,454,买盘
1241,11:00:10,4.53,-0.01,223,101041,卖盘
1242,11:00:16,4.54,0.01,86,39044,买盘
1243,11:00:18,4.54,0.0,174,78996,买盘
1244,11:00:24,4.53,-0.01,133,60249,卖盘
1245,11:00:27,4.53,0.0,1,453,卖盘
1246,11:00:40,4.54,0.01,47,21316,买盘
1247,11:00:55,4.54,0.0,1,454,买盘
1248,11:01:07,4.54,0.0,6,2724,买盘
1249,11:01:10,4.54,0.0,27,12258,买盘
1250,11:01:25,4.54,0.0,223,101242,买盘
1251,11:01:31,4.53,-0.01,114,51662,卖盘
1252,11:01:40,4.55,0.02,24,10913,买盘
1253,11:01:49,4.53,-0.02,3,1359,卖盘
1254,11:02:10,4.55,0.02,39,17720,买盘
1255,11:02:13,4.55,0.0,90,40950,买盘
1256,11:02:16,4.55,0.0,1,455,买盘
1257,11:02:25,4.54,-0.01,2,908,卖盘
1258,11:02:31,4.54,0.0,10,4540,卖盘
1259,11:02:40,4.55,0.01,8,3640,买盘
1260,11:02:42,4.55,0.0,18,8190,买盘
1261,11:02:46,4.54,-0.01,5,2270,卖盘
1262,11:02:52,4.55,0.01,56,25480,买盘
1263,11:02:55,4.55,0.0,59,26791,买盘
1264,11:02:58,4.54,-0.01,24,10896,卖盘
1265,11:03:10,4.55,0.01,14,6370,买盘
1266,11:03:13,4.55,0.0,7,3185,买盘
1267,11:03:16,4.54,-0.01,3,1362,卖盘
1268,11:03:18,4.55,0.01,1,455,买盘
1269,11:03:21,4.55,0.0,10,4550,买盘
1270,11:03:25,4.54,-0.01,81,36774,卖盘
1271,11:03:28,4.55,0.01,305,138775,买盘
1272,11:03:31,4.54,-0.01,101,45855,卖盘
1273,11:03:34,4.54,0.0,168,76272,卖盘
1274,11:03:40,4.55,0.01,14,6370,买盘
1275,11:03:43,4.55,0.0,17,7735,买盘
1276,11:03:55,4.54,-0.01,383,173882,卖盘
1277,11:04:01,4.55,0.01,182,82638,买盘
1278,11:04:06,4.55,0.0,1,455,买盘
1279,11:04:10,4.54,-0.01,133,60382,卖盘
1280,11:04:13,4.55,0.01,31,14105,买盘
1281,11:04:18,4.55,0.0,8,3640,买盘
1282,11:04:25,4.54,-0.01,59,26786,卖盘
1283,11:04:34,4.54,0.0,4,1816,卖盘
1284,11:04:37,4.54,0.0,46,20884,卖盘
1285,11:04:40,4.55,0.01,15,6825,买盘
1286,11:04:43,4.55,0.0,14,6370,买盘
1287,11:04:55,4.55,0.0,32,14560,买盘
1288,11:05:06,4.55,0.0,1,455,买盘
1289,11:05:10,4.55,0.0,49,22255,买盘
1290,11:05:13,4.55,0.0,23,10465,买盘
1291,11:05:24,4.54,-0.01,1,454,卖盘
1292,11:05:40,4.55,0.01,18,8190,买盘
1293,11:05:42,4.55,0.0,8,3640,买盘
1294,11:05:46,4.54,-0.01,30,13620,卖盘
1295,11:05:54,4.54,0.0,31,14074,卖盘
1296,11:06:01,4.55,0.01,254,115317,买盘
1297,11:06:06,4.55,0.0,1,455,买盘
1298,11:06:09,4.55,0.0,15,6825,买盘
1299,11:06:13,4.55,0.0,23,10465,买盘
1300,11:06:25,4.54,-0.01,1,454,卖盘
1301,11:06:34,4.54,0.0,50,22700,卖盘
1302,11:06:39,4.55,0.01,188,85391,买盘
1303,11:06:42,4.54,-0.01,26,11815,卖盘
1304,11:06:46,4.54,0.0,25,11350,卖盘
1305,11:06:48,4.54,0.0,5,2270,卖盘
1306,11:06:51,4.54,0.0,10,4540,卖盘
1307,11:06:58,4.54,0.0,7,3178,卖盘
1308,11:07:01,4.54,0.0,5,2270,卖盘
1309,11:07:04,4.54,0.0,1,454,卖盘
1310,11:07:07,4.54,0.0,52,23608,卖盘
1311,11:07:10,4.55,0.01,30,13650,买盘
1312,11:07:13,4.55,0.0,22,10010,买盘
1313,11:07:16,4.54,-0.01,100,45400,卖盘
1314,11:07:22,4.55,0.01,2,910,买盘
1315,11:07:24,4.54,-0.01,14,6356,卖盘
1316,11:07:33,4.54,0.0,40,18160,卖盘
1317,11:07:37,4.54,0.0,20,9080,卖盘
1318,11:07:43,4.55,0.01,36,16380,买盘
1319,11:07:49,4.54,-0.01,20,9080,卖盘
1320,11:08:04,4.55,0.01,10,4550,买盘
1321,11:08:07,4.54,-0.01,7,3178,卖盘
1322,11:08:10,4.55,0.01,56,25438,买盘
1323,11:08:13,4.55,0.0,8,3640,买盘
1324,11:08:16,4.54,-0.01,8,3632,卖盘
1325,11:08:22,4.55,0.01,1,455,买盘
1326,11:08:25,4.55,0.0,52,23609,买盘
1327,11:08:28,4.54,-0.01,1,454,卖盘
1328,11:08:36,4.54,0.0,3,1362,卖盘
1329,11:08:40,4.55,0.01,48,21819,买盘
1330,11:08:49,4.54,-0.01,13,5912,卖盘
1331,11:08:51,4.54,0.0,120,54480,卖盘
1332,11:08:55,4.54,0.0,113,51302,卖盘
1333,11:08:58,4.54,0.0,20,9080,卖盘
1334,11:09:01,4.54,0.0,27,12258,卖盘
1335,11:09:04,4.54,0.0,656,297824,卖盘
1336,11:09:07,4.53,-0.01,8,3625,卖盘
1337,11:09:10,4.54,0.01,312,141337,买盘
1338,11:09:13,4.53,-0.01,28,12705,卖盘
1339,11:09:18,4.53,0.0,20,9060,卖盘
1340,11:09:24,4.53,0.0,1,453,卖盘
1341,11:09:28,4.53,0.0,2,906,卖盘
1342,11:09:36,4.54,0.01,54,24468,买盘
1343,11:09:39,4.53,-0.01,24,10872,卖盘
1344,11:09:43,4.53,0.0,38,17241,卖盘
1345,11:09:46,4.54,0.01,11,4994,买盘
1346,11:09:55,4.53,-0.01,2,906,卖盘
1347,11:10:01,4.53,0.0,6,2718,卖盘
1348,11:10:07,4.53,0.0,37,16761,卖盘
1349,11:10:10,4.53,0.0,3,1359,卖盘
1350,11:10:13,4.54,0.01,35,15890,买盘
1351,11:10:16,4.53,-0.01,3,1359,卖盘
1352,11:10:22,4.54,0.01,1,454,买盘
1353,11:10:25,4.53,-0.01,25,11325,卖盘
1354,11:10:40,4.54,0.01,50,22700,买盘
1355,11:10:42,4.54,0.0,47,21338,买盘
1356,11:10:48,4.53,-0.01,104,47112,卖盘
1357,11:10:52,4.54,0.01,16,7264,买盘
1358,11:11:04,4.53,-0.01,70,31710,卖盘
1359,11:11:06,4.54,0.01,1,454,买盘
1360,11:11:09,4.53,-0.01,5,2265,卖盘
1361,11:11:13,4.54,0.01,28,12712,买盘
1362,11:11:25,4.53,-0.01,128,57984,卖盘
1363,11:11:28,4.53,0.0,33,14949,卖盘
1364,11:11:31,4.53,0.0,65,29445,卖盘
1365,11:11:33,4.53,0.0,3,1359,卖盘
1366,11:11:36,4.54,0.01,118,53464,买盘
1367,11:11:43,4.53,-0.01,69,31284,卖盘
1368,11:11:49,4.54,0.01,102,46207,买盘
1369,11:11:55,4.53,-0.01,28,12684,卖盘
1370,11:12:07,4.53,0.0,5,2265,卖盘
1371,11:12:10,4.54,0.01,97,43942,买盘
1372,11:12:13,4.54,0.0,27,12258,买盘
1373,11:12:19,4.54,0.0,1,454,买盘
1374,11:12:24,4.53,-0.01,1,453,卖盘
1375,11:12:30,4.53,0.0,101,45753,卖盘
1376,11:12:36,4.53,0.0,111,50283,卖盘
1377,11:12:43,4.54,0.01,75,33991,买盘
1378,11:13:01,4.53,-0.01,37,16761,卖盘
1379,11:13:04,4.54,0.01,14,6356,买盘
1380,11:13:13,4.54,0.0,81,36711,买盘
1381,11:13:19,4.54,0.0,35,15856,买盘
1382,11:13:22,4.54,0.0,10,4540,买盘
1383,11:13:25,4.53,-0.01,70,31710,卖盘
1384,11:13:28,4.53,0.0,4,1812,卖盘
1385,11:13:33,4.53,0.0,21,9513,买盘
1386,11:13:43,4.53,0.0,14,6342,买盘
1387,11:13:46,4.53,0.0,20,9060,买盘
1388,11:13:52,4.53,0.0,4,1812,买盘
1389,11:13:55,4.52,-0.01,59,26668,卖盘
1390,11:14:04,4.52,0.0,34,15368,卖盘
1391,11:14:10,4.53,0.01,68,30748,买盘
1392,11:14:13,4.53,0.0,4,1812,买盘
1393,11:14:16,4.52,-0.01,5,2260,卖盘
1394,11:14:19,4.53,0.01,1,453,买盘
1395,11:14:25,4.52,-0.01,4,1808,卖盘
1396,11:14:28,4.52,0.0,66,29832,卖盘
1397,11:14:31,4.52,0.0,32,14464,卖盘
1398,11:14:34,4.52,0.0,300,135892,卖盘
1399,11:14:37,4.52,0.0,20,9040,卖盘
1400,11:14:40,4.52,0.0,337,152483,卖盘
1401,11:14:49,4.52,0.0,20,9040,卖盘
1402,11:14:52,4.53,0.01,1,453,买盘
1403,11:14:58,4.52,-0.01,21,9492,卖盘
1404,11:15:04,4.52,0.0,12,5424,卖盘
1405,11:15:06,4.52,0.0,30,13560,卖盘
1406,11:15:10,4.53,0.01,3,1359,买盘
1407,11:15:19,4.53,0.0,1,453,买盘
1408,11:15:24,4.52,-0.01,1,452,卖盘
1409,11:15:34,4.53,0.01,33,14949,买盘
1410,11:15:40,4.53,0.0,158,71466,买盘
1411,11:15:49,4.52,-0.01,3,1356,卖盘
1412,11:15:52,4.53,0.01,1,453,买盘
1413,11:16:01,4.53,0.0,120,54360,买盘
1414,11:16:07,4.53,0.0,1,453,买盘
1415,11:16:10,4.53,0.0,5,2265,买盘
1416,11:16:16,4.53,0.0,25,11325,买盘
1417,11:16:22,4.53,0.0,23,10419,买盘
1418,11:16:25,4.52,-0.01,45,20340,卖盘
1419,11:16:28,4.52,0.0,2,904,卖盘
1420,11:16:33,4.53,0.01,47,21291,买盘
1421,11:16:40,4.52,-0.01,108,48816,卖盘
1422,11:16:46,4.53,0.01,288,130464,买盘
1423,11:16:51,4.53,0.0,42,19026,卖盘
1424,11:16:58,4.52,-0.01,110,49760,卖盘
1425,11:17:04,4.53,0.01,50,22650,卖盘
1426,11:17:07,4.53,0.0,30,13590,买盘
1427,11:17:10,4.53,0.0,1,453,买盘
1428,11:17:16,4.52,-0.01,3,1356,卖盘
1429,11:17:19,4.53,0.01,1,453,买盘
1430,11:17:22,4.52,-0.01,50,22620,卖盘
1431,11:17:25,4.54,0.02,33,14972,买盘
1432,11:17:55,4.52,-0.02,56,25312,卖盘
1433,11:17:58,4.54,0.02,10,4540,买盘
1434,11:18:04,4.52,-0.02,200,90400,卖盘
1435,11:18:09,4.54,0.02,97,44038,买盘
1436,11:18:16,4.52,-0.02,102,46138,卖盘
1437,11:18:25,4.52,0.0,1,452,卖盘
1438,11:18:31,4.53,0.01,1,453,买盘
1439,11:18:34,4.52,-0.01,34,15368,卖盘
1440,11:18:37,4.53,0.01,20,9060,买盘
1441,11:18:40,4.52,-0.01,33,14916,卖盘
1442,11:18:43,4.52,0.0,135,61020,卖盘
1443,11:18:45,4.53,0.01,40,18120,买盘
1444,11:18:49,4.53,0.0,1,453,买盘
1445,11:18:55,4.53,0.0,50,22650,买盘
1446,11:18:58,4.52,-0.01,100,45200,卖盘
1447,11:19:04,4.53,0.01,204,92290,买盘
1448,11:19:19,4.53,0.0,69,31257,卖盘
1449,11:19:22,4.53,0.0,1,453,中性盘
1450,11:19:25,4.52,-0.01,29,13108,卖盘
1451,11:19:30,4.53,0.01,3,1359,买盘
1452,11:19:33,4.53,0.0,7,3171,卖盘
1453,11:19:36,4.53,0.0,21,9513,中性盘
1454,11:19:55,4.52,-0.01,33,14916,卖盘
1455,11:20:00,4.53,0.01,13,5886,中性盘
1456,11:20:07,4.54,0.01,44,19976,买盘
1457,11:20:10,4.53,-0.01,1,453,卖盘
1458,11:20:13,4.53,0.0,70,31710,中性盘
1459,11:20:25,4.52,-0.01,1,452,卖盘
1460,11:20:31,4.53,0.01,5,2265,中性盘
1461,11:21:03,4.53,0.0,76,34428,买盘
1462,11:21:06,4.53,0.0,1,453,买盘
1463,11:21:10,4.52,-0.01,115,51980,卖盘
1464,11:21:18,4.53,0.01,6,2718,买盘
1465,11:21:25,4.53,0.0,73,33066,买盘
1466,11:21:28,4.52,-0.01,1,452,卖盘
1467,11:21:37,4.52,0.0,7,3164,卖盘
1468,11:21:40,4.52,0.0,33,14916,卖盘
1469,11:21:57,4.53,0.01,22,9966,买盘
1470,11:22:07,4.53,0.0,1,453,买盘
1471,11:22:10,4.53,0.0,1,453,买盘
1472,11:22:19,4.52,-0.01,1,452,卖盘
1473,11:22:27,4.52,0.0,2,904,卖盘
1474,11:22:46,4.53,0.01,22,9966,买盘
1475,11:22:48,4.52,-0.01,3,1356,卖盘
1476,11:23:07,4.53,0.01,11,4983,买盘
1477,11:23:09,4.52,-0.01,1,452,卖盘
1478,11:23:22,4.52,0.0,60,27120,卖盘
1479,11:23:25,4.52,0.0,3,1356,卖盘
1480,11:23:28,4.52,0.0,65,29380,卖盘
1481,11:23:31,4.53,0.01,1,453,买盘
1482,11:23:43,4.53,0.0,500,226500,买盘
1483,11:23:46,4.53,0.0,1,453,买盘
1484,11:23:57,4.53,0.0,5,2265,买盘
1485,11:24:07,4.53,0.0,1,453,买盘
1486,11:24:15,4.52,-0.01,3,1356,卖盘
1487,11:24:22,4.53,0.01,1,453,买盘
1488,11:24:25,4.52,-0.01,35,15852,卖盘
1489,11:24:28,4.53,0.01,32,14496,买盘
1490,11:24:31,4.52,-0.01,2,904,卖盘
1491,11:24:37,4.53,0.01,48,21744,买盘
1492,11:24:39,4.53,0.0,57,25821,买盘
1493,11:24:42,4.53,0.0,244,110532,买盘
1494,11:24:46,4.53,0.0,331,150060,买盘
1495,11:24:49,4.53,0.0,237,107482,卖盘
1496,11:24:52,4.53,0.0,56,25368,卖盘
1497,11:25:04,4.53,0.0,10,4530,卖盘
1498,11:25:07,4.53,0.0,10,4530,卖盘
1499,11:25:18,4.53,0.0,200,90600,卖盘
1500,11:25:21,4.53,0.0,252,114156,卖盘
1501,11:25:28,4.53,0.0,146,65993,中性盘
1502,11:25:34,4.53,0.0,8,3621,中性盘
1503,11:25:55,4.53,0.0,149,67497,卖盘
1504,11:26:06,4.53,0.0,53,24009,卖盘
1505,11:26:16,4.53,0.0,118,53454,卖盘
1506,11:26:25,4.52,-0.01,1,452,卖盘
1507,11:26:31,4.53,0.01,35,15855,买盘
1508,11:26:37,4.52,-0.01,7,3164,卖盘
1509,11:26:40,4.53,0.01,84,38021,买盘
1510,11:26:46,4.53,0.0,298,134994,买盘
1511,11:26:49,4.53,0.0,100,45300,卖盘
1512,11:26:52,4.52,-0.01,181,81855,卖盘
1513,11:27:00,4.52,0.0,3,1356,卖盘
1514,11:27:04,4.52,0.0,33,14934,卖盘
1515,11:27:07,4.53,0.01,3,1359,中性盘
1516,11:27:09,4.53,0.0,33,14949,买盘
1517,11:27:15,4.53,0.0,190,86070,卖盘
1518,11:27:22,4.52,-0.01,121,54693,卖盘
1519,11:27:25,4.52,0.0,1,452,卖盘
1520,11:27:28,4.52,0.0,34,15368,卖盘
1521,11:27:31,4.53,0.01,13,5889,买盘
1522,11:27:40,4.52,-0.01,46,20822,卖盘
1523,11:27:49,4.52,0.0,34,15368,卖盘
1524,11:27:57,4.53,0.01,35,15855,买盘
1525,11:28:04,4.53,0.0,19,8607,买盘
1526,11:28:09,4.53,0.0,4,1812,卖盘
1527,11:28:13,4.53,0.0,240,108720,卖盘
1528,11:28:19,4.52,-0.01,120,54240,卖盘
1529,11:28:25,4.53,0.01,30,13590,买盘
1530,11:28:28,4.52,-0.01,23,10396,卖盘
1531,11:28:36,4.52,0.0,35,15820,卖盘
1532,11:28:39,4.52,0.0,1,452,卖盘
1533,11:28:43,4.53,0.01,1,453,买盘
1534,11:28:54,4.53,0.0,10,4530,买盘
1535,11:28:58,4.53,0.0,20,9060,买盘
1536,11:29:01,4.53,0.0,50,22650,买盘
1537,11:29:06,4.53,0.0,57,25821,卖盘
1538,11:29:13,4.53,0.0,46,20838,卖盘
1539,11:29:24,4.52,-0.01,2,904,卖盘
1540,11:29:37,4.54,0.02,211,95683,买盘
1541,11:29:40,4.53,-0.01,29,13137,中性盘
1542,11:29:42,4.54,0.01,100,45400,买盘
1543,11:29:45,4.52,-0.02,1,452,卖盘
1544,11:29:48,4.52,0.0,129,58308,卖盘
1545,13:00:05,4.53,0.01,9,4077,买盘
1546,13:00:07,4.53,0.0,916,414356,买盘
1547,13:00:10,4.52,-0.01,68,30741,卖盘
1548,13:00:13,4.52,0.0,63,28476,卖盘
1549,13:00:16,4.53,0.01,49,22197,买盘
1550,13:00:19,4.52,-0.01,89,40234,卖盘
1551,13:00:22,4.52,0.0,51,23053,卖盘
1552,13:00:25,4.52,0.0,32,14464,卖盘
1553,13:00:28,4.51,-0.01,591,267126,卖盘
1554,13:00:33,4.51,0.0,2,902,卖盘
1555,13:00:37,4.51,0.0,632,285032,卖盘
1556,13:00:40,4.51,0.0,32,14432,卖盘
1557,13:00:43,4.51,0.0,7,3157,卖盘
1558,13:00:46,4.51,0.0,22,9922,卖盘
1559,13:00:52,4.51,0.0,17,7667,卖盘
1560,13:00:55,4.51,0.0,7,3157,卖盘
1561,13:00:58,4.51,0.0,2,902,卖盘
1562,13:01:04,4.52,0.01,35,15798,买盘
1563,13:01:07,4.52,0.0,7,3164,卖盘
1564,13:01:10,4.52,0.0,123,55539,中性盘
1565,13:01:18,4.52,0.0,81,36532,买盘
1566,13:01:21,4.51,-0.01,2,902,卖盘
1567,13:01:33,4.52,0.01,6,2712,买盘
1568,13:01:36,4.51,-0.01,1,451,卖盘
1569,13:01:49,4.51,0.0,2,902,卖盘
1570,13:01:54,4.51,0.0,7,3157,卖盘
1571,13:02:04,4.52,0.01,12,5424,买盘
1572,13:02:10,4.51,-0.01,102,46002,卖盘
1573,13:02:13,4.51,0.0,4,1804,卖盘
1574,13:02:22,4.51,0.0,17,7675,卖盘
1575,13:02:28,4.52,0.01,34,15354,买盘
1576,13:02:31,4.51,-0.01,7,3157,卖盘
1577,13:02:34,4.51,0.0,8,3609,卖盘
1578,13:02:37,4.51,0.0,2,902,卖盘
1579,13:02:40,4.51,0.0,250,112750,卖盘
1580,13:02:43,4.51,0.0,210,94720,卖盘
1581,13:02:46,4.51,0.0,125,56375,卖盘
1582,13:02:54,4.51,0.0,20,9020,买盘
1583,13:02:58,4.51,0.0,50,22550,买盘
1584,13:03:00,4.5,-0.01,2,900,卖盘
1585,13:03:04,4.51,0.01,106,47706,买盘
1586,13:03:10,4.5,-0.01,14,6312,卖盘
1587,13:03:13,4.51,0.01,269,121196,买盘
1588,13:03:16,4.51,0.0,40,18040,卖盘
1589,13:03:19,4.51,0.0,20,9020,卖盘
1590,13:03:22,4.5,-0.01,106,47738,卖盘
1591,13:03:24,4.51,0.01,2,902,卖盘
1592,13:03:28,4.51,0.0,5,2255,卖盘
1593,13:03:30,4.52,0.01,5,2260,买盘
1594,13:03:42,4.52,0.0,20,9040,买盘
1595,13:03:52,4.51,-0.01,25,11275,卖盘
1596,13:03:55,4.51,0.0,2,902,卖盘
1597,13:03:57,4.51,0.0,140,63140,卖盘
1598,13:04:00,4.5,-0.01,7,3150,卖盘
1599,13:04:04,4.5,0.0,14,6300,卖盘
1600,13:04:09,4.5,0.0,8,3600,卖盘
1601,13:04:12,4.51,0.01,24,10810,买盘
1602,13:04:19,4.5,-0.01,2,900,卖盘
1603,13:04:22,4.5,0.0,15,6751,卖盘
1604,13:04:34,4.51,0.01,13,5863,买盘
1605,13:04:36,4.5,-0.01,84,37811,卖盘
1606,13:04:40,4.5,0.0,2,900,卖盘
1607,13:04:43,4.51,0.01,100,45100,买盘
1608,13:05:01,4.51,0.0,23,10373,买盘
1609,13:05:04,4.5,-0.01,1,450,卖盘
1610,13:05:07,4.51,0.01,1,451,买盘
1611,13:05:10,4.51,0.0,43,19391,买盘
1612,13:05:12,4.5,-0.01,5,2253,卖盘
1613,13:05:21,4.51,0.01,174,78474,买盘
1614,13:05:27,4.5,-0.01,124,55844,卖盘
1615,13:05:34,4.51,0.01,2,902,卖盘
1616,13:05:52,4.52,0.01,8,3616,买盘
1617,13:05:55,4.52,0.0,10,4520,买盘
1618,13:05:57,4.51,-0.01,2,902,卖盘
1619,13:06:07,4.51,0.0,7,3157,卖盘
1620,13:06:13,4.51,0.0,2,902,卖盘
1621,13:06:22,4.52,0.01,23,10394,买盘
1622,13:06:34,4.52,0.0,80,36160,买盘
1623,13:06:36,4.51,-0.01,7,3157,卖盘
1624,13:06:49,4.51,0.0,102,46102,卖盘
1625,13:06:51,4.51,0.0,43,19393,卖盘
1626,13:07:04,4.51,0.0,89,40139,卖盘
1627,13:07:10,4.51,0.0,23,10373,卖盘
1628,13:07:13,4.51,0.0,2,902,卖盘
1629,13:07:16,4.51,0.0,383,172733,卖盘
1630,13:07:22,4.51,0.0,207,93156,买盘
1631,13:07:25,4.51,0.0,53,23903,买盘
1632,13:07:28,4.51,0.0,6,2706,买盘
1633,13:07:36,4.5,-0.01,24,10800,卖盘
1634,13:07:39,4.51,0.01,2,902,买盘
1635,13:07:51,4.51,0.0,5,2255,买盘
1636,13:07:54,4.51,0.0,10,4510,买盘
1637,13:08:01,4.5,-0.01,2,900,卖盘
1638,13:08:04,4.51,0.01,233,104870,买盘
1639,13:08:10,4.51,0.0,320,144320,买盘
1640,13:08:13,4.5,-0.01,2,900,卖盘
1641,13:08:16,4.5,0.0,191,85950,卖盘
1642,13:08:19,4.51,0.01,6,2706,买盘
1643,13:08:22,4.5,-0.01,51,23000,卖盘
1644,13:08:24,4.5,0.0,2,900,卖盘
1645,13:08:27,4.5,0.0,100,45000,卖盘
1646,13:08:39,4.5,0.0,7,3150,卖盘
1647,13:08:52,4.5,0.0,3,1351,卖盘
1648,13:08:58,4.51,0.01,8,3608,买盘
1649,13:09:07,4.51,0.0,57,25692,买盘
1650,13:09:10,4.5,-0.01,220,99200,卖盘
1651,13:09:13,4.51,0.01,2,902,买盘
1652,13:09:16,4.51,0.0,271,122068,买盘
1653,13:09:25,4.51,0.0,11,4961,买盘
1654,13:09:27,4.51,0.0,107,48257,买盘
1655,13:09:31,4.51,0.0,187,84337,买盘
1656,13:09:34,4.51,0.0,10,4510,卖盘
1657,13:09:37,4.5,-0.01,142,64026,卖盘
1658,13:09:43,4.5,0.0,2,900,卖盘
1659,13:09:52,4.51,0.01,4,1804,卖盘
1660,13:10:04,4.51,0.0,2,902,卖盘
1661,13:10:09,4.51,0.0,2,902,卖盘
1662,13:10:15,4.51,0.0,30,13530,卖盘
1663,13:10:28,4.51,0.0,136,61336,卖盘
1664,13:10:30,4.51,0.0,104,46904,卖盘
1665,13:10:33,4.51,0.0,27,12175,买盘
1666,13:10:36,4.5,-0.01,57,25650,卖盘
1667,13:10:42,4.51,0.01,50,22550,买盘
1668,13:10:48,4.5,-0.01,2,900,卖盘
1669,13:10:58,4.5,0.0,2,900,卖盘
1670,13:11:10,4.5,0.0,3,1350,卖盘
1671,13:11:21,4.5,0.0,95,42841,卖盘
1672,13:11:27,4.51,0.01,160,72160,买盘
1673,13:11:30,4.51,0.0,22,9920,买盘
1674,13:11:33,4.5,-0.01,148,66601,卖盘
1675,13:11:46,4.5,0.0,7,3155,卖盘
1676,13:11:49,4.5,0.0,1,450,卖盘
1677,13:11:55,4.5,0.0,400,180000,卖盘
1678,13:11:58,4.5,0.0,68,30600,卖盘
1679,13:12:01,4.5,0.0,144,64800,卖盘
1680,13:12:07,4.5,0.0,2,900,卖盘
1681,13:12:10,4.5,0.0,3,1350,卖盘
1682,13:12:13,4.5,0.0,2,900,卖盘
1683,13:12:31,4.5,0.0,3,1350,卖盘
1684,13:12:34,4.51,0.01,10,4510,买盘
1685,13:12:37,4.5,-0.01,2,900,卖盘
1686,13:12:48,4.5,0.0,1,450,卖盘
1687,13:12:52,4.5,0.0,30,13500,卖盘
1688,13:13:01,4.5,0.0,2,900,卖盘
1689,13:13:10,4.5,0.0,35,15750,卖盘
1690,13:13:12,4.5,0.0,1,450,卖盘
1691,13:13:16,4.5,0.0,400,180000,卖盘
1692,13:13:22,4.5,0.0,180,81000,卖盘
1693,13:13:31,4.5,0.0,6,2700,卖盘
1694,13:13:36,4.5,0.0,14,6300,卖盘
1695,13:13:40,4.51,0.01,100,45100,买盘
1696,13:13:42,4.5,-0.01,100,45000,卖盘
1697,13:13:46,4.5,0.0,14,6300,卖盘
1698,13:13:49,4.5,0.0,1,450,卖盘
1699,13:13:52,4.51,0.01,10,4510,买盘
1700,13:13:55,4.5,-0.01,2,900,卖盘
1701,13:14:07,4.5,0.0,2,900,卖盘
1702,13:14:10,4.5,0.0,12,5400,卖盘
1703,13:14:16,4.5,0.0,69,31057,卖盘
1704,13:14:22,4.5,0.0,95,42755,卖盘
1705,13:14:25,4.5,0.0,65,29250,卖盘
1706,13:14:31,4.5,0.0,1,450,卖盘
1707,13:14:40,4.5,0.0,2,900,卖盘
1708,13:14:49,4.51,0.01,39,17587,买盘
1709,13:14:52,4.51,0.0,37,16655,买盘
1710,13:14:55,4.51,0.0,18,8118,买盘
1711,13:14:58,4.51,0.0,3,1353,买盘
1712,13:15:01,4.5,-0.01,800,360000,卖盘
1713,13:15:07,4.5,0.0,376,169250,卖盘
1714,13:15:10,4.5,0.0,1,450,卖盘
1715,13:15:13,4.5,0.0,322,144900,卖盘
1716,13:15:19,4.5,0.0,173,77850,卖盘
1717,13:15:25,4.5,0.0,344,154800,卖盘
1718,13:15:31,4.49,-0.01,123,55227,卖盘
1719,13:15:34,4.5,0.01,102,45898,买盘
1720,13:15:37,4.5,0.0,12,5400,买盘
1721,13:15:43,4.5,0.0,4,1800,买盘
1722,13:15:49,4.49,-0.01,2,898,卖盘
1723,13:15:52,4.49,0.0,39,17511,卖盘
1724,13:15:57,4.49,0.0,2,898,卖盘
1725,13:16:07,4.5,0.01,400,180000,买盘
1726,13:16:09,4.49,-0.01,2,898,卖盘
1727,13:16:12,4.49,0.0,689,309361,卖盘
1728,13:16:16,4.49,0.0,149,66901,卖盘
1729,13:16:19,4.49,0.0,185,83065,卖盘
1730,13:16:22,4.49,0.0,2,898,卖盘
1731,13:16:31,4.49,0.0,4,1796,卖盘
1732,13:16:37,4.49,0.0,51,22899,卖盘
1733,13:16:40,4.49,0.0,50,22450,卖盘
1734,13:16:43,4.49,0.0,50,22450,卖盘
1735,13:16:46,4.49,0.0,2,898,卖盘
1736,13:16:49,4.49,0.0,1,449,卖盘
1737,13:16:57,4.49,0.0,57,25593,卖盘
1738,13:17:00,4.49,0.0,59,26500,卖盘
1739,13:17:07,4.49,0.0,2,898,卖盘
1740,13:17:10,4.49,0.0,7,3149,卖盘
1741,13:17:13,4.49,0.0,2,898,卖盘
1742,13:17:22,4.49,0.0,98,44022,卖盘
1743,13:17:28,4.49,0.0,47,21103,卖盘
1744,13:17:30,4.5,0.01,7,3148,买盘
1745,13:17:36,4.49,-0.01,2,898,卖盘
1746,13:17:40,4.49,0.0,32,14370,卖盘
1747,13:17:42,4.49,0.0,151,67799,卖盘
1748,13:17:49,4.49,0.0,61,27389,卖盘
1749,13:17:55,4.49,0.0,106,47594,卖盘
1750,13:18:00,4.49,0.0,2,898,卖盘
1751,13:18:07,4.49,0.0,41,18409,卖盘
1752,13:18:09,4.49,0.0,2,898,卖盘
1753,13:18:12,4.5,0.01,15,6748,买盘
1754,13:18:16,4.49,-0.01,75,33675,卖盘
1755,13:18:19,4.5,0.01,11,4950,买盘
1756,13:18:22,4.49,-0.01,110,49390,卖盘
1757,13:18:25,4.49,0.0,42,18858,卖盘
1758,13:18:31,4.49,0.0,35,15715,卖盘
1759,13:18:33,4.49,0.0,37,16613,卖盘
1760,13:18:37,4.49,0.0,110,49390,卖盘
1761,13:18:40,4.49,0.0,32,14368,卖盘
1762,13:18:42,4.49,0.0,201,90249,卖盘
1763,13:18:48,4.49,0.0,194,87206,卖盘
1764,13:18:51,4.49,0.0,92,41308,卖盘
1765,13:19:01,4.49,0.0,100,44900,卖盘
1766,13:19:10,4.49,0.0,2,898,卖盘
1767,13:19:13,4.49,0.0,1,449,卖盘
1768,13:19:16,4.49,0.0,602,270298,卖盘
1769,13:19:19,4.49,0.0,101,45350,卖盘
1770,13:19:22,4.49,0.0,167,74983,卖盘
1771,13:19:24,4.49,0.0,53,23797,卖盘
1772,13:19:27,4.49,0.0,100,44900,卖盘
1773,13:19:30,4.49,0.0,77,34573,卖盘
1774,13:19:33,4.5,0.01,31,13950,买盘
1775,13:19:36,4.48,-0.02,111,49838,卖盘
1776,13:19:40,4.48,0.0,2,896,卖盘
1777,13:19:43,4.5,0.02,113,50850,买盘
1778,13:19:49,4.49,-0.01,2,898,卖盘
1779,13:20:07,4.5,0.01,20,9000,买盘
1780,13:20:10,4.49,-0.01,5,2245,卖盘
1781,13:20:22,4.49,0.0,58,26042,卖盘
1782,13:20:27,4.5,0.01,9,4050,买盘
1783,13:20:31,4.49,-0.01,1,449,卖盘
1784,13:20:33,4.49,0.0,3,1348,卖盘
1785,13:20:37,4.49,0.0,25,11225,卖盘
1786,13:20:46,4.49,0.0,58,26042,卖盘
1787,13:20:48,4.49,0.0,177,79473,卖盘
1788,13:20:51,4.49,0.0,11,4939,卖盘
1789,13:20:54,4.49,0.0,200,89800,卖盘
1790,13:20:58,4.49,0.0,17,7633,卖盘
1791,13:21:00,4.49,0.0,215,96358,卖盘
1792,13:21:07,4.49,0.0,8,3585,买盘
1793,13:21:10,4.48,-0.01,20,8970,卖盘
1794,13:21:13,4.49,0.01,10,4490,买盘
1795,13:21:22,4.48,-0.01,5,2240,卖盘
1796,13:21:31,4.48,0.0,19,8512,卖盘
1797,13:21:36,4.49,0.01,10,4490,买盘
1798,13:21:40,4.49,0.0,20,8980,买盘
1799,13:21:46,4.48,-0.01,2,896,卖盘
1800,13:21:49,4.48,0.0,1,448,卖盘
1801,13:21:52,4.48,0.0,54,24192,卖盘
1802,13:22:01,4.49,0.01,110,49390,买盘
1803,13:22:04,4.49,0.0,21,9429,买盘
1804,13:22:07,4.49,0.0,1,449,买盘
1805,13:22:09,4.48,-0.01,22,9856,卖盘
1806,13:22:12,4.48,0.0,2,896,卖盘
1807,13:22:16,4.49,0.01,13,5837,买盘
1808,13:22:19,4.48,-0.01,1129,506905,卖盘
1809,13:22:31,4.48,0.0,2,896,卖盘
1810,13:22:37,4.49,0.01,2,898,卖盘
1811,13:22:40,4.5,0.01,7,3150,买盘
1812,13:22:42,4.49,-0.01,10,4490,卖盘
1813,13:22:46,4.5,0.01,32,14400,买盘
1814,13:22:49,4.49,-0.01,51,22899,卖盘
1815,13:22:55,4.5,0.01,162,72729,买盘
1816,13:23:00,4.49,-0.01,2,898,卖盘
1817,13:23:04,4.49,0.0,30,13470,卖盘
1818,13:23:07,4.49,0.0,19,8531,卖盘
1819,13:23:10,4.49,0.0,22,9876,买盘
1820,13:23:22,4.48,-0.01,79,35430,卖盘
1821,13:23:28,4.48,0.0,2,896,卖盘
1822,13:23:31,4.48,0.0,1,448,卖盘
1823,13:23:37,4.49,0.01,14,6286,买盘
1824,13:23:40,4.49,0.0,79,35471,卖盘
1825,13:23:43,4.49,0.0,3,1347,买盘
1826,13:23:49,4.48,-0.01,1,448,卖盘
1827,13:23:52,4.49,0.01,3,1347,买盘
1828,13:23:55,4.49,0.0,7,3143,卖盘
1829,13:23:58,4.49,0.0,30,13470,买盘
1830,13:24:01,4.49,0.0,4,1796,买盘
1831,13:24:04,4.49,0.0,2,898,买盘
1832,13:24:07,4.49,0.0,4,1796,卖盘
1833,13:24:10,4.48,-0.01,15,6731,卖盘
1834,13:24:13,4.49,0.01,7,3143,买盘
1835,13:24:19,4.49,0.0,2,898,卖盘
1836,13:24:24,4.49,0.0,6,2694,卖盘
1837,13:24:31,4.49,0.0,1,449,卖盘
1838,13:24:40,4.49,0.0,2,898,卖盘
1839,13:24:52,4.49,0.0,112,50288,卖盘
1840,13:24:57,4.48,-0.01,235,105280,卖盘
1841,13:25:10,4.48,0.0,3,1344,卖盘
1842,13:25:13,4.49,0.01,111,49838,买盘
1843,13:25:18,4.48,-0.01,1,448,卖盘
1844,13:25:22,4.49,0.01,3,1347,买盘
1845,13:25:25,4.49,0.0,66,29634,买盘
1846,13:25:28,4.49,0.0,14,6286,买盘
1847,13:25:31,4.48,-0.01,104,46592,卖盘
1848,13:25:34,4.48,0.0,2,896,卖盘
1849,13:25:37,4.49,0.01,967,434176,买盘
1850,13:25:40,4.49,0.0,48,21552,卖盘
1851,13:25:43,4.49,0.0,2,898,买盘
1852,13:25:46,4.49,0.0,4,1796,买盘
1853,13:25:52,4.49,0.0,2,898,卖盘
1854,13:25:58,4.49,0.0,2,898,卖盘
1855,13:26:01,4.5,0.01,5,2250,买盘
1856,13:26:07,4.5,0.0,1,450,买盘
1857,13:26:09,4.49,-0.01,3,1347,卖盘
1858,13:26:13,4.49,0.0,33,14817,卖盘
1859,13:26:16,4.49,0.0,38,17062,卖盘
1860,13:26:21,4.49,0.0,2,898,卖盘
1861,13:26:25,4.5,0.01,15,6750,买盘
1862,13:26:27,4.5,0.0,99,44550,买盘
1863,13:26:31,4.49,-0.01,2,898,卖盘
1864,13:26:34,4.49,0.0,130,58370,卖盘
1865,13:26:46,4.49,0.0,15,6735,卖盘
1866,13:26:48,4.48,-0.01,1070,480429,卖盘
1867,13:26:55,4.49,0.01,394,176544,买盘
1868,13:26:58,4.49,0.0,82,36818,买盘
1869,13:27:07,4.48,-0.01,580,260382,卖盘
1870,13:27:10,4.48,0.0,2,896,卖盘
1871,13:27:13,4.48,0.0,184,82432,卖盘
1872,13:27:16,4.48,0.0,1,448,卖盘
1873,13:27:18,4.49,0.01,550,246950,买盘
1874,13:27:22,4.49,0.0,100,44900,买盘
1875,13:27:28,4.49,0.0,50,22834,买盘
1876,13:27:37,4.49,0.0,52,23348,卖盘
1877,13:27:43,4.49,0.0,32,14368,卖盘
1878,13:27:48,4.49,0.0,1,449,卖盘
1879,13:27:51,4.49,0.0,70,31430,卖盘
1880,13:27:55,4.49,0.0,2,898,卖盘
1881,13:27:57,4.49,0.0,121,54329,卖盘
1882,13:28:01,4.49,0.0,2,898,卖盘
1883,13:28:04,4.49,0.0,14,6286,卖盘
1884,13:28:07,4.49,0.0,30,13470,卖盘
1885,13:28:09,4.49,0.0,6,2694,卖盘
1886,13:28:13,4.5,0.01,71,31933,买盘
1887,13:28:19,4.5,0.0,1,450,买盘
1888,13:28:22,4.5,0.0,20,9000,买盘
1889,13:28:25,4.49,-0.01,2,898,卖盘
1890,13:28:28,4.5,0.01,11,4949,买盘
1891,13:28:34,4.5,0.0,32,14400,买盘
1892,13:28:37,4.51,0.01,1159,521585,买盘
1893,13:28:43,4.51,0.0,35,15785,买盘
1894,13:28:48,4.51,0.0,40,18039,买盘
1895,13:28:51,4.51,0.0,21,9471,买盘
1896,13:28:54,4.51,0.0,2,902,卖盘
1897,13:28:58,4.51,0.0,20,9020,买盘
1898,13:29:01,4.51,0.0,7,3157,卖盘
1899,13:29:07,4.51,0.0,2,902,卖盘
1900,13:29:10,4.52,0.01,10,4520,买盘
1901,13:29:13,4.51,-0.01,103,46453,卖盘
1902,13:29:16,4.51,0.0,10,4510,买盘
1903,13:29:19,4.51,0.0,41,18491,买盘
1904,13:29:28,4.5,-0.01,1,450,卖盘
1905,13:29:30,4.5,0.0,201,90450,卖盘
1906,13:29:48,4.5,0.0,2,900,卖盘
1907,13:29:58,4.5,0.0,13,5850,卖盘
1908,13:30:07,4.5,0.0,1,450,卖盘
1909,13:30:13,4.5,0.0,2,900,卖盘
1910,13:30:28,4.5,0.0,28,12600,卖盘
1911,13:30:31,4.5,0.0,30,13500,卖盘
1912,13:30:43,4.51,0.01,4,1804,买盘
1913,13:30:46,4.51,0.0,912,411312,买盘
1914,13:30:48,4.51,0.0,22,9922,卖盘
1915,13:30:52,4.51,0.0,70,31570,卖盘
1916,13:30:58,4.51,0.0,2,901,买盘
1917,13:31:04,4.51,0.0,24,10824,买盘
1918,13:31:07,4.5,-0.01,2,901,卖盘
1919,13:31:10,4.5,0.0,1,450,卖盘
1920,13:31:13,4.5,0.0,1,450,卖盘
1921,13:31:22,4.51,0.01,6,2706,买盘
1922,13:31:28,4.51,0.0,2,902,卖盘
1923,13:31:36,4.51,0.0,2,902,卖盘
1924,13:31:43,4.51,0.0,7,3157,卖盘
1925,13:31:46,4.51,0.0,20,9020,卖盘
1926,13:31:49,4.51,0.0,1,451,卖盘
1927,13:32:07,4.51,0.0,1,451,卖盘
1928,13:32:10,4.51,0.0,64,28864,卖盘
1929,13:32:13,4.5,-0.01,126,56700,卖盘
1930,13:32:27,4.5,0.0,2,900,卖盘
1931,13:32:48,4.5,0.0,1,450,卖盘
1932,13:32:55,4.51,0.01,51,22990,买盘
1933,13:33:06,4.5,-0.01,3,1351,卖盘
1934,13:33:10,4.5,0.0,2,900,卖盘
1935,13:33:28,4.51,0.01,160,72160,买盘
1936,13:33:31,4.51,0.0,1,451,卖盘
1937,13:33:34,4.51,0.0,4,1804,买盘
1938,13:33:43,4.5,-0.01,1,450,卖盘
1939,13:33:49,4.5,0.0,1,450,卖盘
1940,13:34:07,4.5,0.0,2,900,卖盘
1941,13:34:10,4.5,0.0,1,450,卖盘
1942,13:34:19,4.5,0.0,45,20250,卖盘
1943,13:34:22,4.5,0.0,1,450,卖盘
1944,13:34:25,4.5,0.0,1,450,卖盘
1945,13:34:28,4.5,0.0,15,6750,卖盘
1946,13:34:33,4.5,0.0,30,13500,卖盘
1947,13:34:37,4.5,0.0,64,28807,卖盘
1948,13:34:40,4.5,0.0,33,14850,卖盘
1949,13:34:43,4.5,0.0,3,1350,卖盘
1950,13:34:48,4.5,0.0,66,29700,卖盘
1951,13:34:55,4.5,0.0,201,90450,卖盘
1952,13:34:57,4.51,0.01,1,451,买盘
1953,13:35:01,4.5,-0.01,106,47700,卖盘
1954,13:35:07,4.5,0.0,88,39607,卖盘
1955,13:35:10,4.5,0.0,2,900,卖盘
1956,13:35:12,4.5,0.0,3,1350,卖盘
1957,13:35:15,4.5,0.0,71,31950,卖盘
1958,13:35:28,4.49,-0.01,1,449,卖盘
1959,13:35:31,4.49,0.0,122,54785,卖盘
1960,13:35:34,4.5,0.01,80,36000,买盘
1961,13:35:36,4.5,0.0,20,9000,卖盘
1962,13:35:40,4.5,0.0,17,7650,卖盘
1963,13:35:43,4.5,0.0,121,54450,卖盘
1964,13:35:48,4.5,0.0,2,900,卖盘
1965,13:35:52,4.5,0.0,52,23400,卖盘
1966,13:36:04,4.5,0.0,50,22500,卖盘
1967,13:36:06,4.5,0.0,6,2700,卖盘
1968,13:36:10,4.5,0.0,20,9000,卖盘
1969,13:36:12,4.5,0.0,126,56700,卖盘
1970,13:36:28,4.5,0.0,89,40050,卖盘
1971,13:36:34,4.5,0.0,113,50850,卖盘
1972,13:36:40,4.5,0.0,9,4050,卖盘
1973,13:36:43,4.5,0.0,50,22500,卖盘
1974,13:36:45,4.5,0.0,15,6750,卖盘
1975,13:36:49,4.5,0.0,92,41400,卖盘
1976,13:36:52,4.51,0.01,10,4510,买盘
1977,13:36:55,4.5,-0.01,74,33300,卖盘
1978,13:37:01,4.5,0.0,52,23400,买盘
1979,13:37:07,4.49,-0.01,2,899,卖盘
1980,13:37:10,4.49,0.0,105,47145,卖盘
1981,13:37:16,4.49,0.0,30,13470,卖盘
1982,13:37:19,4.49,0.0,20,8980,卖盘
1983,13:37:21,4.49,0.0,152,68248,卖盘
1984,13:37:27,4.49,0.0,2,898,卖盘
1985,13:37:34,4.49,0.0,90,40420,卖盘
1986,13:37:46,4.49,0.0,36,16192,卖盘
1987,13:37:48,4.49,0.0,1,449,卖盘
1988,13:37:52,4.5,0.01,100,45000,买盘
1989,13:37:57,4.49,-0.01,128,57472,卖盘
1990,13:38:04,4.5,0.01,8,3600,买盘
1991,13:38:07,4.49,-0.01,91,40859,卖盘
1992,13:38:13,4.49,0.0,2,898,卖盘
1993,13:38:16,4.5,0.01,5,2250,买盘
1994,13:38:24,4.49,-0.01,19,8531,卖盘
1995,13:38:28,4.49,0.0,1,449,卖盘
1996,13:38:36,4.5,0.01,30,13500,买盘
1997,13:38:46,4.5,0.0,2,899,买盘
1998,13:38:48,4.49,-0.01,1,449,卖盘
1999,13:38:52,4.49,0.0,45,20205,卖盘
2000,13:38:55,4.5,0.01,1,450,买盘
2001,13:39:04,4.49,-0.01,24,10776,卖盘
2002,13:39:06,4.49,0.0,3,1348,卖盘
2003,13:39:13,4.49,0.0,36,16164,卖盘
2004,13:39:19,4.49,0.0,43,19307,卖盘
2005,13:39:28,4.49,0.0,128,57472,卖盘
2006,13:39:34,4.49,0.0,101,45349,卖盘
2007,13:39:49,4.49,0.0,2,898,卖盘
2008,13:40:01,4.49,0.0,14,6286,卖盘
2009,13:40:04,4.5,0.01,5,2250,买盘
2010,13:40:06,4.49,-0.01,1,449,卖盘
2011,13:40:10,4.49,0.0,1,449,卖盘
2012,13:40:22,4.49,0.0,20,8980,卖盘
2013,13:40:28,4.49,0.0,66,29634,卖盘
2014,13:40:34,4.49,0.0,15,6735,卖盘
2015,13:40:37,4.5,0.01,5,2250,买盘
2016,13:40:46,4.5,0.0,7,3150,买盘
2017,13:40:49,4.49,-0.01,2,898,卖盘
2018,13:40:51,4.5,0.01,10,4500,买盘
2019,13:40:55,4.5,0.0,42,18900,买盘
2020,13:40:57,4.5,0.0,25,11250,买盘
2021,13:41:04,4.5,0.0,48,21600,买盘
2022,13:41:07,4.49,-0.01,80,35921,卖盘
2023,13:41:10,4.5,0.01,173,77850,买盘
2024,13:41:13,4.49,-0.01,3,1347,卖盘
2025,13:41:28,4.49,0.0,2,898,卖盘
2026,13:41:39,4.49,0.0,10,4490,卖盘
2027,13:41:46,4.49,0.0,102,45798,卖盘
2028,13:41:49,4.49,0.0,1,449,卖盘
2029,13:41:55,4.49,0.0,20,8980,卖盘
2030,13:42:07,4.49,0.0,1,449,卖盘
2031,13:42:13,4.49,0.0,2,898,卖盘
2032,13:42:28,4.49,0.0,2,898,卖盘
2033,13:42:37,4.49,0.0,11,4939,卖盘
2034,13:42:43,4.49,0.0,8,3592,卖盘
2035,13:42:46,4.5,0.01,20,9000,买盘
2036,13:42:49,4.49,-0.01,1,449,卖盘
2037,13:42:52,4.49,0.0,70,31430,卖盘
2038,13:42:55,4.49,0.0,126,56574,卖盘
2039,13:43:06,4.49,0.0,18,8090,卖盘
2040,13:43:10,4.49,0.0,3,1347,卖盘
2041,13:43:13,4.5,0.01,139,62550,买盘
2042,13:43:16,4.49,-0.01,101,45349,卖盘
2043,13:43:22,4.49,0.0,64,28736,卖盘
2044,13:43:25,4.5,0.01,10,4500,买盘
2045,13:43:28,4.49,-0.01,1,449,卖盘
2046,13:43:31,4.49,0.0,23,10327,卖盘
2047,13:43:40,4.5,0.01,20,9000,买盘
2048,13:43:49,4.49,-0.01,1,449,卖盘
2049,13:43:51,4.49,0.0,240,107934,卖盘
2050,13:43:57,4.49,0.0,112,50288,卖盘
2051,13:44:04,4.5,0.01,68,30600,买盘
2052,13:44:07,4.49,-0.01,16,7184,卖盘
2053,13:44:10,4.5,0.01,3,1350,买盘
2054,13:44:13,4.5,0.0,122,54898,买盘
2055,13:44:15,4.5,0.0,111,49950,买盘
2056,13:44:19,4.5,0.0,21,9450,买盘
2057,13:44:22,4.49,-0.01,182,81768,卖盘
2058,13:44:25,4.5,0.01,5,2250,买盘
2059,13:44:27,4.49,-0.01,1,449,卖盘
2060,13:44:45,4.5,0.01,11,4950,买盘
2061,13:44:49,4.49,-0.01,2,898,卖盘
2062,13:45:01,4.5,0.01,10,4500,买盘
2063,13:45:04,4.5,0.0,9,4050,买盘
2064,13:45:07,4.49,-0.01,53,23849,卖盘
2065,13:45:10,4.5,0.01,4,1798,买盘
2066,13:45:28,4.49,-0.01,1,449,卖盘
2067,13:45:49,4.49,0.0,2,898,卖盘
2068,13:46:04,4.49,0.0,1,449,卖盘
2069,13:46:07,4.49,0.0,1,449,卖盘
2070,13:46:13,4.49,0.0,1,449,卖盘
2071,13:46:28,4.49,0.0,2,898,卖盘
2072,13:46:40,4.49,0.0,428,192572,卖盘
2073,13:46:42,4.49,0.0,132,59268,卖盘
2074,13:46:46,4.49,0.0,258,115842,卖盘
2075,13:46:48,4.49,0.0,1,449,卖盘
2076,13:46:51,4.5,0.01,222,99900,买盘
2077,13:46:58,4.5,0.0,153,68698,买盘
2078,13:47:01,4.5,0.0,80,36000,买盘
2079,13:47:07,4.49,-0.01,3,1348,卖盘
2080,13:47:13,4.49,0.0,2,898,卖盘
2081,13:47:27,4.49,0.0,2,898,卖盘
2082,13:47:34,4.49,0.0,9,4041,卖盘
2083,13:47:37,4.49,0.0,9,4041,卖盘
2084,13:47:40,4.5,0.01,7,3150,买盘
2085,13:47:49,4.49,-0.01,1,449,卖盘
2086,13:47:52,4.49,0.0,48,21552,卖盘
2087,13:47:57,4.5,0.01,62,27900,买盘
2088,13:48:00,4.5,0.0,31,13935,买盘
2089,13:48:07,4.49,-0.01,3,1348,卖盘
2090,13:48:10,4.49,0.0,7,3143,卖盘
2091,13:48:28,4.49,0.0,1,449,卖盘
2092,13:48:37,4.49,0.0,45,20205,卖盘
2093,13:48:43,4.49,0.0,1,449,卖盘
2094,13:48:46,4.5,0.01,1,450,买盘
2095,13:48:49,4.49,-0.01,1,449,卖盘
2096,13:49:00,4.49,0.0,100,44900,卖盘
2097,13:49:07,4.49,0.0,2,898,卖盘
2098,13:49:13,4.49,0.0,1,449,卖盘
2099,13:49:22,4.49,0.0,46,20654,卖盘
2100,13:49:28,4.49,0.0,1,449,卖盘
2101,13:49:43,4.49,0.0,1,449,卖盘
2102,13:49:49,4.49,0.0,2,898,卖盘
2103,13:50:07,4.49,0.0,2,898,卖盘
2104,13:50:10,4.49,0.0,5,2245,卖盘
2105,13:50:13,4.49,0.0,2,898,卖盘
2106,13:50:28,4.49,0.0,13,5837,卖盘
2107,13:50:31,4.49,0.0,115,51635,卖盘
2108,13:50:37,4.49,0.0,49,22001,卖盘
2109,13:50:40,4.49,0.0,20,8980,卖盘
2110,13:50:43,4.49,0.0,17,7633,卖盘
2111,13:50:49,4.49,0.0,12,5388,卖盘
2112,13:50:52,4.49,0.0,95,42655,卖盘
2113,13:50:55,4.49,0.0,36,16164,卖盘
2114,13:51:07,4.49,0.0,1,449,卖盘
2115,13:51:16,4.49,0.0,46,20654,卖盘
2116,13:51:27,4.49,0.0,2,898,卖盘
2117,13:51:37,4.5,0.01,512,230358,买盘
2118,13:51:43,4.5,0.0,299,134349,买盘
2119,13:51:48,4.5,0.0,181,81449,买盘
2120,13:51:51,4.5,0.0,51,22950,卖盘
2121,13:51:54,4.5,0.0,120,54000,卖盘
2122,13:52:07,4.5,0.0,1,450,卖盘
2123,13:52:10,4.5,0.0,100,45000,卖盘
2124,13:52:22,4.49,-0.01,110,49435,卖盘
2125,13:52:25,4.5,0.01,13,5850,买盘
2126,13:52:28,4.5,0.0,44,19800,买盘
2127,13:52:49,4.5,0.0,1,450,卖盘
2128,13:52:52,4.51,0.01,150,67650,买盘
2129,13:52:58,4.5,-0.01,119,53560,卖盘
2130,13:53:04,4.51,0.01,28,12628,买盘
2131,13:53:07,4.5,-0.01,6,2700,卖盘
2132,13:53:10,4.51,0.01,10,4510,买盘
2133,13:53:19,4.51,0.0,1,451,买盘
2134,13:53:22,4.51,0.0,2,902,买盘
2135,13:53:28,4.51,0.0,51,23000,买盘
2136,13:53:31,4.5,-0.01,8,3600,卖盘
2137,13:53:40,4.5,0.0,2,900,卖盘
2138,13:53:43,4.51,0.01,2,902,买盘
2139,13:53:49,4.5,-0.01,33,14850,卖盘
2140,13:54:01,4.5,0.0,142,63900,卖盘
2141,13:54:04,4.51,0.01,18,8118,买盘
2142,13:54:06,4.5,-0.01,122,54900,卖盘
2143,13:54:13,4.5,0.0,47,21150,卖盘
2144,13:54:25,4.51,0.01,1360,613360,买盘
2145,13:54:28,4.51,0.0,135,60885,卖盘
2146,13:54:36,4.51,0.0,23,10373,卖盘
2147,13:54:43,4.51,0.0,3,1353,卖盘
2148,13:54:49,4.51,0.0,2,902,卖盘
2149,13:54:52,4.52,0.01,50,22600,买盘
2150,13:54:58,4.52,0.0,1,452,买盘
2151,13:55:01,4.52,0.0,1,452,买盘
2152,13:55:07,4.51,-0.01,2,903,卖盘
2153,13:55:10,4.51,0.0,151,68101,卖盘
2154,13:55:16,4.51,0.0,110,49610,卖盘
2155,13:55:21,4.51,0.0,4,1804,卖盘
2156,13:55:27,4.51,0.0,11,4961,卖盘
2157,13:55:34,4.51,0.0,20,9020,卖盘
2158,13:55:37,4.52,0.01,3,1356,买盘
2159,13:55:48,4.51,-0.01,2,902,卖盘
2160,13:56:06,4.51,0.0,16,7216,卖盘
2161,13:56:19,4.51,0.0,110,49610,卖盘
2162,13:56:27,4.51,0.0,2,902,卖盘
2163,13:56:42,4.51,0.0,158,71258,卖盘
2164,13:56:49,4.51,0.0,117,52767,卖盘
2165,13:56:55,4.51,0.0,24,10824,卖盘
2166,13:56:58,4.51,0.0,1,451,卖盘
2167,13:57:07,4.51,0.0,46,20746,卖盘
2168,13:57:10,4.52,0.01,20,9040,买盘
2169,13:57:13,4.52,0.0,18,8136,买盘
2170,13:57:19,4.52,0.0,34,15368,买盘
2171,13:57:22,4.51,-0.01,110,49610,卖盘
2172,13:57:28,4.52,0.01,122,55028,买盘
2173,13:57:37,4.51,-0.01,6,2706,卖盘
2174,13:57:40,4.51,0.0,20,9020,卖盘
2175,13:57:48,4.51,0.0,1,451,卖盘
2176,13:57:51,4.51,0.0,50,22550,卖盘
2177,13:58:07,4.51,0.0,2,902,卖盘
2178,13:58:13,4.52,0.01,1,452,买盘
2179,13:58:18,4.52,0.0,22,9924,买盘
2180,13:58:21,4.51,-0.01,82,36982,卖盘
2181,13:58:25,4.51,0.0,10,4510,卖盘
2182,13:58:27,4.51,0.0,1,451,卖盘
2183,13:58:48,4.51,0.0,1,451,卖盘
2184,13:58:51,4.51,0.0,20,9020,卖盘
2185,13:59:04,4.51,0.0,201,90652,卖盘
2186,13:59:07,4.51,0.0,46,20746,卖盘
2187,13:59:16,4.51,0.0,5,2255,卖盘
2188,13:59:21,4.52,0.01,46,20792,买盘
2189,13:59:27,4.51,-0.01,110,49610,卖盘
2190,13:59:40,4.51,0.0,98,44198,卖盘
2191,13:59:49,4.51,0.0,2,902,卖盘
2192,13:59:52,4.51,0.0,42,18942,卖盘
2193,14:00:04,4.51,0.0,12,5412,卖盘
2194,14:00:06,4.51,0.0,1,451,卖盘
2195,14:00:13,4.51,0.0,60,27060,卖盘
2196,14:00:16,4.52,0.01,1,452,买盘
2197,14:00:19,4.51,-0.01,278,125378,卖盘
2198,14:00:21,4.51,0.0,10,4510,卖盘
2199,14:00:28,4.51,0.0,66,29766,卖盘
2200,14:00:33,4.5,-0.01,340,153205,卖盘
2201,14:00:49,4.5,0.0,41,18489,卖盘
2202,14:00:58,4.5,0.0,7,3150,卖盘
2203,14:01:04,4.5,0.0,112,50400,卖盘
2204,14:01:07,4.5,0.0,9,4050,卖盘
2205,14:01:16,4.51,0.01,301,135626,买盘
2206,14:01:22,4.5,-0.01,176,79200,卖盘
2207,14:01:28,4.5,0.0,2,900,卖盘
2208,14:01:49,4.5,0.0,1,450,卖盘
2209,14:02:07,4.5,0.0,2,900,卖盘
2210,14:02:22,4.51,0.01,9,4059,买盘
2211,14:02:28,4.5,-0.01,2,900,卖盘
2212,14:02:39,4.5,0.0,6,2700,卖盘
2213,14:02:49,4.5,0.0,1,450,卖盘
2214,14:03:00,4.5,0.0,379,170675,卖盘
2215,14:03:06,4.5,0.0,173,77850,卖盘
2216,14:03:10,4.51,0.01,1,451,买盘
2217,14:03:13,4.51,0.0,79,35629,买盘
2218,14:03:16,4.51,0.0,1,451,卖盘
2219,14:03:19,4.51,0.0,13,5863,卖盘
2220,14:03:22,4.51,0.0,70,31570,卖盘
2221,14:03:27,4.5,-0.01,1,450,卖盘
2222,14:03:37,4.5,0.0,72,32400,卖盘
2223,14:03:43,4.51,0.01,187,84337,买盘
2224,14:03:49,4.5,-0.01,103,46416,卖盘
2225,14:03:55,4.5,0.0,72,32400,卖盘
2226,14:03:58,4.5,0.0,20,9000,买盘
2227,14:04:01,4.5,0.0,32,14400,买盘
2228,14:04:07,4.5,0.0,2,900,卖盘
2229,14:04:13,4.5,0.0,1,450,卖盘
2230,14:04:18,4.5,0.0,48,21600,卖盘
2231,14:04:22,4.5,0.0,1,450,卖盘
2232,14:04:25,4.5,0.0,50,22500,卖盘
2233,14:04:28,4.5,0.0,1,450,卖盘
2234,14:04:42,4.51,0.01,8,3608,买盘
2235,14:04:49,4.5,-0.01,2,900,卖盘
2236,14:04:52,4.51,0.01,474,213774,买盘
2237,14:04:58,4.51,0.0,250,112750,卖盘
2238,14:05:04,4.52,0.01,283,127916,买盘
2239,14:05:07,4.51,-0.01,1,451,卖盘
2240,14:05:13,4.51,0.0,324,146124,卖盘
2241,14:05:16,4.52,0.01,315,142379,买盘
2242,14:05:28,4.5,-0.02,1,450,卖盘
2243,14:05:31,4.5,0.0,50,22500,卖盘
2244,14:05:34,4.5,0.0,468,210600,卖盘
2245,14:05:42,4.5,0.0,17,7650,卖盘
2246,14:05:48,4.5,0.0,2,900,卖盘
2247,14:05:52,4.5,0.0,121,54450,卖盘
2248,14:06:04,4.51,0.01,5,2255,买盘
2249,14:06:07,4.5,-0.01,1,450,卖盘
2250,14:06:10,4.51,0.01,52,23452,买盘
2251,14:06:13,4.5,-0.01,1,450,卖盘
2252,14:06:16,4.51,0.01,10,4510,买盘
2253,14:06:22,4.51,0.0,32,14432,买盘
2254,14:06:28,4.5,-0.01,2,900,卖盘
2255,14:06:31,4.51,0.01,49,22099,买盘
2256,14:06:34,4.51,0.0,14,6314,买盘
2257,14:06:49,4.5,-0.01,1,450,卖盘
2258,14:06:55,4.51,0.01,8,3608,买盘
2259,14:07:07,4.51,0.0,53,23902,买盘
2260,14:07:13,4.51,0.0,52,23451,买盘
2261,14:07:16,4.51,0.0,81,36531,买盘
2262,14:07:19,4.5,-0.01,129,58050,卖盘
2263,14:07:22,4.51,0.01,14,6314,买盘
2264,14:07:25,4.51,0.0,39,17589,买盘
2265,14:07:28,4.5,-0.01,15,6763,卖盘
2266,14:07:31,4.51,0.01,889,400939,买盘
2267,14:07:37,4.51,0.0,461,207911,卖盘
2268,14:07:49,4.51,0.0,1,451,卖盘
2269,14:07:58,4.52,0.01,5,2260,买盘
2270,14:08:07,4.51,-0.01,160,72160,卖盘
2271,14:08:12,4.51,0.0,1,451,卖盘
2272,14:08:28,4.51,0.0,1,451,卖盘
2273,14:08:31,4.51,0.0,123,55473,卖盘
2274,14:08:37,4.52,0.01,1,452,买盘
2275,14:08:46,4.52,0.0,1,452,买盘
2276,14:08:49,4.51,-0.01,28,12635,卖盘
2277,14:08:55,4.51,0.0,110,49610,卖盘
2278,14:08:58,4.52,0.01,1,452,买盘
2279,14:09:07,4.51,-0.01,2,902,卖盘
2280,14:09:13,4.51,0.0,8,3615,卖盘
2281,14:09:19,4.51,0.0,61,27511,卖盘
2282,14:09:28,4.51,0.0,51,23001,卖盘
2283,14:09:31,4.51,0.0,50,22550,卖盘
2284,14:09:37,4.51,0.0,85,38335,卖盘
2285,14:09:49,4.51,0.0,2,902,卖盘
2286,14:09:52,4.51,0.0,5,2255,卖盘
2287,14:09:58,4.51,0.0,32,14432,卖盘
2288,14:10:07,4.51,0.0,1,451,卖盘
2289,14:10:13,4.51,0.0,35,15785,卖盘
2290,14:10:22,4.51,0.0,36,16236,卖盘
2291,14:10:28,4.51,0.0,1,451,卖盘
2292,14:10:37,4.52,0.01,39,17628,买盘
2293,14:10:48,4.51,-0.01,2,902,卖盘
2294,14:10:55,4.51,0.0,10,4510,卖盘
2295,14:11:07,4.51,0.0,23,10373,卖盘
2296,14:11:25,4.52,0.01,100,45200,买盘
2297,14:11:28,4.51,-0.01,2,902,卖盘
2298,14:11:34,4.52,0.01,50,22600,买盘
2299,14:11:40,4.51,-0.01,5,2255,卖盘
2300,14:11:49,4.51,0.0,1,451,卖盘
2301,14:12:07,4.51,0.0,1,451,卖盘
2302,14:12:12,4.52,0.01,57,25714,买盘
2303,14:12:25,4.52,0.0,37,16724,买盘
2304,14:12:28,4.51,-0.01,2,902,卖盘
2305,14:12:31,4.51,0.0,109,49159,卖盘
2306,14:12:37,4.51,0.0,1,451,卖盘
2307,14:12:40,4.52,0.01,40,18080,买盘
2308,14:12:43,4.52,0.0,51,23052,买盘
2309,14:12:49,4.51,-0.01,1,451,卖盘
2310,14:12:51,4.51,0.0,20,9020,卖盘
2311,14:12:55,4.51,0.0,50,22550,卖盘
2312,14:13:01,4.52,0.01,10,4520,买盘
2313,14:13:07,4.51,-0.01,2,902,卖盘
2314,14:13:16,4.52,0.01,150,67800,买盘
2315,14:13:22,4.51,-0.01,127,57277,卖盘
2316,14:13:25,4.52,0.01,1,452,买盘
2317,14:13:28,4.51,-0.01,1,451,卖盘
2318,14:13:43,4.52,0.01,50,22600,买盘
2319,14:13:45,4.52,0.0,271,122492,买盘
2320,14:13:49,4.51,-0.01,1,451,卖盘
2321,14:13:51,4.51,0.0,170,76670,卖盘
2322,14:13:57,4.52,0.01,299,135148,买盘
2323,14:14:04,4.51,-0.01,137,61787,卖盘
2324,14:14:07,4.51,0.0,2,902,卖盘
2325,14:14:28,4.52,0.01,51,23051,买盘
2326,14:14:31,4.51,-0.01,2,902,卖盘
2327,14:14:33,4.53,0.02,793,358714,买盘
2328,14:14:40,4.52,-0.01,224,101280,卖盘
2329,14:14:49,4.53,0.01,41,18571,买盘
2330,14:14:52,4.52,-0.01,14,6328,卖盘
2331,14:14:58,4.53,0.01,47,21276,买盘
2332,14:15:07,4.52,-0.01,1,452,卖盘
2333,14:15:19,4.53,0.01,217,98301,买盘
2334,14:15:25,4.52,-0.01,131,59212,卖盘
2335,14:15:27,4.52,0.0,56,25367,卖盘
2336,14:15:33,4.53,0.01,10,4530,买盘
2337,14:15:37,4.52,-0.01,34,15368,卖盘
2338,14:15:46,4.52,0.0,136,61475,卖盘
2339,14:15:49,4.52,0.0,2,904,卖盘
2340,14:15:58,4.53,0.01,163,73839,买盘
2341,14:16:00,4.53,0.0,50,22650,买盘
2342,14:16:06,4.52,-0.01,1,452,卖盘
2343,14:16:18,4.52,0.0,112,50624,卖盘
2344,14:16:24,4.52,0.0,1,452,卖盘
2345,14:16:28,4.52,0.0,117,52884,卖盘
2346,14:16:40,4.52,0.0,86,38872,卖盘
2347,14:16:43,4.53,0.01,39,17667,买盘
2348,14:16:46,4.52,-0.01,22,9944,卖盘
2349,14:16:49,4.52,0.0,1,452,卖盘
2350,14:16:55,4.52,0.0,117,52884,卖盘
2351,14:16:58,4.52,0.0,11,4972,卖盘
2352,14:17:04,4.53,0.01,8,3623,买盘
2353,14:17:07,4.52,-0.01,50,22600,卖盘
2354,14:17:09,4.53,0.01,15,6795,买盘
2355,14:17:19,4.52,-0.01,34,15400,卖盘
2356,14:17:25,4.52,0.0,10,4520,卖盘
2357,14:17:28,4.52,0.0,2,904,卖盘
2358,14:17:31,4.53,0.01,45,20385,买盘
2359,14:17:34,4.52,-0.01,66,29839,卖盘
2360,14:17:43,4.52,0.0,1,452,卖盘
2361,14:17:49,4.52,0.0,1,452,卖盘
2362,14:17:52,4.52,0.0,79,35708,卖盘
2363,14:17:55,4.53,0.01,89,40317,买盘
2364,14:18:07,4.52,-0.01,2,904,卖盘
2365,14:18:10,4.53,0.01,7,3171,买盘
2366,14:18:16,4.53,0.0,18,8154,买盘
2367,14:18:19,4.53,0.0,46,20838,买盘
2368,14:18:24,4.53,0.0,8,3623,买盘
2369,14:18:28,4.53,0.0,21,9512,买盘
2370,14:18:31,4.53,0.0,8,3624,买盘
2371,14:18:33,4.53,0.0,7,3171,买盘
2372,14:18:37,4.53,0.0,117,52914,买盘
2373,14:18:40,4.53,0.0,57,25821,买盘
2374,14:18:43,4.53,0.0,46,20838,买盘
2375,14:18:45,4.53,0.0,94,42582,买盘
2376,14:18:49,4.54,0.01,2046,926862,买盘
2377,14:18:52,4.53,-0.01,38,17251,卖盘
2378,14:18:55,4.54,0.01,31,14074,买盘
2379,14:18:58,4.53,-0.01,58,26322,卖盘
2380,14:19:01,4.54,0.01,7,3178,买盘
2381,14:19:04,4.54,0.0,7,3178,买盘
2382,14:19:07,4.53,-0.01,121,54932,卖盘
2383,14:19:10,4.54,0.01,14,6356,买盘
2384,14:19:12,4.53,-0.01,104,47112,卖盘
2385,14:19:19,4.54,0.01,73,33142,买盘
2386,14:19:25,4.54,0.0,1,454,买盘
2387,14:19:28,4.54,0.0,8,3631,买盘
2388,14:19:31,4.54,0.0,7,3178,买盘
2389,14:19:34,4.54,0.0,49,22246,买盘
2390,14:19:40,4.54,0.0,106,48124,买盘
2391,14:19:42,4.54,0.0,66,29964,买盘
2392,14:19:46,4.54,0.0,38,17252,买盘
2393,14:19:49,4.53,-0.01,103,46659,卖盘
2394,14:20:04,4.54,0.01,97,44038,买盘
2395,14:20:07,4.53,-0.01,1,453,卖盘
2396,14:20:10,4.53,0.0,100,45300,卖盘
2397,14:20:16,4.54,0.01,471,213834,买盘
2398,14:20:19,4.54,0.0,10,4540,买盘
2399,14:20:21,4.54,0.0,50,22700,买盘
2400,14:20:25,4.53,-0.01,104,47112,卖盘
2401,14:20:27,4.53,0.0,51,23103,卖盘
2402,14:20:30,4.53,0.0,50,22650,卖盘
2403,14:20:34,4.53,0.0,174,78829,卖盘
2404,14:20:37,4.53,0.0,37,16761,卖盘
2405,14:20:40,4.53,0.0,62,28116,卖盘
2406,14:20:43,4.54,0.01,83,37638,买盘
2407,14:20:46,4.53,-0.01,60,27180,卖盘
2408,14:20:49,4.53,0.0,2,906,卖盘
2409,14:20:52,4.53,0.0,67,30351,卖盘
2410,14:21:00,4.53,0.0,104,47112,卖盘
2411,14:21:04,4.54,0.01,41,18614,买盘
2412,14:21:07,4.54,0.0,2296,1041364,买盘
2413,14:21:13,4.54,0.0,164,74456,卖盘
2414,14:21:22,4.55,0.01,90,40950,买盘
2415,14:21:28,4.54,-0.01,70,31802,卖盘
2416,14:21:34,4.54,0.0,84,38136,卖盘
2417,14:21:37,4.54,0.0,111,50290,买盘
2418,14:21:40,4.54,0.0,288,130752,买盘
2419,14:21:43,4.54,0.0,36,16344,买盘
2420,14:21:46,4.54,0.0,8,3632,买盘
2421,14:21:49,4.53,-0.01,1,453,卖盘
2422,14:21:54,4.54,0.01,58,26332,买盘
2423,14:22:07,4.53,-0.01,1,453,卖盘
2424,14:22:13,4.53,0.0,103,46659,卖盘
2425,14:22:28,4.53,0.0,2,906,卖盘
2426,14:22:37,4.54,0.01,1094,495680,买盘
2427,14:22:49,4.53,-0.01,105,47565,卖盘
2428,14:22:55,4.53,0.0,22,9973,卖盘
2429,14:22:58,4.52,-0.01,143,64683,卖盘
2430,14:23:04,4.53,0.01,8,3624,中性盘
2431,14:23:07,4.53,0.0,102,46206,卖盘
2432,14:23:13,4.53,0.0,68,30804,卖盘
2433,14:23:19,4.53,0.0,2,906,买盘
2434,14:23:21,4.53,0.0,1,453,卖盘
2435,14:23:25,4.53,0.0,104,47112,卖盘
2436,14:23:28,4.53,0.0,136,61608,卖盘
2437,14:23:31,4.53,0.0,50,22650,卖盘
2438,14:23:37,4.54,0.01,107,48478,买盘
2439,14:23:43,4.53,-0.01,43,19479,卖盘
2440,14:23:49,4.53,0.0,1,453,卖盘
2441,14:24:01,4.52,-0.01,154,69731,卖盘
2442,14:24:07,4.52,0.0,11,4979,卖盘
2443,14:24:10,4.53,0.01,10,4530,买盘
2444,14:24:19,4.53,0.0,202,91506,买盘
2445,14:24:28,4.53,0.0,31,14042,买盘
2446,14:24:31,4.53,0.0,163,73839,买盘
2447,14:24:37,4.53,0.0,104,47112,卖盘
2448,14:24:46,4.53,0.0,18,8154,卖盘
2449,14:24:49,4.53,0.0,28,12684,卖盘
2450,14:24:52,4.53,0.0,5,2265,卖盘
2451,14:24:57,4.54,0.01,32,14528,买盘
2452,14:25:07,4.53,-0.01,1,453,卖盘
2453,14:25:13,4.53,0.0,104,47112,卖盘
2454,14:25:21,4.53,0.0,280,126840,卖盘
2455,14:25:24,4.53,0.0,25,11325,买盘
2456,14:25:28,4.52,-0.01,1,452,卖盘
2457,14:25:34,4.53,0.01,100,45300,买盘
2458,14:25:49,4.52,-0.01,106,47912,卖盘
2459,14:26:01,4.52,0.0,40,18080,卖盘
2460,14:26:06,4.52,0.0,1,452,卖盘
2461,14:26:13,4.53,0.01,20,9060,买盘
2462,14:26:19,4.52,-0.01,100,45200,卖盘
2463,14:26:25,4.52,0.0,106,47914,卖盘
2464,14:26:28,4.52,0.0,2,904,卖盘
2465,14:26:48,4.52,0.0,1,452,卖盘
2466,14:27:07,4.52,0.0,160,72352,卖盘
2467,14:27:16,4.53,0.01,74,33522,买盘
2468,14:27:19,4.53,0.0,84,38050,买盘
2469,14:27:22,4.53,0.0,49,22197,买盘
2470,14:27:25,4.53,0.0,32,14496,买盘
2471,14:27:28,4.53,0.0,134,60700,买盘
2472,14:27:31,4.53,0.0,52,23556,买盘
2473,14:27:34,4.53,0.0,79,35787,买盘
2474,14:27:37,4.53,0.0,244,110532,买盘
2475,14:27:40,4.53,0.0,200,90600,买盘
2476,14:27:43,4.53,0.0,126,56974,买盘
2477,14:27:46,4.54,0.01,177,80159,买盘
2478,14:27:49,4.52,-0.02,1,452,卖盘
2479,14:27:52,4.54,0.02,23,10442,买盘
2480,14:27:57,4.54,0.0,7,3178,买盘
2481,14:28:07,4.53,-0.01,34,15434,卖盘
2482,14:28:10,4.54,0.01,5,2270,买盘
2483,14:28:13,4.53,-0.01,32,14496,卖盘
2484,14:28:16,4.54,0.01,18,8172,买盘
2485,14:28:19,4.53,-0.01,136,61608,卖盘
2486,14:28:25,4.53,0.0,9,4084,卖盘
2487,14:28:28,4.54,0.01,903,409956,买盘
2488,14:28:31,4.53,-0.01,5,2265,卖盘
2489,14:28:34,4.54,0.01,100,45400,买盘
2490,14:28:37,4.54,0.0,1,454,买盘
2491,14:28:49,4.53,-0.01,1,453,卖盘
2492,14:28:52,4.53,0.0,5,2265,卖盘
2493,14:28:54,4.54,0.01,216,97960,买盘
2494,14:29:07,4.53,-0.01,133,60380,卖盘
2495,14:29:10,4.53,0.0,18,8154,卖盘
2496,14:29:13,4.54,0.01,310,140740,买盘
2497,14:29:16,4.54,0.0,50,22700,买盘
2498,14:29:19,4.53,-0.01,1,453,卖盘
2499,14:29:28,4.53,0.0,1,453,卖盘
2500,14:29:31,4.53,0.0,104,47112,卖盘
2501,14:29:34,4.54,0.01,32,14528,买盘
2502,14:29:40,4.54,0.0,22,9988,买盘
2503,14:29:43,4.54,0.0,32,14528,买盘
2504,14:29:46,4.54,0.0,7,3178,买盘
2505,14:29:49,4.53,-0.01,2,906,卖盘
2506,14:29:52,4.54,0.01,14,6356,买盘
2507,14:30:04,4.54,0.0,32,14528,买盘
2508,14:30:07,4.54,0.0,264,119855,买盘
2509,14:30:09,4.54,0.0,137,62083,买盘
2510,14:30:12,4.54,0.0,7,3178,买盘
2511,14:30:16,4.53,-0.01,135,61162,卖盘
2512,14:30:21,4.53,0.0,78,35407,卖盘
2513,14:30:25,4.53,0.0,93,42129,卖盘
2514,14:30:28,4.54,0.01,235,106689,买盘
2515,14:30:31,4.54,0.0,258,117132,买盘
2516,14:30:34,4.54,0.0,677,307358,买盘
2517,14:30:40,4.53,-0.01,127,57622,卖盘
2518,14:30:43,4.54,0.01,10,4540,中性盘
2519,14:30:46,4.53,-0.01,102,46305,卖盘
2520,14:30:49,4.54,0.01,2,908,卖盘
2521,14:30:52,4.53,-0.01,15,6806,卖盘
2522,14:30:55,4.55,0.02,110,50000,买盘
2523,14:30:58,4.55,0.0,1,455,买盘
2524,14:31:01,4.54,-0.01,101,45861,卖盘
2525,14:31:07,4.54,0.0,15,6817,卖盘
2526,14:31:13,4.54,0.0,28,12712,卖盘
2527,14:31:16,4.53,-0.01,130,58890,卖盘
2528,14:31:19,4.54,0.01,10,4540,买盘
2529,14:31:22,4.54,0.0,203,92059,买盘
2530,14:31:28,4.53,-0.01,2,906,卖盘
2531,14:31:49,4.53,0.0,1,453,卖盘
2532,14:31:58,4.53,0.0,149,67497,卖盘
2533,14:32:07,4.53,0.0,9,4077,卖盘
2534,14:32:15,4.53,0.0,10,4530,卖盘
2535,14:32:19,4.53,0.0,34,15416,卖盘
2536,14:32:25,4.53,0.0,15,6795,卖盘
2537,14:32:28,4.53,0.0,2,906,卖盘
2538,14:32:31,4.54,0.01,7,3178,买盘
2539,14:32:34,4.54,0.0,115,52109,买盘
2540,14:32:40,4.54,0.0,116,52664,买盘
2541,14:32:42,4.53,-0.01,243,110122,卖盘
2542,14:32:46,4.54,0.01,7,3178,买盘
2543,14:32:49,4.53,-0.01,1,453,卖盘
2544,14:32:52,4.54,0.01,12,5448,买盘
2545,14:33:01,4.53,-0.01,141,63894,卖盘
2546,14:33:04,4.54,0.01,14,6356,买盘
2547,14:33:07,4.53,-0.01,7,3171,卖盘
2548,14:33:09,4.53,0.0,106,48018,卖盘
2549,14:33:13,4.54,0.01,14,6356,买盘
2550,14:33:28,4.53,-0.01,1,453,卖盘
2551,14:33:43,4.54,0.01,3,1362,买盘
2552,14:33:46,4.53,-0.01,104,47112,卖盘
2553,14:33:49,4.54,0.01,28,12711,买盘
2554,14:33:54,4.54,0.0,65,29510,买盘
2555,14:33:58,4.54,0.0,30,13620,买盘
2556,14:34:06,4.53,-0.01,34,15434,卖盘
2557,14:34:13,4.53,0.0,172,78023,卖盘
2558,14:34:16,4.55,0.02,519,235626,买盘
2559,14:34:22,4.53,-0.02,104,47112,卖盘
2560,14:34:25,4.54,0.01,46,20884,买盘
2561,14:34:27,4.54,0.0,13,5902,买盘
2562,14:34:31,4.55,0.01,65,29575,买盘
2563,14:34:34,4.55,0.0,13,5915,买盘
2564,14:34:37,4.53,-0.02,57,25853,卖盘
2565,14:34:40,4.55,0.02,28,12740,买盘
2566,14:34:43,4.55,0.0,56,25480,买盘
2567,14:34:46,4.54,-0.01,8,3639,中性盘
2568,14:34:49,4.53,-0.01,23,10461,卖盘
2569,14:34:52,4.54,0.01,32,14535,中性盘
2570,14:34:55,4.53,-0.01,28,12704,卖盘
2571,14:34:58,4.53,0.0,114,51651,卖盘
2572,14:35:01,4.54,0.01,20,9080,中性盘
2573,14:35:04,4.54,0.0,30,13620,卖盘
2574,14:35:07,4.53,-0.01,6,2723,卖盘
2575,14:35:09,4.55,0.02,29,13181,买盘
2576,14:35:16,4.54,-0.01,20,9080,卖盘
2577,14:35:19,4.55,0.01,15,6825,买盘
2578,14:35:22,4.55,0.0,14,6370,买盘
2579,14:35:25,4.54,-0.01,126,57230,卖盘
2580,14:35:28,4.54,0.0,60,27299,卖盘
2581,14:35:31,4.54,0.0,24,10896,卖盘
2582,14:35:34,4.54,0.0,101,45854,卖盘
2583,14:35:37,4.55,0.01,22,10010,买盘
2584,14:35:43,4.54,-0.01,1,454,卖盘
2585,14:35:46,4.55,0.01,14,6370,买盘
2586,14:35:49,4.54,-0.01,2,908,卖盘
2587,14:35:58,4.55,0.01,5,2275,买盘
2588,14:36:01,4.54,-0.01,2,908,卖盘
2589,14:36:07,4.54,0.0,8,3632,卖盘
2590,14:36:10,4.54,0.0,539,245213,卖盘
2591,14:36:13,4.54,0.0,113,51302,卖盘
2592,14:36:21,4.54,0.0,60,27240,卖盘
2593,14:36:24,4.54,0.0,85,38670,卖盘
2594,14:36:28,4.54,0.0,2,908,卖盘
2595,14:36:31,4.54,0.0,64,29056,卖盘
2596,14:36:40,4.54,0.0,27,12258,卖盘
2597,14:36:43,4.54,0.0,2,908,卖盘
2598,14:36:46,4.55,0.01,19,8636,买盘
2599,14:36:49,4.54,-0.01,105,47670,卖盘
2600,14:36:52,4.54,0.0,36,16344,卖盘
2601,14:37:04,4.54,0.0,584,265136,卖盘
2602,14:37:07,4.54,0.0,8,3632,卖盘
2603,14:37:10,4.54,0.0,20,9080,卖盘
2604,14:37:13,4.54,0.0,206,93531,卖盘
2605,14:37:16,4.54,0.0,15,6810,卖盘
2606,14:37:19,4.55,0.01,3,1365,买盘
2607,14:37:24,4.54,-0.01,103,46762,卖盘
2608,14:37:27,4.54,0.0,2,908,卖盘
2609,14:37:31,4.54,0.0,129,58566,卖盘
2610,14:37:34,4.54,0.0,51,23190,卖盘
2611,14:37:40,4.54,0.0,10,4540,卖盘
2612,14:37:43,4.54,0.0,10,4540,卖盘
2613,14:37:46,4.54,0.0,31,14096,卖盘
2614,14:37:49,4.54,0.0,69,31326,卖盘
2615,14:37:52,4.54,0.0,50,22700,卖盘
2616,14:37:58,4.54,0.0,101,45854,卖盘
2617,14:38:01,4.55,0.01,2041,928655,买盘
2618,14:38:04,4.54,-0.01,14,6357,卖盘
2619,14:38:07,4.54,0.0,10,4540,卖盘
2620,14:38:16,4.55,0.01,1009,459086,买盘
2621,14:38:18,4.55,0.0,24,10910,买盘
2622,14:38:25,4.55,0.0,14,6370,买盘
2623,14:38:28,4.54,-0.01,15,6810,卖盘
2624,14:38:34,4.54,0.0,102,46308,卖盘
2625,14:38:49,4.54,0.0,1,454,卖盘
2626,14:38:55,4.54,0.0,510,232040,卖盘
2627,14:38:58,4.55,0.01,25,11375,买盘
2628,14:39:07,4.54,-0.01,2,908,卖盘
2629,14:39:10,4.55,0.01,30,13650,买盘
2630,14:39:13,4.54,-0.01,109,49486,卖盘
2631,14:39:15,4.54,0.0,5,2270,卖盘
2632,14:39:24,4.54,0.0,3,1362,卖盘
2633,14:39:28,4.54,0.0,1,454,卖盘
2634,14:39:31,4.54,0.0,7,3178,卖盘
2635,14:39:40,4.55,0.01,3,1365,买盘
2636,14:39:43,4.54,-0.01,90,40860,卖盘
2637,14:39:49,4.54,0.0,106,48124,卖盘
2638,14:39:52,4.54,0.0,114,51756,卖盘
2639,14:39:57,4.54,0.0,10,4540,卖盘
2640,14:40:07,4.54,0.0,17,7718,卖盘
2641,14:40:09,4.55,0.01,34,15446,买盘
2642,14:40:24,4.55,0.0,113,51311,买盘
2643,14:40:27,4.54,-0.01,1,454,卖盘
2644,14:40:31,4.54,0.0,128,58112,卖盘
2645,14:40:36,4.54,0.0,2,908,卖盘
2646,14:40:49,4.55,0.01,511,232503,买盘
2647,14:40:52,4.55,0.0,16,7280,买盘
2648,14:40:55,4.55,0.0,105,47770,买盘
2649,14:40:58,4.54,-0.01,258,117246,卖盘
2650,14:41:01,4.55,0.01,31,14090,买盘
2651,14:41:04,4.54,-0.01,20,9080,卖盘
2652,14:41:07,4.54,0.0,17,7734,卖盘
2653,14:41:13,4.55,0.01,917,417235,买盘
2654,14:41:16,4.54,-0.01,8,3632,卖盘
2655,14:41:25,4.54,0.0,1000,454000,卖盘
2656,14:41:28,4.55,0.01,16,7278,买盘
2657,14:41:31,4.55,0.0,20,9100,买盘
2658,14:41:34,4.54,-0.01,101,45854,卖盘
2659,14:41:40,4.54,0.0,78,35487,卖盘
2660,14:41:43,4.55,0.01,20,9100,买盘
2661,14:41:46,4.54,-0.01,25,11350,卖盘
2662,14:41:49,4.54,0.0,2,908,卖盘
2663,14:41:58,4.55,0.01,22,10010,买盘
2664,14:42:04,4.55,0.0,29,13181,买盘
2665,14:42:07,4.54,-0.01,1,454,卖盘
2666,14:42:10,4.55,0.01,112,50855,买盘
2667,14:42:13,4.54,-0.01,50,22700,卖盘
2668,14:42:16,4.54,0.0,50,22700,卖盘
2669,14:42:18,4.54,0.0,7,3183,卖盘
2670,14:42:22,4.54,0.0,6,2724,卖盘
2671,14:42:25,4.54,0.0,2,908,卖盘
2672,14:42:28,4.54,0.0,128,58119,卖盘
2673,14:42:34,4.54,0.0,4,1816,卖盘
2674,14:42:40,4.54,0.0,1,454,卖盘
2675,14:42:43,4.55,0.01,14,6370,买盘
2676,14:42:46,4.54,-0.01,206,93524,卖盘
2677,14:42:49,4.54,0.0,494,224769,卖盘
2678,14:42:52,4.54,0.0,34,15436,卖盘
2679,14:42:54,4.54,0.0,9,4086,卖盘
2680,14:42:58,4.54,0.0,54,24566,卖盘
2681,14:43:01,4.54,0.0,32,14528,卖盘
2682,14:43:04,4.54,0.0,11,4994,卖盘
2683,14:43:07,4.54,0.0,9,4086,卖盘
2684,14:43:10,4.54,0.0,150,68100,卖盘
2685,14:43:16,4.54,0.0,40,18160,卖盘
2686,14:43:22,4.54,0.0,206,93524,卖盘
2687,14:43:25,4.54,0.0,7,3178,卖盘
2688,14:43:28,4.54,0.0,1,454,卖盘
2689,14:43:31,4.54,0.0,211,95794,卖盘
2690,14:43:34,4.54,0.0,25,11350,卖盘
2691,14:43:37,4.54,0.0,4,1816,卖盘
2692,14:43:40,4.54,0.0,63,28602,卖盘
2693,14:43:43,4.54,0.0,107,48578,卖盘
2694,14:43:46,4.54,0.0,190,86260,卖盘
2695,14:43:49,4.54,0.0,317,143918,卖盘
2696,14:43:52,4.54,0.0,243,110322,卖盘
2697,14:43:55,4.54,0.0,416,188864,卖盘
2698,14:43:58,4.54,0.0,151,68554,卖盘
2699,14:44:01,4.54,0.0,5,2270,卖盘
2700,14:44:04,4.53,-0.01,305,138165,卖盘
2701,14:44:07,4.53,0.0,22,9966,卖盘
2702,14:44:09,4.53,0.0,13,5889,卖盘
2703,14:44:16,4.53,0.0,129,58537,卖盘
2704,14:44:28,4.53,0.0,1,453,卖盘
2705,14:44:31,4.53,0.0,68,30804,卖盘
2706,14:44:34,4.53,0.0,107,48471,卖盘
2707,14:44:42,4.53,0.0,15,6795,卖盘
2708,14:44:46,4.53,0.0,134,60702,卖盘
2709,14:44:49,4.53,0.0,2,906,卖盘
2710,14:44:52,4.53,0.0,70,31710,卖盘
2711,14:44:58,4.54,0.01,10,4540,买盘
2712,14:45:04,4.54,0.0,14,6356,买盘
2713,14:45:10,4.54,0.0,159,72080,买盘
2714,14:45:13,4.53,-0.01,22,9973,卖盘
2715,14:45:16,4.54,0.01,111,50293,买盘
2716,14:45:19,4.53,-0.01,18,8168,卖盘
2717,14:45:22,4.53,0.0,8,3631,卖盘
2718,14:45:25,4.53,0.0,89,40324,卖盘
2719,14:45:28,4.53,0.0,1,453,卖盘
2720,14:45:31,4.54,0.01,75,34012,买盘
2721,14:45:34,4.54,0.0,15,6810,买盘
2722,14:45:37,4.53,-0.01,64,29013,卖盘
2723,14:45:40,4.54,0.01,21,9534,买盘
2724,14:45:43,4.54,0.0,68,30872,买盘
2725,14:45:46,4.54,0.0,1409,639582,买盘
2726,14:45:49,4.54,0.0,13,5892,中性盘
2727,14:45:52,4.55,0.01,15,6825,买盘
2728,14:45:55,4.54,-0.01,5,2270,卖盘
2729,14:46:01,4.54,0.0,46,20884,买盘
2730,14:46:04,4.54,0.0,11,4994,卖盘
2731,14:46:07,4.54,0.0,8,3632,卖盘
2732,14:46:10,4.55,0.01,8,3639,买盘
2733,14:46:19,4.54,-0.01,85,38600,卖盘
2734,14:46:22,4.55,0.01,118,53513,买盘
2735,14:46:25,4.53,-0.02,26,11827,卖盘
2736,14:46:28,4.53,0.0,17,7723,卖盘
2737,14:46:31,4.55,0.02,7,3185,买盘
2738,14:46:34,4.54,-0.01,11,4994,卖盘
2739,14:46:37,4.55,0.01,240,108981,买盘
2740,14:46:40,4.54,-0.01,213,96707,卖盘
2741,14:46:43,4.53,-0.01,8,3624,卖盘
2742,14:46:46,4.53,0.0,416,189257,卖盘
2743,14:46:49,4.54,0.01,1298,589291,买盘
2744,14:46:52,4.54,0.0,61,27687,卖盘
2745,14:46:55,4.54,0.0,57,25878,买盘
2746,14:46:58,4.55,0.01,357,162388,买盘
2747,14:47:10,4.55,0.0,31,14104,买盘
2748,14:47:13,4.54,-0.01,223,101242,卖盘
2749,14:47:16,4.55,0.01,61,27697,买盘
2750,14:47:25,4.54,-0.01,25,11350,卖盘
2751,14:47:28,4.54,0.0,2,908,卖盘
2752,14:47:34,4.54,0.0,4,1816,卖盘
2753,14:47:37,4.54,0.0,6,2724,卖盘
2754,14:47:40,4.55,0.01,94,42742,买盘
2755,14:47:43,4.54,-0.01,43,19522,卖盘
2756,14:47:49,4.54,0.0,1,454,卖盘
2757,14:48:04,4.54,0.0,10,4540,卖盘
2758,14:48:07,4.54,0.0,30,13620,卖盘
2759,14:48:10,4.54,0.0,20,9080,卖盘
2760,14:48:16,4.54,0.0,70,31780,卖盘
2761,14:48:19,4.54,0.0,2,908,卖盘
2762,14:48:22,4.54,0.0,23,10442,卖盘
2763,14:48:25,4.54,0.0,75,34050,卖盘
2764,14:48:28,4.54,0.0,401,182454,卖盘
2765,14:48:34,4.54,0.0,12,5448,卖盘
2766,14:48:37,4.55,0.01,8,3636,买盘
2767,14:48:40,4.54,-0.01,96,43584,卖盘
2768,14:48:46,4.55,0.01,20,9100,买盘
2769,14:48:49,4.54,-0.01,122,55406,卖盘
2770,14:49:04,4.55,0.01,190,86450,买盘
2771,14:49:07,4.54,-0.01,9,4086,卖盘
2772,14:49:10,4.55,0.01,152,69158,买盘
2773,14:49:28,4.54,-0.01,51,23154,卖盘
2774,14:49:31,4.55,0.01,29,13195,买盘
2775,14:49:34,4.54,-0.01,3,1362,卖盘
2776,14:49:43,4.54,0.0,79,35866,卖盘
2777,14:49:46,4.55,0.01,86,39051,买盘
2778,14:49:49,4.54,-0.01,1070,485816,卖盘
2779,14:50:01,4.54,0.0,1,454,买盘
2780,14:50:04,4.54,0.0,52,23608,买盘
2781,14:50:07,4.54,0.0,87,39498,卖盘
2782,14:50:10,4.54,0.0,33,14982,卖盘
2783,14:50:13,4.54,0.0,1,454,卖盘
2784,14:50:16,4.54,0.0,90,40860,卖盘
2785,14:50:19,4.55,0.01,185,84173,买盘
2786,14:50:22,4.54,-0.01,71,32241,卖盘
2787,14:50:25,4.55,0.01,109,49519,买盘
2788,14:50:34,4.55,0.0,55,24991,买盘
2789,14:50:40,4.55,0.0,9,4094,买盘
2790,14:50:49,4.55,0.0,242,110015,买盘
2791,14:50:52,4.55,0.0,1,455,买盘
2792,14:50:55,4.54,-0.01,42,19068,卖盘
2793,14:50:58,4.55,0.01,12,5453,买盘
2794,14:51:01,4.54,-0.01,1,454,卖盘
2795,14:51:04,4.55,0.01,153,69562,买盘
2796,14:51:07,4.54,-0.01,235,106725,卖盘
2797,14:51:10,4.54,0.0,472,214633,卖盘
2798,14:51:13,4.54,0.0,7,3178,卖盘
2799,14:51:16,4.55,0.01,1241,564620,买盘
2800,14:51:22,4.55,0.0,1,455,买盘
2801,14:51:28,4.55,0.0,37,16835,买盘
2802,14:51:31,4.55,0.0,108,49140,买盘
2803,14:51:34,4.55,0.0,31,14075,买盘
2804,14:51:37,4.55,0.0,18,8190,买盘
2805,14:51:40,4.55,0.0,474,215670,买盘
2806,14:51:43,4.55,0.0,121,55055,卖盘
2807,14:51:49,4.55,0.0,5,2275,卖盘
2808,14:51:52,4.55,0.0,150,68250,卖盘
2809,14:52:01,4.55,0.0,34,15470,卖盘
2810,14:52:04,4.55,0.0,45,20475,卖盘
2811,14:52:07,4.55,0.0,8,3640,买盘
2812,14:52:16,4.55,0.0,15,6825,买盘
2813,14:52:19,4.55,0.0,60,27300,买盘
2814,14:52:22,4.54,-0.01,11,4995,卖盘
2815,14:52:25,4.55,0.01,50,22750,买盘
2816,14:52:28,4.55,0.0,127,57785,买盘
2817,14:52:31,4.55,0.0,257,116935,买盘
2818,14:52:34,4.55,0.0,233,105947,卖盘
2819,14:52:37,4.55,0.0,5,2275,卖盘
2820,14:52:40,4.55,0.0,17,7735,卖盘
2821,14:52:43,4.55,0.0,86,39130,卖盘
2822,14:52:49,4.55,0.0,60,27300,卖盘
2823,14:52:52,4.55,0.0,48,21840,卖盘
2824,14:52:55,4.55,0.0,80,36400,卖盘
2825,14:52:58,4.55,0.0,35,15925,卖盘
2826,14:53:04,4.55,0.0,80,36405,卖盘
2827,14:53:07,4.55,0.0,231,105105,卖盘
2828,14:53:10,4.56,0.01,21,9576,买盘
2829,14:53:13,4.56,0.0,393,178917,买盘
2830,14:53:16,4.55,-0.01,225,102375,卖盘
2831,14:53:19,4.55,0.0,71,32305,卖盘
2832,14:53:22,4.55,0.0,54,24570,卖盘
2833,14:53:28,4.55,0.0,59,26845,卖盘
2834,14:53:31,4.56,0.01,10,4560,买盘
2835,14:53:34,4.55,-0.01,124,56420,卖盘
2836,14:53:37,4.56,0.01,104,47420,买盘
2837,14:53:40,4.56,0.0,9,4104,买盘
2838,14:53:43,4.55,-0.01,54,24570,卖盘
2839,14:53:46,4.55,0.0,100,45500,卖盘
2840,14:53:49,4.55,0.0,446,203230,卖盘
2841,14:53:52,4.55,0.0,69,31395,卖盘
2842,14:53:55,4.55,0.0,146,66430,卖盘
2843,14:53:58,4.55,0.0,50,22750,卖盘
2844,14:54:01,4.55,0.0,66,30030,卖盘
2845,14:54:04,4.55,0.0,60,27300,卖盘
2846,14:54:07,4.55,0.0,192,87360,卖盘
2847,14:54:10,4.55,0.0,11,5005,买盘
2848,14:54:16,4.55,0.0,17,7735,买盘
2849,14:54:19,4.55,0.0,10,4545,买盘
2850,14:54:22,4.55,0.0,1,455,买盘
2851,14:54:25,4.55,0.0,322,146210,买盘
2852,14:54:28,4.55,0.0,30,13650,买盘
2853,14:54:34,4.54,-0.01,69,31394,卖盘
2854,14:54:37,4.55,0.01,129,58695,买盘
2855,14:54:40,4.54,-0.01,337,152998,卖盘
2856,14:54:43,4.54,0.0,1,454,卖盘
2857,14:54:46,4.54,0.0,48,21792,卖盘
2858,14:54:49,4.55,0.01,81,36855,买盘
2859,14:54:52,4.55,0.0,29,13177,买盘
2860,14:55:04,4.55,0.0,519,236145,买盘
2861,14:55:07,4.55,0.0,36,16380,买盘
2862,14:55:10,4.55,0.0,30,13650,买盘
2863,14:55:13,4.55,0.0,109,49595,买盘
2864,14:55:16,4.55,0.0,44,20020,买盘
2865,14:55:19,4.54,-0.01,4,1817,卖盘
2866,14:55:22,4.54,0.0,210,95340,卖盘
2867,14:55:28,4.55,0.01,48,21834,买盘
2868,14:55:31,4.55,0.0,19,8645,买盘
2869,14:55:34,4.54,-0.01,45,20430,卖盘
2870,14:55:37,4.55,0.01,152,69160,买盘
2871,14:55:40,4.55,0.0,30,13650,买盘
2872,14:55:43,4.55,0.0,360,163800,买盘
2873,14:55:46,4.55,0.0,70,31850,买盘
2874,14:55:52,4.55,0.0,15,6825,买盘
2875,14:55:55,4.55,0.0,18,8190,买盘
2876,14:55:58,4.55,0.0,108,49139,买盘
2877,14:56:01,4.55,0.0,3,1365,卖盘
2878,14:56:04,4.55,0.0,30,13650,卖盘
2879,14:56:07,4.55,0.0,257,117157,卖盘
2880,14:56:10,4.55,0.0,100,45500,卖盘
2881,14:56:13,4.55,0.0,1043,473924,卖盘
