,time,price,change,volume,amount,type
0,09:25:04,10.08,-0.01,33,33264,卖盘
1,09:30:04,10.04,-0.04,12,12041,卖盘
2,09:30:07,10.05,0.01,1,1005,买盘
3,09:30:51,10.04,-0.01,8,8032,卖盘
4,09:30:57,10.04,0.0,9,9036,卖盘
5,09:31:06,10.04,0.0,7,7028,卖盘
6,09:31:25,10.02,-0.02,3,3006,卖盘
7,09:31:27,10.03,0.01,1,1003,买盘
8,09:31:33,10.03,0.0,7,7021,买盘
9,09:31:40,10.03,0.0,2,2006,买盘
10,09:32:04,10.03,0.0,2,2006,卖盘
11,09:32:16,10.03,0.0,1,1003,卖盘
12,09:32:22,10.03,0.0,2,2006,卖盘
13,09:32:25,10.03,0.0,2,2006,卖盘
14,09:32:27,10.03,0.0,1,1003,卖盘
15,09:32:33,10.03,0.0,6,6018,卖盘
16,09:32:37,10.03,0.0,9,9027,卖盘
17,09:32:40,10.03,0.0,21,21063,买盘
18,09:32:43,10.02,-0.01,3,3006,卖盘
19,09:32:45,10.03,0.01,5,5014,买盘
20,09:32:54,10.03,0.0,4,4012,买盘
21,09:33:01,10.03,0.0,30,30090,买盘
22,09:33:04,10.03,0.0,6,6018,买盘
23,09:33:09,10.03,0.0,3,3009,买盘
24,09:33:13,10.03,0.0,4,4009,买盘
25,09:33:19,10.03,0.0,3,3009,买盘
26,09:33:21,10.03,0.0,25,25075,买盘
27,09:33:25,10.03,0.0,30,30090,买盘
28,09:33:28,10.03,0.0,5,5015,买盘
29,09:33:30,10.03,0.0,3,3009,买盘
30,09:33:36,10.03,0.0,9,9027,买盘
31,09:33:42,10.03,0.0,28,28084,买盘
32,09:33:45,10.03,0.0,1,1003,买盘
33,09:33:49,10.03,0.0,4,4012,买盘
34,09:33:51,10.04,0.01,3,3012,买盘
35,09:34:01,10.03,-0.01,1,1003,卖盘
36,09:34:07,10.02,-0.01,22,22044,卖盘
37,09:34:33,10.01,-0.01,129,129157,卖盘
38,09:34:36,9.99,-0.02,41,40999,卖盘
39,09:34:40,10.0,0.01,3,2998,买盘
40,09:34:42,10.0,0.0,10,9994,买盘
41,09:34:48,10.0,0.0,3,3000,卖盘
42,09:34:57,10.0,0.0,3,3000,买盘
43,09:35:00,10.0,0.0,58,57950,卖盘
44,09:35:06,9.99,-0.01,44,43959,卖盘
45,09:35:12,10.0,0.01,1,1000,买盘
46,09:35:15,9.99,-0.01,1,999,中性盘
47,09:35:33,10.0,0.01,1,1000,买盘
48,09:35:40,10.0,0.0,1,1000,买盘
49,09:35:51,10.0,0.0,1,1000,买盘
50,09:35:54,10.0,0.0,1,1000,买盘
51,09:35:58,10.0,0.0,13,13000,买盘
52,09:36:01,10.01,0.01,1,1001,买盘
53,09:36:06,10.01,0.0,5,5005,买盘
54,09:36:15,10.0,-0.01,113,113000,卖盘
55,09:36:19,10.0,0.0,51,50999,买盘
56,09:36:21,10.0,0.0,5,5000,买盘
57,09:36:30,10.0,0.0,1,1000,买盘
58,09:36:33,10.0,0.0,1,1000,买盘
59,09:36:40,10.0,0.0,14,14000,买盘
60,09:37:01,10.0,0.0,10,10000,买盘
61,09:37:04,10.0,0.0,10,10000,买盘
62,09:37:09,10.0,0.0,21,20999,买盘
63,09:37:12,10.0,0.0,100,100000,买盘
64,09:37:15,10.0,0.0,50,50000,买盘
65,09:37:27,10.0,0.0,52,52000,买盘
66,09:37:33,10.0,0.0,10,10000,买盘
67,09:37:42,10.0,0.0,25,25000,买盘
68,09:37:48,10.0,0.0,5,5000,买盘
69,09:37:54,10.0,0.0,20,20000,买盘
70,09:38:00,9.99,-0.01,5,4995,卖盘
71,09:38:13,9.99,0.0,1,999,卖盘
72,09:38:33,10.0,0.01,8,7999,买盘
73,09:38:57,10.0,0.0,30,30000,买盘
74,09:39:03,10.0,0.0,200,200000,买盘
75,09:39:06,10.0,0.0,10,10000,买盘
76,09:39:12,9.99,-0.01,1,999,卖盘
77,09:39:42,10.0,0.01,3,3000,买盘
78,09:39:52,9.99,-0.01,1,999,卖盘
79,09:39:57,10.0,0.01,20,20000,买盘
80,09:40:01,10.0,0.0,8,8000,买盘
81,09:40:36,9.99,-0.01,1,999,卖盘
82,09:40:39,10.0,0.01,21,21000,买盘
83,09:40:52,10.0,0.0,400,400000,买盘
84,09:40:54,10.0,0.0,383,383000,买盘
85,09:40:57,10.0,0.0,52,52000,买盘
86,09:41:00,10.0,0.0,8,8000,买盘
87,09:41:04,10.0,0.0,120,120000,买盘
88,09:41:06,10.0,0.0,50,50000,买盘
89,09:41:09,10.0,0.0,80,80000,买盘
90,09:41:19,10.0,0.0,9,9000,卖盘
91,09:41:45,10.01,0.01,10,10010,买盘
92,09:41:48,10.0,-0.01,7,7000,卖盘
93,09:41:55,10.0,0.0,4,4000,卖盘
94,09:41:57,10.0,0.0,1,1000,卖盘
95,09:42:00,10.0,0.0,8,8000,卖盘
96,09:42:10,10.01,0.01,9,9009,买盘
97,09:42:13,10.01,0.0,3,3003,买盘
98,09:42:22,10.01,0.0,30,30030,买盘
99,09:42:25,10.01,0.0,1,1001,买盘
100,09:43:09,10.02,0.01,12,12024,买盘
101,09:43:18,10.02,0.0,9,9018,卖盘
102,09:43:27,10.02,0.0,44,44088,买盘
103,09:43:33,10.02,0.0,3,3006,买盘
104,09:43:42,10.02,0.0,2,2004,卖盘
105,09:43:51,10.03,0.01,8,8022,买盘
106,09:43:54,10.03,0.0,3,3009,卖盘
107,09:44:09,10.03,0.0,15,15045,卖盘
108,09:44:24,10.02,-0.01,2,2004,卖盘
109,09:45:09,10.03,0.01,18,18054,买盘
110,09:45:16,10.02,-0.01,28,28056,卖盘
111,09:45:24,10.03,0.01,16,16033,买盘
112,09:45:27,10.03,0.0,3,3009,卖盘
113,09:45:30,10.03,0.0,4,4012,卖盘
114,09:45:33,10.03,0.0,23,23069,卖盘
115,09:45:48,10.03,0.0,12,12036,买盘
116,09:45:51,10.03,0.0,2,2006,卖盘
117,09:45:54,10.03,0.0,2,2006,卖盘
118,09:45:57,10.03,0.0,2,2006,卖盘
119,09:46:00,10.03,0.0,31,31093,卖盘
120,09:46:15,10.04,0.01,9,9036,买盘
121,09:46:51,10.03,-0.01,1,1003,卖盘
122,09:46:54,10.03,0.0,4,4012,卖盘
123,09:46:57,10.04,0.01,11,11044,买盘
124,09:47:06,10.03,-0.01,9,9027,卖盘
125,09:47:18,10.03,0.0,1,1003,卖盘
126,09:47:51,10.03,0.0,4,4012,卖盘
127,09:48:09,10.03,0.0,2,2006,卖盘
128,09:48:30,10.04,0.01,1,1004,买盘
129,09:49:04,10.03,-0.01,1,1003,卖盘
130,09:49:09,10.03,0.0,43,43129,卖盘
131,09:49:15,10.03,0.0,3,3009,卖盘
132,09:49:30,10.04,0.01,1,1004,买盘
133,09:49:54,10.03,-0.01,1,1003,卖盘
134,09:50:09,10.04,0.01,7,7028,买盘
135,09:50:24,10.04,0.0,39,39156,卖盘
136,09:51:00,10.04,0.0,2,2008,买盘
137,09:51:24,10.04,0.0,73,73292,买盘
138,09:52:24,10.04,0.0,1,1004,买盘
139,09:52:39,10.04,0.0,9,9036,买盘
140,09:53:12,10.04,0.0,4,4016,卖盘
141,09:53:24,10.05,0.01,1,1005,买盘
142,09:54:18,10.04,-0.01,1,1004,卖盘
143,09:54:30,10.05,0.01,2,2010,买盘
144,09:55:54,10.05,0.0,16,16080,买盘
145,09:56:00,10.05,0.0,1,1005,买盘
146,09:56:06,10.05,0.0,2,2010,买盘
147,09:56:12,10.04,-0.01,7,7028,卖盘
148,09:56:18,10.06,0.02,100,100543,买盘
149,09:56:33,10.04,-0.02,8,8032,卖盘
150,09:56:36,10.04,0.0,42,42168,卖盘
151,09:56:51,10.05,0.01,7,7035,买盘
152,09:56:58,10.06,0.01,2,2012,买盘
153,09:57:09,10.06,0.0,2,2012,买盘
154,09:57:37,10.06,0.0,1,1006,买盘
155,09:58:10,10.05,-0.01,20,20100,卖盘
156,09:58:21,10.05,0.0,1,1005,卖盘
157,09:58:24,10.05,0.0,1,1005,卖盘
158,09:58:27,10.06,0.01,2,2011,买盘
159,09:58:30,10.05,-0.01,1,1005,卖盘
160,09:58:33,10.05,0.0,1,1005,卖盘
161,09:58:37,10.05,0.0,1,1005,卖盘
162,09:58:40,10.05,0.0,2,2010,卖盘
163,09:58:43,10.06,0.01,1,1006,买盘
164,09:58:45,10.05,-0.01,1,1005,卖盘
165,09:58:48,10.05,0.0,1,1005,卖盘
166,09:58:51,10.05,0.0,1,1005,卖盘
167,09:58:54,10.05,0.0,2,2010,卖盘
168,09:58:57,10.06,0.01,28,28167,买盘
169,09:59:13,10.08,0.02,150,151067,买盘
170,09:59:58,10.07,-0.01,10,10070,卖盘
171,10:00:09,10.08,0.01,2,2016,买盘
172,10:00:18,10.07,-0.01,48,48366,卖盘
173,10:00:45,10.06,-0.01,1,1006,卖盘
174,10:00:54,10.05,-0.01,1,1005,卖盘
175,10:01:27,10.05,0.0,8,8040,卖盘
176,10:01:52,10.09,0.04,98,98850,买盘
177,10:01:54,10.09,0.0,2,2018,卖盘
178,10:03:06,10.06,-0.03,3,3018,卖盘
179,10:04:00,10.06,0.0,1,1006,卖盘
180,10:04:09,10.07,0.01,1,1007,买盘
181,10:04:48,10.06,-0.01,3,3018,卖盘
182,10:05:04,10.09,0.03,150,151234,买盘
183,10:05:27,10.07,-0.02,9,9063,卖盘
184,10:05:33,10.09,0.02,8,8072,买盘
185,10:05:36,10.09,0.0,6,6054,买盘
186,10:05:42,10.09,0.0,1,1009,卖盘
187,10:06:06,10.09,0.0,5,5045,卖盘
188,10:06:18,10.07,-0.02,4,4029,卖盘
189,10:06:24,10.07,0.0,18,18126,卖盘
190,10:06:27,10.09,0.02,14,14115,买盘
191,10:06:57,10.09,0.0,1,1009,买盘
192,10:07:54,10.09,0.0,40,40360,买盘
193,10:07:57,10.1,0.01,4,4040,买盘
194,10:08:12,10.1,0.0,1,1010,买盘
195,10:08:27,10.1,0.0,20,20200,买盘
196,10:08:30,10.09,-0.01,6,6054,卖盘
197,10:08:54,10.09,0.0,5,5045,卖盘
198,10:09:10,10.08,-0.01,7,7056,卖盘
199,10:09:33,10.08,0.0,5,5040,卖盘
200,10:09:37,10.08,0.0,1,1008,卖盘
201,10:10:00,10.09,0.01,100,100900,买盘
202,10:10:03,10.09,0.0,1,1009,买盘
203,10:10:06,10.1,0.01,7,7070,买盘
204,10:10:09,10.1,0.0,19,19190,买盘
205,10:10:12,10.1,0.0,11,11110,买盘
206,10:10:16,10.1,0.0,3,3030,买盘
207,10:10:21,10.1,0.0,2,2020,买盘
208,10:10:24,10.1,0.0,4,4040,买盘
209,10:10:27,10.1,0.0,1,1010,买盘
210,10:10:49,10.1,0.0,4,4040,买盘
211,10:10:51,10.1,0.0,3,3030,买盘
212,10:10:54,10.1,0.0,3,3030,买盘
213,10:11:24,10.09,-0.01,22,22198,卖盘
214,10:11:27,10.09,0.0,1,1009,买盘
215,10:11:33,10.09,0.0,1,1009,买盘
216,10:11:39,10.09,0.0,4,4036,买盘
217,10:11:42,10.08,-0.01,1,1008,卖盘
218,10:11:54,10.09,0.01,10,10090,买盘
219,10:11:57,10.09,0.0,1,1009,买盘
220,10:12:39,10.08,-0.01,8,8064,卖盘
221,10:12:57,10.08,0.0,5,5040,卖盘
222,10:13:12,10.08,0.0,1,1008,卖盘
223,10:13:15,10.09,0.01,1,1009,买盘
224,10:13:30,10.08,-0.01,21,21168,卖盘
225,10:13:36,10.07,-0.01,1,1007,卖盘
226,10:13:39,10.08,0.01,4,4029,买盘
227,10:13:57,10.08,0.0,1,1008,买盘
228,10:14:00,10.1,0.02,51,51441,买盘
229,10:14:06,10.1,0.0,6,6060,买盘
230,10:15:21,10.09,-0.01,10,10090,买盘
231,10:16:24,10.08,-0.01,1,1008,卖盘
232,10:17:00,10.08,0.0,1,1008,卖盘
233,10:18:04,10.09,0.01,21,21189,买盘
234,10:18:21,10.08,-0.01,4,4032,卖盘
235,10:18:45,10.08,0.0,1,1008,卖盘
236,10:19:33,10.08,0.0,1,1008,卖盘
237,10:19:36,10.09,0.01,2,2018,买盘
238,10:19:42,10.09,0.0,1,1009,买盘
239,10:20:18,10.09,0.0,30,30270,买盘
240,10:20:34,10.09,0.0,11,11099,卖盘
241,10:20:51,10.08,-0.01,2,2016,卖盘
242,10:20:57,10.08,0.0,1,1008,卖盘
243,10:21:09,10.08,0.0,1,1008,卖盘
244,10:21:18,10.09,0.01,1,1009,买盘
245,10:21:33,10.09,0.0,1,1009,买盘
246,10:21:51,10.09,0.0,1,1009,买盘
247,10:22:04,10.09,0.0,7,7063,买盘
248,10:22:12,10.09,0.0,16,16144,买盘
249,10:22:15,10.08,-0.01,28,28225,卖盘
250,10:22:39,10.08,0.0,5,5040,买盘
251,10:22:48,10.07,-0.01,144,145008,卖盘
252,10:23:09,10.06,-0.01,1,1006,卖盘
253,10:23:27,10.06,0.0,3,3018,卖盘
254,10:23:30,10.06,0.0,2,2012,卖盘
255,10:23:42,10.06,0.0,4,4024,卖盘
256,10:24:21,10.06,0.0,20,20120,卖盘
257,10:24:24,10.06,0.0,50,50300,卖盘
258,10:24:49,10.06,0.0,8,8048,卖盘
259,10:25:27,10.06,0.0,1,1006,卖盘
260,10:25:57,10.06,0.0,11,11066,卖盘
261,10:26:09,10.06,0.0,1,1006,卖盘
262,10:26:24,10.06,0.0,32,32192,卖盘
263,10:26:45,10.05,-0.01,19,19095,卖盘
264,10:26:57,10.06,0.01,10,10060,买盘
265,10:27:06,10.06,0.0,4,4024,买盘
266,10:27:18,10.05,-0.01,27,27146,卖盘
267,10:27:33,10.07,0.02,31,31217,买盘
268,10:27:55,10.08,0.01,20,20160,买盘
269,10:28:27,10.08,0.0,1,1008,卖盘
270,10:28:30,10.08,0.0,1,1008,卖盘
271,10:28:48,10.09,0.01,103,103927,买盘
272,10:29:18,10.09,0.0,4,4036,买盘
273,10:29:33,10.09,0.0,6,6054,买盘
274,10:29:36,10.09,0.0,20,20180,卖盘
275,10:30:09,10.1,0.01,35,35350,买盘
276,10:30:12,10.09,-0.01,6,6054,卖盘
277,10:30:24,10.09,0.0,5,5045,卖盘
278,10:30:57,10.1,0.01,4,4040,买盘
279,10:31:09,10.09,-0.01,31,31279,卖盘
280,10:31:15,10.09,0.0,1,1009,卖盘
281,10:31:45,10.09,0.0,6,6054,卖盘
282,10:32:00,10.09,0.0,14,14126,买盘
283,10:32:18,10.09,0.0,1,1009,买盘
284,10:32:40,10.07,-0.02,8,8059,卖盘
285,10:32:54,10.09,0.02,10,10090,买盘
286,10:33:03,10.06,-0.03,8,8053,卖盘
287,10:33:18,10.06,0.0,1,1006,卖盘
288,10:33:33,10.09,0.03,23,23207,买盘
289,10:34:12,10.06,-0.03,1,1006,卖盘
290,10:34:30,10.06,0.0,1,1006,卖盘
291,10:34:33,10.06,0.0,11,11066,卖盘
292,10:34:40,10.05,-0.01,7,7041,卖盘
293,10:35:04,10.06,0.01,6,6036,卖盘
294,10:35:09,10.06,0.0,7,7042,卖盘
295,10:35:39,10.06,0.0,6,6036,卖盘
296,10:36:00,10.08,0.02,100,100797,买盘
297,10:36:51,10.06,-0.02,19,19114,卖盘
298,10:37:54,10.06,0.0,1,1006,卖盘
299,10:40:16,10.05,-0.01,217,218132,卖盘
300,10:40:18,10.05,0.0,36,36180,买盘
301,10:40:21,10.05,0.0,3,3015,买盘
302,10:40:24,10.04,-0.01,5,5020,卖盘
303,10:40:33,10.03,-0.01,432,433518,卖盘
304,10:40:36,10.03,0.0,17,17051,买盘
305,10:40:48,10.03,0.0,6,6018,买盘
306,10:40:51,10.03,0.0,1,1003,买盘
307,10:40:54,10.02,-0.01,2,2004,卖盘
308,10:41:04,10.03,0.01,3,3009,买盘
309,10:41:06,10.03,0.0,3,3009,买盘
310,10:41:09,10.03,0.0,3,3009,买盘
311,10:41:12,10.02,-0.01,7,7020,卖盘
312,10:41:15,10.03,0.01,6,6018,买盘
313,10:41:18,10.03,0.0,5,5015,买盘
314,10:41:27,10.03,0.0,168,168504,买盘
315,10:42:36,10.02,-0.01,336,336775,卖盘
316,10:42:52,10.02,0.0,1,1002,买盘
317,10:42:54,10.02,0.0,1,1002,买盘
318,10:42:57,10.02,0.0,20,20040,买盘
319,10:43:27,10.03,0.01,5,5015,买盘
320,10:43:36,10.02,-0.01,20,20040,卖盘
321,10:44:12,10.03,0.01,3,3009,买盘
322,10:44:18,10.03,0.0,8,8024,买盘
323,10:44:58,10.03,0.0,1,1003,卖盘
324,10:45:16,10.03,0.0,1,1003,卖盘
325,10:45:43,10.02,-0.01,6,6012,卖盘
326,10:45:57,10.01,-0.01,400,400499,卖盘
327,10:46:15,10.0,-0.01,15,15009,卖盘
328,10:46:18,10.01,0.01,17,17017,买盘
329,10:46:21,10.01,0.0,1,1001,买盘
330,10:46:24,10.01,0.0,3,3003,买盘
331,10:46:27,10.01,0.0,1,1001,买盘
332,10:46:30,10.01,0.0,3,3003,买盘
333,10:46:34,10.01,0.0,1,1001,买盘
334,10:46:36,10.01,0.0,1,1001,买盘
335,10:46:39,10.01,0.0,4,4004,买盘
336,10:49:09,10.01,0.0,1,1001,卖盘
337,10:50:48,10.04,0.03,30,30120,买盘
338,10:51:36,10.04,0.0,4,4016,卖盘
339,10:52:45,10.05,0.01,4,4020,买盘
340,10:53:48,10.05,0.0,35,35175,买盘
341,10:54:51,10.05,0.0,2,2010,卖盘
342,10:55:19,10.05,0.0,1,1005,卖盘
343,10:56:27,10.06,0.01,3,3018,买盘
344,10:58:15,10.05,-0.01,1,1005,卖盘
345,10:58:39,10.05,0.0,1,1005,卖盘
346,10:58:42,10.05,0.0,1,1005,卖盘
347,10:58:45,10.05,0.0,1,1005,卖盘
348,10:59:30,10.05,0.0,10,10050,卖盘
349,11:00:42,10.01,-0.04,572,572906,卖盘
350,11:00:46,10.01,0.0,17,17017,买盘
351,11:00:48,10.01,0.0,4,4004,买盘
352,11:00:51,10.01,0.0,85,85085,买盘
353,11:00:54,10.01,0.0,19,19019,买盘
354,11:01:16,10.01,0.0,1,1001,卖盘
355,11:01:27,10.06,0.05,13,13078,买盘
356,11:02:39,10.05,-0.01,1,1005,买盘
357,11:02:54,10.05,0.0,29,29145,卖盘
358,11:03:55,10.0,-0.05,552,552223,卖盘
359,11:04:00,10.0,0.0,4,4000,买盘
360,11:04:04,10.0,0.0,4,4000,买盘
361,11:04:06,10.0,0.0,20,20000,买盘
362,11:04:12,10.0,0.0,16,16000,买盘
363,11:04:15,9.99,-0.01,1,999,卖盘
364,11:04:18,10.0,0.01,8,8000,买盘
365,11:04:22,10.0,0.0,67,67000,买盘
366,11:07:18,10.04,0.04,9,9036,买盘
367,11:08:15,10.05,0.01,5,5025,买盘
368,11:08:36,10.01,-0.04,260,260325,卖盘
369,11:08:40,10.01,0.0,26,26026,买盘
370,11:08:43,10.01,0.0,4,4004,买盘
371,11:08:45,10.01,0.0,1,1001,买盘
372,11:09:06,10.01,0.0,10,10010,买盘
373,11:09:12,10.01,0.0,3,3003,买盘
374,11:09:15,10.01,0.0,15,15015,买盘
375,11:09:18,10.01,0.0,14,14815,买盘
376,11:10:16,10.01,0.0,1,1001,卖盘
377,11:11:27,10.04,0.03,2,2008,买盘
378,11:11:30,10.04,0.0,1,1004,卖盘
379,11:11:39,10.04,0.0,1,1004,卖盘
380,11:11:42,10.04,0.0,1,1004,卖盘
381,11:11:45,10.04,0.0,1,1004,卖盘
382,11:11:48,10.04,0.0,1,1004,卖盘
383,11:12:39,10.05,0.01,1,1005,买盘
384,11:12:42,10.04,-0.01,12,12048,卖盘
385,11:13:18,10.04,0.0,1,1004,卖盘
386,11:13:24,10.04,0.0,10,10040,卖盘
387,11:14:54,10.02,-0.02,7,7014,卖盘
388,11:15:48,10.03,0.01,10,10030,买盘
389,11:16:04,10.02,-0.01,2,2004,卖盘
390,11:16:18,10.02,0.0,1,1002,卖盘
391,11:16:42,10.04,0.02,3,3012,买盘
392,11:17:04,10.04,0.0,12,12048,卖盘
393,11:18:18,10.04,0.0,12,12048,卖盘
394,11:19:16,10.04,0.0,1,1004,卖盘
395,11:20:36,10.05,0.01,140,140700,买盘
396,11:21:03,10.04,-0.01,3,3012,卖盘
397,11:22:18,10.04,0.0,2,2008,卖盘
398,11:23:06,10.04,0.0,1,1004,卖盘
399,11:24:33,10.04,0.0,1,1004,卖盘
400,11:24:40,10.04,0.0,1,1004,卖盘
401,11:25:15,10.04,0.0,1,1004,卖盘
402,11:25:21,10.04,0.0,1,1004,卖盘
403,11:27:45,10.06,0.02,43,43239,买盘
404,13:00:04,10.04,-0.02,18,18082,卖盘
405,13:00:21,10.03,-0.01,1,1003,卖盘
406,13:00:24,10.03,0.0,4,4012,卖盘
407,13:00:36,10.03,0.0,4,4012,卖盘
408,13:01:33,10.03,0.0,8,8024,卖盘
409,13:01:42,10.04,0.01,1,1004,买盘
410,13:03:00,10.03,-0.01,2,2006,卖盘
411,13:03:06,10.03,0.0,1,1003,卖盘
412,13:04:09,10.05,0.02,43,43179,买盘
413,13:05:04,10.05,0.0,6,6030,买盘
414,13:05:42,10.05,0.0,3,3015,买盘
415,13:06:07,10.03,-0.02,1,1003,卖盘
416,13:07:15,10.06,0.03,4,4022,买盘
417,13:07:36,10.03,-0.03,8,8024,卖盘
418,13:08:15,10.05,0.02,1,1005,买盘
419,13:09:00,10.05,0.0,2,2010,卖盘
420,13:09:03,10.05,0.0,2,2010,卖盘
421,13:09:07,10.05,0.0,1,1005,卖盘
422,13:09:09,10.06,0.01,7,7041,买盘
423,13:09:18,10.06,0.0,60,60360,买盘
424,13:09:57,10.06,0.0,4,4024,买盘
425,13:10:12,10.06,0.0,4,4024,买盘
426,13:10:33,10.06,0.0,11,11066,买盘
427,13:10:51,10.06,0.0,6,6036,买盘
428,13:11:12,10.06,0.0,11,11066,买盘
429,13:11:18,10.03,-0.03,5,5015,卖盘
430,13:12:06,10.03,0.0,1,1003,卖盘
431,13:12:45,10.04,0.01,20,20069,买盘
432,13:12:58,10.04,0.0,1,1004,卖盘
433,13:13:48,10.05,0.01,2,2010,买盘
434,13:14:24,10.07,0.02,250,251614,买盘
435,13:14:51,10.05,-0.02,6,6030,卖盘
436,13:14:58,10.05,0.0,5,5025,买盘
437,13:15:00,10.05,0.0,13,13055,买盘
438,13:15:06,10.04,-0.01,2,2009,卖盘
439,13:15:27,10.05,0.01,8,8040,买盘
440,13:15:39,10.05,0.0,16,16080,买盘
441,13:16:30,10.04,-0.01,7,7028,卖盘
442,13:17:36,10.05,0.01,10,10050,买盘
443,13:18:06,10.04,-0.01,1,1004,卖盘
444,13:18:09,10.04,0.0,1,1004,卖盘
445,13:18:24,10.04,0.0,2,2009,卖盘
446,13:18:45,10.04,0.0,1,1004,卖盘
447,13:18:57,10.05,0.01,30,30150,买盘
448,13:19:06,10.04,-0.01,8,8032,卖盘
449,13:19:13,10.04,0.0,8,8032,卖盘
450,13:19:24,10.04,0.0,4,4016,卖盘
451,13:19:36,10.04,0.0,3,3012,卖盘
452,13:19:45,10.04,0.0,3,3012,卖盘
453,13:19:51,10.02,-0.02,264,264582,卖盘
454,13:19:54,10.02,0.0,10,10020,买盘
455,13:20:12,10.02,0.0,2,2004,买盘
456,13:20:15,10.02,0.0,21,21042,买盘
457,13:20:18,10.02,0.0,1,1002,买盘
458,13:20:21,10.02,0.0,29,29058,买盘
459,13:21:27,10.02,0.0,10,10020,买盘
460,13:23:48,10.02,0.0,1,1002,卖盘
461,13:24:39,10.02,0.0,1,1002,卖盘
462,13:25:36,10.03,0.01,1,1003,卖盘
463,13:26:24,10.03,0.0,1,1003,卖盘
464,13:26:30,10.03,0.0,1,1003,卖盘
465,13:26:48,10.02,-0.01,22,22051,卖盘
466,13:26:51,10.02,0.0,1,1002,卖盘
467,13:27:27,10.02,0.0,1,1002,卖盘
468,13:28:12,10.02,0.0,4,4008,卖盘
469,13:28:21,10.02,0.0,1,1002,卖盘
470,13:29:15,10.03,0.01,1,1003,卖盘
471,13:30:12,10.03,0.0,1,1003,卖盘
472,13:30:18,10.03,0.0,1,1003,卖盘
473,13:30:21,10.04,0.01,1,1004,买盘
474,13:30:45,10.04,0.0,29,29116,买盘
475,13:31:06,10.03,-0.01,1,1003,卖盘
476,13:32:04,10.03,0.0,1,1003,卖盘
477,13:32:09,10.04,0.01,1,1004,买盘
478,13:32:57,10.03,-0.01,1,1003,卖盘
479,13:33:39,10.03,0.0,20,20060,卖盘
480,13:34:03,10.04,0.01,2,2007,买盘
481,13:34:12,10.03,-0.01,1,1003,卖盘
482,13:34:27,10.03,0.0,14,14042,卖盘
483,13:34:33,10.03,0.0,1,1003,卖盘
484,13:34:42,10.03,0.0,6,6018,卖盘
485,13:35:00,10.03,0.0,1,1003,卖盘
486,13:35:06,10.04,0.01,3,3012,买盘
487,13:35:12,10.03,-0.01,1,1003,卖盘
488,13:35:48,10.03,0.0,10,10030,卖盘
489,13:35:51,10.04,0.01,1,1004,买盘
490,13:36:12,10.04,0.0,11,11043,买盘
491,13:37:00,10.03,-0.01,1,1003,卖盘
492,13:37:06,10.03,0.0,1,1003,卖盘
493,13:37:42,10.04,0.01,1,1004,买盘
494,13:37:57,10.03,-0.01,1,1003,卖盘
495,13:38:12,10.03,0.0,1,1003,卖盘
496,13:38:42,10.03,0.0,10,10030,卖盘
497,13:38:51,10.03,0.0,1,1003,卖盘
498,13:38:57,10.03,0.0,1,1003,卖盘
499,13:39:33,10.04,0.01,1,1004,买盘
500,13:39:45,10.03,-0.01,1,1003,卖盘
501,13:39:51,10.03,0.0,1,1003,卖盘
502,13:39:57,10.03,0.0,22,22066,卖盘
503,13:40:42,10.03,0.0,2,2006,卖盘
504,13:41:21,10.04,0.01,1,1004,买盘
505,13:41:36,10.03,-0.01,1,1003,卖盘
506,13:42:09,10.03,0.0,1,1003,卖盘
507,13:42:30,10.03,0.0,1,1003,卖盘
508,13:43:12,10.04,0.01,1,1004,买盘
509,13:43:27,10.03,-0.01,1,1003,卖盘
510,13:44:21,10.03,0.0,1,1003,卖盘
511,13:44:48,10.03,0.0,6,6018,卖盘
512,13:44:51,10.03,0.0,8,8024,卖盘
513,13:45:01,10.04,0.01,1,1004,买盘
514,13:45:18,10.03,-0.01,6,6018,卖盘
515,13:45:21,10.03,0.0,2,2006,卖盘
516,13:45:42,10.03,0.0,5,5015,卖盘
517,13:45:45,10.03,0.0,2,2006,卖盘
518,13:46:09,10.03,0.0,1,1003,卖盘
519,13:46:12,10.03,0.0,11,11033,卖盘
520,13:46:45,10.03,0.0,10,10030,卖盘
521,13:47:06,10.04,0.01,1,1004,买盘
522,13:47:19,10.03,-0.01,1,1003,卖盘
523,13:47:42,10.03,0.0,1,1003,卖盘
524,13:47:52,10.03,0.0,10,10030,卖盘
525,13:48:06,10.03,0.0,6,6018,卖盘
526,13:48:12,10.03,0.0,1,1003,卖盘
527,13:48:33,10.03,0.0,15,15045,卖盘
528,13:48:39,10.03,0.0,15,15045,卖盘
529,13:48:42,10.03,0.0,1,1003,卖盘
530,13:48:54,10.04,0.01,1,1004,买盘
531,13:49:19,10.03,-0.01,2,2006,卖盘
532,13:49:28,10.03,0.0,22,22066,买盘
533,13:50:03,10.03,0.0,1,1003,卖盘
534,13:50:06,10.04,0.01,1,1004,买盘
535,13:50:42,10.04,0.0,1,1004,买盘
536,13:51:37,10.03,-0.01,1,1003,卖盘
537,13:51:40,10.03,0.0,2,2006,卖盘
538,13:51:42,10.03,0.0,2,2006,卖盘
539,13:52:30,10.04,0.01,1,1004,买盘
540,13:52:33,10.04,0.0,1,1004,买盘
541,13:52:54,10.04,0.0,1,1004,买盘
542,13:53:04,10.03,-0.01,1,1003,卖盘
543,13:53:09,10.04,0.01,1,1004,买盘
544,13:53:12,10.01,-0.03,22,22038,卖盘
545,13:53:15,10.04,0.03,2,2008,买盘
546,13:53:18,10.04,0.0,38,38152,买盘
547,13:53:24,10.04,0.0,2,2008,买盘
548,13:53:39,10.04,0.0,1,1004,买盘
549,13:53:45,10.04,0.0,1,1004,买盘
550,13:54:09,10.04,0.0,1,1004,买盘
551,13:55:21,10.03,-0.01,1,1003,买盘
552,13:56:06,10.03,0.0,1,1003,买盘
553,13:57:16,10.03,0.0,1,1003,买盘
554,13:57:27,10.03,0.0,1,1003,买盘
555,13:58:30,10.04,0.01,1,1004,买盘
556,13:59:30,10.03,-0.01,1,1003,买盘
557,14:01:48,10.02,-0.01,6,6012,卖盘
558,14:02:18,10.03,0.01,21,21063,买盘
559,14:02:33,10.04,0.01,4,4016,买盘
560,14:02:57,10.04,0.0,1,1004,买盘
561,14:04:12,10.04,0.0,6,6024,买盘
562,14:05:51,10.03,-0.01,1,1003,卖盘
563,14:05:54,10.04,0.01,3,3012,买盘
564,14:05:57,10.04,0.0,100,100400,买盘
565,14:06:00,10.04,0.0,14,14056,买盘
566,14:06:27,10.05,0.01,10,10050,买盘
567,14:06:30,10.05,0.0,1,1005,买盘
568,14:06:39,10.05,0.0,9,9045,卖盘
569,14:06:42,10.05,0.0,3,3015,买盘
570,14:06:45,10.05,0.0,5,5025,买盘
571,14:08:42,10.04,-0.01,25,25100,卖盘
572,14:08:51,10.04,0.0,1,1004,卖盘
573,14:08:54,10.04,0.0,1,1004,卖盘
574,14:08:57,10.05,0.01,2,2010,买盘
575,14:09:04,10.05,0.0,1,1005,买盘
576,14:11:06,10.04,-0.01,1,1004,卖盘
577,14:11:24,10.04,0.0,2,2008,卖盘
578,14:11:33,10.05,0.01,150,150750,买盘
579,14:12:12,10.05,0.0,1,1005,买盘
580,14:13:04,10.03,-0.02,12,12036,卖盘
581,14:14:18,10.03,0.0,10,10030,卖盘
582,14:15:21,10.03,0.0,8,8024,卖盘
583,14:15:27,10.03,0.0,1,1003,卖盘
584,14:15:51,10.04,0.01,4,4016,买盘
585,14:16:48,10.03,-0.01,9,9029,卖盘
586,14:16:54,10.03,0.0,83,83249,卖盘
587,14:17:09,10.03,0.0,125,125375,买盘
588,14:17:33,10.03,0.0,378,379134,卖盘
589,14:17:43,10.02,-0.01,1,1002,卖盘
590,14:17:51,10.03,0.01,1,1003,买盘
591,14:17:54,10.02,-0.01,8,8016,卖盘
592,14:18:21,10.03,0.01,84,84252,买盘
593,14:18:39,10.03,0.0,167,167501,卖盘
594,14:18:42,10.03,0.0,9,9027,买盘
595,14:18:57,10.03,0.0,2,2006,买盘
596,14:19:22,10.03,0.0,11,11033,买盘
597,14:19:36,10.03,0.0,192,192576,卖盘
598,14:19:48,10.02,-0.01,23,23046,卖盘
599,14:20:06,10.03,0.01,56,56168,买盘
600,14:20:18,10.03,0.0,1,1003,卖盘
601,14:20:57,10.04,0.01,10,10040,买盘
602,14:21:09,10.04,0.0,17,17068,买盘
603,14:21:42,10.04,0.0,2,2008,卖盘
604,14:21:45,10.04,0.0,40,40160,卖盘
605,14:21:48,10.03,-0.01,4,4012,卖盘
606,14:21:54,10.03,0.0,1,1003,买盘
607,14:22:09,10.04,0.01,59,59236,买盘
608,14:22:45,10.02,-0.02,10,10020,卖盘
609,14:23:09,10.03,0.01,11,11033,买盘
610,14:23:39,10.04,0.01,189,189756,买盘
611,14:23:51,10.03,-0.01,15,15056,卖盘
612,14:24:12,10.05,0.02,22,22110,买盘
613,14:24:18,10.05,0.0,12,12060,卖盘
614,14:24:54,10.07,0.02,51,51308,买盘
615,14:25:09,10.07,0.0,59,59413,买盘
616,14:25:45,10.06,-0.01,1,1006,买盘
617,14:25:54,10.05,-0.01,1,1005,卖盘
618,14:26:09,10.07,0.02,54,54378,买盘
619,14:26:15,10.07,0.0,5,5035,卖盘
620,14:27:03,10.06,-0.01,20,20120,买盘
621,14:27:09,10.08,0.02,59,59472,买盘
622,14:28:09,10.07,-0.01,32,32224,买盘
623,14:28:12,10.07,0.0,9,9063,卖盘
624,14:29:03,10.08,0.01,70,70560,买盘
625,14:29:09,10.07,-0.01,19,19133,卖盘
626,14:29:12,10.08,0.01,59,59448,买盘
627,14:29:42,10.08,0.0,9,9072,买盘
628,14:30:12,10.08,0.0,5,5040,买盘
629,14:30:54,10.09,0.01,52,52468,买盘
630,14:31:12,10.08,-0.01,69,69611,卖盘
631,14:31:39,10.08,0.0,25,25200,卖盘
632,14:31:52,10.08,0.0,6,6048,卖盘
633,14:32:12,10.09,0.01,72,72623,买盘
634,14:32:39,10.1,0.01,300,302874,买盘
635,14:33:12,10.09,-0.01,59,59517,买盘
636,14:33:57,10.1,0.01,51,51475,买盘
637,14:34:15,10.09,-0.01,1,1009,买盘
638,14:34:34,10.09,0.0,42,42378,卖盘
639,14:34:54,10.09,0.0,16,16144,卖盘
640,14:35:15,10.09,0.0,29,29261,买盘
641,14:35:18,10.09,0.0,10,10090,卖盘
642,14:35:24,10.09,0.0,5,5045,卖盘
643,14:35:49,10.09,0.0,25,25225,卖盘
644,14:35:51,10.09,0.0,1,1009,卖盘
645,14:36:07,10.06,-0.03,10,10060,卖盘
646,14:36:12,10.1,0.04,59,59585,买盘
647,14:36:48,10.08,-0.02,1,1008,买盘
648,14:36:57,10.07,-0.01,1,1007,买盘
649,14:37:00,10.07,0.0,1,1007,卖盘
650,14:37:09,10.07,0.0,8,8056,卖盘
651,14:37:12,10.1,0.03,21,21210,买盘
652,14:38:12,10.07,-0.03,8,8059,卖盘
653,14:38:15,10.08,0.01,20,20160,买盘
654,14:38:18,10.08,0.0,1,1008,买盘
655,14:38:57,10.08,0.0,8,8064,买盘
656,14:39:00,10.08,0.0,2,2016,买盘
657,14:39:04,10.08,0.0,1,1008,买盘
658,14:39:21,10.08,0.0,1,1008,买盘
659,14:39:33,10.07,-0.01,1,1007,卖盘
660,14:40:12,10.08,0.01,2,2016,买盘
661,14:40:54,10.07,-0.01,12,12084,卖盘
662,14:41:04,10.08,0.01,1,1008,买盘
663,14:42:06,10.07,-0.01,5,5035,卖盘
664,14:42:45,10.07,0.0,10,10070,买盘
665,14:43:12,10.06,-0.01,8,8048,卖盘
666,14:43:15,10.06,0.0,8,8048,卖盘
667,14:44:04,10.07,0.01,1,1007,买盘
668,14:44:09,10.07,0.0,1,1007,买盘
669,14:44:12,10.06,-0.01,8,8048,卖盘
670,14:44:40,10.06,0.0,19,19114,卖盘
671,14:45:18,10.06,0.0,5,5031,卖盘
672,14:45:21,10.06,0.0,12,12075,卖盘
673,14:45:24,10.06,0.0,70,70421,卖盘
674,14:45:27,10.05,-0.01,5,5025,卖盘
675,14:45:42,10.06,0.01,62,62372,买盘
676,14:45:45,10.06,0.0,11,11066,买盘
677,14:45:48,10.06,0.0,82,82488,买盘
678,14:46:09,10.05,-0.01,39,39155,卖盘
679,14:46:18,10.06,0.01,3,3018,买盘
680,14:46:21,10.05,-0.01,15,15075,卖盘
681,14:46:45,10.05,0.0,10,10050,卖盘
682,14:46:51,10.05,0.0,3,3015,卖盘
683,14:47:15,10.06,0.01,1,1006,买盘
684,14:47:21,10.05,-0.01,100,100500,卖盘
685,14:47:24,10.05,0.0,16,16080,卖盘
686,14:47:45,10.06,0.01,43,43258,买盘
687,14:47:57,10.06,0.0,7,7042,买盘
688,14:48:06,10.06,0.0,302,303812,买盘
689,14:48:13,10.06,0.0,100,100600,买盘
690,14:48:18,10.06,0.0,18,18108,买盘
691,14:48:25,10.06,0.0,10,10060,买盘
692,14:48:36,10.06,0.0,6,6036,买盘
693,14:48:39,10.06,0.0,6,6036,买盘
694,14:48:42,10.05,-0.01,857,865841,卖盘
695,14:48:51,10.09,0.04,2,2018,买盘
696,14:49:13,10.09,0.0,10,10090,买盘
697,14:50:04,10.08,-0.01,1,1008,买盘
698,14:50:15,10.08,0.0,6,6048,买盘
699,14:50:21,10.08,0.0,5,5040,买盘
700,14:51:25,10.08,0.0,67,67536,买盘
701,14:52:30,10.07,-0.01,1,1007,卖盘
702,14:52:51,10.08,0.01,1,1008,买盘
703,14:52:54,10.07,-0.01,1,1007,卖盘
704,14:53:12,10.07,0.0,10,10070,卖盘
705,14:53:51,10.08,0.01,4,4032,买盘
706,14:54:06,10.08,0.0,1,1008,买盘
707,14:54:09,10.07,-0.01,6,6042,卖盘
708,14:54:40,10.07,0.0,1,1007,卖盘
709,14:54:42,10.07,0.0,5,5035,卖盘
710,14:56:13,10.08,0.01,1,1008,买盘
711,14:56:22,10.08,0.0,35,35280,买盘
712,14:56:36,10.07,-0.01,2,2014,卖盘
713,14:56:39,10.07,0.0,2,2014,卖盘
