,time,price,change,volume,amount,type
0,09:25:04,3.48,0.07,730,254040,卖盘
1,09:30:04,3.5,0.02,899,313355,买盘
2,09:30:07,3.49,-0.01,415,144850,中性盘
3,09:30:10,3.49,0.0,140,48950,卖盘
4,09:30:13,3.5,0.01,281,98140,买盘
5,09:30:16,3.49,-0.01,278,97022,卖盘
6,09:30:19,3.5,0.01,39,13650,买盘
7,09:30:21,3.5,0.0,9,3150,买盘
8,09:30:25,3.5,0.0,18,6300,买盘
9,09:30:28,3.5,0.0,17,5950,买盘
10,09:30:30,3.5,0.0,44,15400,买盘
11,09:30:33,3.5,0.0,14,4900,买盘
12,09:30:36,3.5,0.0,122,42614,买盘
13,09:30:39,3.5,0.0,6,2100,买盘
14,09:30:46,3.5,0.0,274,95700,买盘
15,09:30:49,3.49,-0.01,788,275012,卖盘
16,09:30:51,3.49,0.0,7,2443,买盘
17,09:30:55,3.49,0.0,123,42927,买盘
18,09:30:58,3.49,0.0,288,100659,买盘
19,09:31:15,3.49,0.0,146,50954,卖盘
20,09:31:18,3.5,0.01,6,2100,买盘
21,09:31:25,3.49,-0.01,86,30020,卖盘
22,09:31:28,3.5,0.01,84,29390,买盘
23,09:31:30,3.5,0.0,106,37000,买盘
24,09:31:33,3.5,0.0,13,4550,买盘
25,09:31:36,3.49,-0.01,15,5235,卖盘
26,09:31:39,3.5,0.01,12,4200,买盘
27,09:31:43,3.49,-0.01,139,48517,卖盘
28,09:31:48,3.49,0.0,390,136110,卖盘
29,09:32:00,3.49,0.0,101,35249,买盘
30,09:32:03,3.49,0.0,157,54793,买盘
31,09:32:10,3.49,0.0,27,9423,买盘
32,09:32:13,3.49,0.0,246,85854,买盘
33,09:32:16,3.5,0.01,30,10487,买盘
34,09:32:18,3.49,-0.01,10,3496,卖盘
35,09:32:21,3.5,0.01,30,10500,买盘
36,09:32:25,3.5,0.0,12,4200,买盘
37,09:32:27,3.49,-0.01,47,16426,卖盘
38,09:32:30,3.5,0.01,24,8400,买盘
39,09:32:33,3.5,0.0,36,12600,买盘
40,09:32:36,3.5,0.0,18,6300,买盘
41,09:32:40,3.5,0.0,116,40500,买盘
42,09:32:43,3.5,0.0,21,7350,买盘
43,09:32:46,3.5,0.0,6,2100,买盘
44,09:32:52,3.5,0.0,269,93927,买盘
45,09:32:55,3.5,0.0,12,4200,买盘
46,09:32:57,3.5,0.0,24,8382,买盘
47,09:33:01,3.5,0.0,6,2100,买盘
48,09:33:09,3.5,0.0,1485,519743,买盘
49,09:33:12,3.5,0.0,1089,380099,买盘
50,09:33:15,3.5,0.0,111,38850,买盘
51,09:33:19,3.5,0.0,36,12600,买盘
52,09:33:21,3.5,0.0,8,2798,买盘
53,09:33:25,3.5,0.0,23,8050,买盘
54,09:33:30,3.49,-0.01,394,137526,卖盘
55,09:33:34,3.49,0.0,35,12233,卖盘
56,09:33:37,3.49,0.0,42,14658,卖盘
57,09:33:40,3.49,0.0,340,118660,卖盘
58,09:33:42,3.49,0.0,269,93881,卖盘
59,09:33:45,3.49,0.0,168,58663,卖盘
60,09:33:48,3.48,-0.01,247,86019,卖盘
61,09:33:52,3.48,0.0,13,4524,卖盘
62,09:33:55,3.49,0.01,586,204428,买盘
63,09:33:58,3.48,-0.01,15,5220,卖盘
64,09:34:04,3.49,0.01,12,4188,买盘
65,09:34:07,3.48,-0.01,5,1740,卖盘
66,09:34:10,3.49,0.01,56,19500,买盘
67,09:34:13,3.49,0.0,6,2094,买盘
68,09:34:16,3.49,0.0,312,108588,买盘
69,09:34:18,3.49,0.0,75,26150,买盘
70,09:34:28,3.49,0.0,14,4882,买盘
71,09:34:34,3.48,-0.01,888,309024,卖盘
72,09:34:36,3.49,0.01,2,698,买盘
73,09:34:39,3.49,0.0,1069,372081,买盘
74,09:34:42,3.48,-0.01,106,36894,卖盘
75,09:34:49,3.48,0.0,95,33060,卖盘
76,09:34:54,3.49,0.01,137,47813,买盘
77,09:34:57,3.48,-0.01,50,17400,卖盘
78,09:35:01,3.49,0.01,66,23034,买盘
79,09:35:04,3.49,0.0,24,8376,买盘
80,09:35:06,3.49,0.0,12,4188,买盘
81,09:35:10,3.49,0.0,615,214585,买盘
82,09:35:12,3.49,0.0,28,9772,买盘
83,09:35:16,3.49,0.0,24,8376,买盘
84,09:35:21,3.49,0.0,119,41531,买盘
85,09:35:24,3.49,0.0,5,1745,买盘
86,09:35:28,3.49,0.0,24,8376,买盘
87,09:35:31,3.49,0.0,6,2094,买盘
88,09:35:34,3.49,0.0,254,88646,买盘
89,09:35:37,3.49,0.0,206,71894,买盘
90,09:35:40,3.49,0.0,51,17789,买盘
91,09:35:43,3.49,0.0,257,89693,买盘
92,09:35:49,3.49,0.0,113,39437,买盘
93,09:35:51,3.49,0.0,10,3490,买盘
94,09:35:55,3.49,0.0,416,145184,买盘
95,09:35:57,3.5,0.01,24,8400,买盘
96,09:36:00,3.5,0.0,87,30450,买盘
97,09:36:04,3.5,0.0,33,11550,买盘
98,09:36:06,3.5,0.0,36,12600,买盘
99,09:36:09,3.5,0.0,66,23100,买盘
100,09:36:12,3.5,0.0,121,42250,买盘
101,09:36:15,3.49,-0.01,29,10129,卖盘
102,09:36:19,3.5,0.01,12,4200,买盘
103,09:36:22,3.5,0.0,18,6300,买盘
104,09:36:25,3.5,0.0,12,4200,买盘
105,09:36:31,3.5,0.0,6,2100,买盘
106,09:36:34,3.5,0.0,20,7000,买盘
107,09:36:37,3.5,0.0,1,350,买盘
108,09:36:40,3.5,0.0,6,2100,买盘
109,09:36:55,3.5,0.0,6,2100,买盘
110,09:36:57,3.5,0.0,19,6650,买盘
111,09:37:00,3.5,0.0,30,10500,买盘
112,09:37:07,3.5,0.0,30,10500,买盘
113,09:37:09,3.5,0.0,1,350,买盘
114,09:37:18,3.5,0.0,9,3150,买盘
115,09:37:25,3.5,0.0,5,1750,买盘
116,09:37:27,3.5,0.0,3,1050,买盘
117,09:37:30,3.5,0.0,30,10500,买盘
118,09:37:33,3.5,0.0,6,2100,买盘
119,09:37:36,3.5,0.0,114,39900,买盘
120,09:37:46,3.5,0.0,3,1050,买盘
121,09:38:04,3.5,0.0,12,4200,买盘
122,09:38:09,3.5,0.0,36,12570,买盘
123,09:38:12,3.49,-0.01,76,26524,卖盘
124,09:38:15,3.5,0.01,16,5600,买盘
125,09:38:19,3.5,0.0,18,6300,买盘
126,09:38:22,3.5,0.0,30,10500,买盘
127,09:38:24,3.5,0.0,6,2100,买盘
128,09:38:27,3.5,0.0,221,77150,买盘
129,09:38:31,3.5,0.0,1671,583200,买盘
130,09:38:33,3.5,0.0,6,2100,买盘
131,09:38:37,3.49,-0.01,81,28287,卖盘
132,09:38:40,3.5,0.01,54,18900,买盘
133,09:38:43,3.5,0.0,24,8400,买盘
134,09:38:45,3.49,-0.01,39,13623,卖盘
135,09:38:48,3.5,0.01,30,10500,买盘
136,09:38:52,3.5,0.0,63,22010,买盘
137,09:39:01,3.5,0.0,6,2100,买盘
138,09:39:04,3.5,0.0,16,5600,买盘
139,09:39:06,3.49,-0.01,111,38739,卖盘
140,09:39:09,3.5,0.01,300,105000,买盘
141,09:39:13,3.49,-0.01,204,71296,卖盘
142,09:39:15,3.5,0.01,82,28700,买盘
143,09:39:18,3.5,0.0,58,20300,买盘
144,09:39:22,3.49,-0.01,129,45021,卖盘
145,09:39:24,3.5,0.01,9,3150,买盘
146,09:39:31,3.5,0.0,8,2800,买盘
147,09:39:36,3.49,-0.01,509,177650,卖盘
148,09:39:42,3.49,0.0,78,27262,卖盘
149,09:39:46,3.49,0.0,455,158795,卖盘
150,09:39:48,3.5,0.01,107,37388,买盘
151,09:39:51,3.49,-0.01,125,43625,卖盘
152,09:39:57,3.49,0.0,94,32806,卖盘
153,09:40:04,3.49,0.0,189,65961,买盘
154,09:40:06,3.49,0.0,226,78874,买盘
155,09:40:09,3.5,0.01,6,2100,买盘
156,09:40:15,3.49,-0.01,440,153560,卖盘
157,09:40:19,3.49,0.0,1,349,买盘
158,09:40:21,3.49,0.0,1,349,买盘
159,09:40:24,3.49,0.0,23,8027,买盘
160,09:40:27,3.49,0.0,509,177641,买盘
161,09:40:34,3.49,0.0,1,349,买盘
162,09:40:36,3.49,0.0,77,26867,买盘
163,09:40:49,3.49,0.0,508,177286,买盘
164,09:40:51,3.49,0.0,33,11517,买盘
165,09:40:54,3.48,-0.01,106,36988,卖盘
166,09:40:57,3.49,0.01,175,61075,买盘
167,09:41:06,3.49,0.0,6,2094,卖盘
168,09:41:10,3.49,0.0,6,2094,卖盘
169,09:41:13,3.49,0.0,30,10470,卖盘
170,09:41:18,3.49,0.0,18,6285,卖盘
171,09:41:25,3.49,0.0,134,46766,卖盘
172,09:41:33,3.49,0.0,20,6980,卖盘
173,09:41:37,3.5,0.01,6,2100,买盘
174,09:41:40,3.49,-0.01,125,43625,卖盘
175,09:41:43,3.49,0.0,6,2094,卖盘
176,09:41:45,3.49,0.0,6,2094,卖盘
177,09:41:51,3.49,0.0,100,34900,卖盘
178,09:41:55,3.49,0.0,10,3490,卖盘
179,09:41:57,3.49,0.0,98,34202,卖盘
180,09:42:00,3.49,0.0,58,20242,卖盘
181,09:42:06,3.49,0.0,179,62474,卖盘
182,09:42:09,3.49,0.0,98,34202,卖盘
183,09:42:16,3.49,0.0,307,107143,卖盘
184,09:42:18,3.49,0.0,187,65263,卖盘
185,09:42:30,3.49,0.0,27,9423,买盘
186,09:42:36,3.49,0.0,3,1047,买盘
187,09:42:48,3.49,0.0,1,349,买盘
188,09:43:06,3.49,0.0,3,1047,买盘
189,09:43:30,3.49,0.0,381,132969,买盘
190,09:43:33,3.48,-0.01,30,10440,卖盘
191,09:43:36,3.49,0.01,4,1396,买盘
192,09:43:49,3.49,0.0,1,349,买盘
193,09:44:00,3.48,-0.01,6,2088,卖盘
194,09:44:06,3.48,0.0,7,2439,卖盘
195,09:44:09,3.49,0.01,249,86901,买盘
196,09:44:18,3.49,0.0,30,10470,买盘
197,09:44:21,3.49,0.0,38,13262,买盘
198,09:44:31,3.49,0.0,52,18148,买盘
199,09:44:36,3.49,0.0,3,1047,买盘
200,09:44:39,3.49,0.0,61,21289,买盘
201,09:44:42,3.49,0.0,44,15356,买盘
202,09:44:51,3.49,0.0,7,2443,买盘
203,09:45:00,3.49,0.0,44,15356,买盘
204,09:45:04,3.49,0.0,47,16403,买盘
205,09:45:06,3.49,0.0,14,4883,买盘
206,09:45:09,3.49,0.0,251,87599,买盘
207,09:45:13,3.48,-0.01,136,47425,卖盘
208,09:45:16,3.49,0.01,101,35249,买盘
209,09:45:18,3.49,0.0,1,349,买盘
210,09:45:22,3.49,0.0,47,16403,买盘
211,09:45:25,3.49,0.0,43,15007,买盘
212,09:45:27,3.49,0.0,12,4188,买盘
213,09:45:39,3.49,0.0,27,9423,买盘
214,09:45:42,3.49,0.0,50,17450,买盘
215,09:45:46,3.49,0.0,42,14658,买盘
216,09:45:48,3.48,-0.01,4,1392,卖盘
217,09:46:00,3.49,0.01,10,3490,买盘
218,09:46:04,3.49,0.0,53,18497,买盘
219,09:46:06,3.49,0.0,3,1047,买盘
220,09:46:15,3.49,0.0,271,94579,买盘
221,09:46:31,3.49,0.0,14,4886,卖盘
222,09:46:33,3.49,0.0,24,8376,买盘
223,09:46:39,3.48,-0.01,6,2088,卖盘
224,09:47:24,3.48,0.0,25,8700,卖盘
225,09:47:39,3.49,0.01,3,1047,买盘
226,09:47:45,3.49,0.0,92,32108,买盘
227,09:47:48,3.49,0.0,18,6282,买盘
228,09:47:51,3.49,0.0,182,63518,买盘
229,09:47:57,3.49,0.0,92,32028,买盘
230,09:48:06,3.49,0.0,6,2094,买盘
231,09:48:09,3.49,0.0,6,2094,买盘
232,09:48:15,3.49,0.0,11,3839,买盘
233,09:48:18,3.49,0.0,15,5235,买盘
234,09:48:21,3.48,-0.01,10,3480,卖盘
235,09:48:24,3.49,0.01,8,2792,买盘
236,09:48:28,3.49,0.0,56,19538,买盘
237,09:48:31,3.49,0.0,11,3839,买盘
238,09:48:34,3.48,-0.01,53,18444,卖盘
239,09:48:40,3.48,0.0,160,55680,卖盘
240,09:49:06,3.49,0.01,21,7311,买盘
241,09:49:15,3.49,0.0,5,1745,买盘
242,09:49:18,3.49,0.0,3,1047,买盘
243,09:49:48,3.49,0.0,12,4188,买盘
244,09:49:57,3.49,0.0,80,27920,买盘
245,09:50:04,3.49,0.0,19,6631,买盘
246,09:50:36,3.49,0.0,6,2094,买盘
247,09:50:43,3.49,0.0,32,11168,买盘
248,09:50:46,3.49,0.0,90,31410,买盘
249,09:51:04,3.49,0.0,1,349,买盘
250,09:51:06,3.49,0.0,10,3490,买盘
251,09:51:18,3.49,0.0,12,4188,买盘
252,09:51:24,3.49,0.0,705,246045,买盘
253,09:51:27,3.49,0.0,61,21289,买盘
254,09:51:30,3.49,0.0,44,15356,买盘
255,09:51:34,3.49,0.0,84,29316,买盘
256,09:51:37,3.49,0.0,169,58981,买盘
257,09:51:39,3.49,0.0,276,96324,买盘
258,09:51:43,3.5,0.01,620,216390,买盘
259,09:51:46,3.49,-0.01,25,8725,卖盘
260,09:51:49,3.49,0.0,100,34900,卖盘
261,09:51:51,3.5,0.01,18,6300,买盘
262,09:51:54,3.5,0.0,6,2100,买盘
263,09:51:57,3.5,0.0,6,2100,买盘
264,09:52:01,3.5,0.0,50,17500,买盘
265,09:52:04,3.5,0.0,2,700,买盘
266,09:52:12,3.5,0.0,15,5250,买盘
267,09:52:21,3.5,0.0,420,147000,买盘
268,09:52:45,3.5,0.0,6,2100,买盘
269,09:52:48,3.5,0.0,4,1400,买盘
270,09:53:06,3.5,0.0,1,350,买盘
271,09:53:09,3.5,0.0,1,350,买盘
272,09:53:12,3.5,0.0,6,2100,买盘
273,09:53:15,3.5,0.0,5,1750,买盘
274,09:53:18,3.5,0.0,112,39200,买盘
275,09:53:21,3.5,0.0,4,1400,买盘
276,09:53:30,3.5,0.0,66,23100,买盘
277,09:53:42,3.49,-0.01,50,17450,卖盘
278,09:53:45,3.5,0.01,12,4200,买盘
279,09:53:54,3.5,0.0,18,6300,买盘
280,09:53:57,3.5,0.0,21,7350,买盘
281,09:54:06,3.49,-0.01,74,25826,卖盘
282,09:54:12,3.5,0.01,22,7700,买盘
283,09:54:18,3.49,-0.01,500,174500,卖盘
284,09:54:24,3.5,0.01,16,5600,买盘
285,09:54:33,3.5,0.0,1,350,买盘
286,09:54:39,3.5,0.0,14,4900,买盘
287,09:54:57,3.5,0.0,3,1050,买盘
288,09:55:10,3.49,-0.01,100,34900,卖盘
289,09:55:31,3.49,0.0,57,19893,卖盘
290,09:55:36,3.49,0.0,10,3490,卖盘
291,09:55:42,3.5,0.01,5,1750,买盘
292,09:55:45,3.5,0.0,12,4200,买盘
293,09:55:48,3.5,0.0,12,4200,买盘
294,09:55:54,3.5,0.0,18,6300,买盘
295,09:56:00,3.5,0.0,18,6300,买盘
296,09:56:09,3.49,-0.01,58,20260,卖盘
297,09:56:12,3.5,0.01,12,4200,买盘
298,09:56:15,3.5,0.0,18,6300,买盘
299,09:56:18,3.49,-0.01,5,1745,卖盘
300,09:56:21,3.5,0.01,17,5950,买盘
301,09:56:28,3.5,0.0,3,1050,买盘
302,09:56:36,3.49,-0.01,86,30014,卖盘
303,09:56:48,3.5,0.01,6,2100,买盘
304,09:57:10,3.5,0.0,41,14350,买盘
305,09:57:12,3.5,0.0,6,2100,买盘
306,09:57:21,3.49,-0.01,23,8045,卖盘
307,09:57:31,3.5,0.01,6,2100,买盘
308,09:57:36,3.5,0.0,1,350,买盘
309,09:57:39,3.5,0.0,6,2100,买盘
310,09:57:42,3.5,0.0,6,2100,买盘
311,09:57:45,3.5,0.0,19,6649,买盘
312,09:57:49,3.5,0.0,6,2100,买盘
313,09:57:52,3.5,0.0,24,8400,买盘
314,09:57:55,3.5,0.0,6,2100,买盘
315,09:57:57,3.5,0.0,36,12600,买盘
316,09:58:04,3.5,0.0,63,22050,买盘
317,09:58:06,3.5,0.0,6,2100,买盘
318,09:58:10,3.5,0.0,12,4200,买盘
319,09:58:13,3.5,0.0,21,7350,买盘
320,09:58:15,3.49,-0.01,6,2094,卖盘
321,09:58:18,3.5,0.01,12,4200,买盘
322,09:58:21,3.5,0.0,35,12250,买盘
323,09:58:27,3.5,0.0,74,25900,买盘
324,09:58:30,3.5,0.0,25,8750,买盘
325,09:58:34,3.5,0.0,6,2100,买盘
326,09:58:45,3.5,0.0,6,2100,买盘
327,09:58:51,3.5,0.0,6,2100,买盘
328,09:58:54,3.5,0.0,6,2100,买盘
329,09:58:57,3.5,0.0,119,41650,买盘
330,09:59:00,3.49,-0.01,148,51652,卖盘
331,09:59:12,3.49,0.0,75,26175,卖盘
332,09:59:24,3.5,0.01,10,3500,买盘
333,09:59:33,3.49,-0.01,11,3839,卖盘
334,09:59:51,3.5,0.01,10,3500,买盘
335,09:59:54,3.5,0.0,11,3850,买盘
336,09:59:58,3.5,0.0,22,7700,买盘
337,10:00:04,3.5,0.0,18,6300,买盘
338,10:00:09,3.5,0.0,2,700,买盘
339,10:00:16,3.49,-0.01,181,63169,卖盘
340,10:00:18,3.5,0.01,3,1050,买盘
341,10:00:30,3.5,0.0,28,9800,买盘
342,10:00:36,3.5,0.0,15,5250,买盘
343,10:00:45,3.5,0.0,11,3850,买盘
344,10:01:15,3.49,-0.01,1400,488600,卖盘
345,10:01:30,3.5,0.01,20,7000,买盘
346,10:01:33,3.49,-0.01,10,3490,卖盘
347,10:01:36,3.49,0.0,16,5584,卖盘
348,10:01:39,3.5,0.01,58,20250,买盘
349,10:01:42,3.5,0.0,6,2100,买盘
350,10:01:45,3.5,0.0,151,52850,买盘
351,10:01:48,3.5,0.0,6,2100,买盘
352,10:01:51,3.5,0.0,12,4200,买盘
353,10:01:54,3.5,0.0,8,2800,买盘
354,10:02:01,3.5,0.0,12,4200,买盘
355,10:02:04,3.49,-0.01,10,3490,卖盘
356,10:02:09,3.5,0.01,6,2100,买盘
357,10:02:15,3.5,0.0,239,83650,买盘
358,10:02:19,3.5,0.0,6,2100,买盘
359,10:02:22,3.5,0.0,3253,1138550,买盘
360,10:02:24,3.5,0.0,37,12950,卖盘
361,10:02:27,3.5,0.0,98,34300,买盘
362,10:02:30,3.5,0.0,170,59500,买盘
363,10:02:33,3.5,0.0,96,33673,卖盘
364,10:02:39,3.5,0.0,42,14700,买盘
365,10:02:42,3.5,0.0,15,5250,买盘
366,10:02:45,3.5,0.0,81,28350,卖盘
367,10:02:48,3.5,0.0,1,350,买盘
368,10:03:00,3.5,0.0,7,2450,买盘
369,10:03:06,3.5,0.0,81,28350,买盘
370,10:03:12,3.5,0.0,50,17500,买盘
371,10:03:33,3.5,0.0,36,12600,买盘
372,10:03:37,3.5,0.0,4,1400,买盘
373,10:03:42,3.5,0.0,42,14700,买盘
374,10:03:45,3.5,0.0,67,23450,买盘
375,10:03:48,3.5,0.0,85,29750,买盘
376,10:03:51,3.5,0.0,122,42700,买盘
377,10:03:54,3.5,0.0,18,6300,买盘
378,10:03:57,3.5,0.0,22,7700,买盘
379,10:04:00,3.5,0.0,46,16100,买盘
380,10:04:03,3.5,0.0,75,26250,买盘
381,10:04:06,3.5,0.0,138,48300,买盘
382,10:04:09,3.5,0.0,92,32198,买盘
383,10:04:12,3.5,0.0,75,26250,买盘
384,10:04:16,3.5,0.0,6,2100,买盘
385,10:04:18,3.5,0.0,6,2100,买盘
386,10:04:21,3.5,0.0,1,350,买盘
387,10:04:27,3.5,0.0,119,41650,买盘
388,10:04:33,3.5,0.0,16,5600,买盘
389,10:04:42,3.5,0.0,6,2100,买盘
390,10:04:46,3.5,0.0,6,2100,买盘
391,10:04:48,3.5,0.0,371,129850,买盘
392,10:04:57,3.5,0.0,1,350,买盘
393,10:05:06,3.5,0.0,500,175000,买盘
394,10:05:09,3.49,-0.01,117,40948,卖盘
395,10:05:12,3.5,0.01,31,10850,买盘
396,10:05:15,3.5,0.0,3,1050,买盘
397,10:05:19,3.5,0.0,2,700,买盘
398,10:05:22,3.5,0.0,2,700,买盘
399,10:05:24,3.5,0.0,12,4200,买盘
400,10:05:27,3.5,0.0,7,2450,买盘
401,10:05:36,3.5,0.0,15,5250,买盘
402,10:05:39,3.5,0.0,20,7000,买盘
403,10:05:49,3.5,0.0,51,17850,买盘
404,10:05:52,3.5,0.0,2,700,买盘
405,10:05:57,3.5,0.0,2,700,买盘
406,10:06:00,3.5,0.0,87,30450,买盘
407,10:06:03,3.5,0.0,69,24150,买盘
408,10:06:06,3.5,0.0,16,5600,买盘
409,10:06:09,3.51,0.01,203,71231,买盘
410,10:06:15,3.51,0.0,14,4914,买盘
411,10:06:28,3.51,0.0,76,26676,买盘
412,10:06:39,3.51,0.0,30,10530,买盘
413,10:06:45,3.51,0.0,19,6669,买盘
414,10:06:48,3.51,0.0,37,12987,买盘
415,10:07:00,3.5,-0.01,1,350,卖盘
416,10:07:04,3.51,0.01,56,19606,买盘
417,10:07:09,3.51,0.0,4,1404,买盘
418,10:07:12,3.51,0.0,6,2106,买盘
419,10:07:18,3.5,-0.01,100,35000,卖盘
420,10:07:21,3.51,0.01,96,33696,买盘
421,10:07:30,3.5,-0.01,10,3500,卖盘
422,10:07:33,3.51,0.01,100,35100,买盘
423,10:07:36,3.51,0.0,6,2106,买盘
424,10:07:45,3.5,-0.01,644,226042,卖盘
425,10:07:51,3.51,0.01,4,1404,买盘
426,10:07:54,3.51,0.0,122,42822,买盘
427,10:08:06,3.5,-0.01,12,4200,卖盘
428,10:08:15,3.51,0.01,5,1755,买盘
429,10:08:18,3.51,0.0,6,2106,买盘
430,10:08:21,3.51,0.0,6,2106,买盘
431,10:08:24,3.5,-0.01,231,80850,卖盘
432,10:08:27,3.51,0.01,6,2106,买盘
433,10:08:30,3.51,0.0,127,44575,买盘
434,10:08:36,3.51,0.0,6,2106,买盘
435,10:08:40,3.51,0.0,73,25623,买盘
436,10:08:42,3.51,0.0,23,8073,买盘
437,10:08:51,3.5,-0.01,10,3500,卖盘
438,10:09:12,3.51,0.01,90,31590,买盘
439,10:09:21,3.51,0.0,62,21762,买盘
440,10:09:37,3.51,0.0,30,10530,买盘
441,10:09:45,3.5,-0.01,6,2100,卖盘
442,10:09:48,3.51,0.01,23,8073,买盘
443,10:10:04,3.51,0.0,19,6669,买盘
444,10:10:09,3.51,0.0,45,15795,买盘
445,10:10:19,3.5,-0.01,2,700,卖盘
446,10:10:21,3.51,0.01,63,22113,买盘
447,10:10:27,3.51,0.0,22,7722,买盘
448,10:10:39,3.51,0.0,43,15056,买盘
449,10:10:48,3.51,0.0,77,26987,买盘
450,10:10:55,3.5,-0.01,449,157150,卖盘
451,10:10:57,3.49,-0.01,46,16094,卖盘
452,10:11:01,3.5,0.01,2,700,买盘
453,10:11:04,3.5,0.0,33,11550,买盘
454,10:11:12,3.5,0.0,20,7000,卖盘
455,10:11:15,3.5,0.0,4,1400,卖盘
456,10:11:21,3.5,0.0,28,9800,买盘
457,10:11:42,3.5,0.0,583,204050,卖盘
458,10:11:46,3.5,0.0,45,15750,买盘
459,10:11:48,3.5,0.0,43,15050,买盘
460,10:12:04,3.5,0.0,2,700,卖盘
461,10:12:18,3.5,0.0,49,17150,卖盘
462,10:12:21,3.5,0.0,8,2800,买盘
463,10:12:24,3.5,0.0,1,350,买盘
464,10:12:43,3.5,0.0,11,3850,卖盘
465,10:12:45,3.51,0.01,121,42471,买盘
466,10:12:48,3.51,0.0,28,9828,买盘
467,10:12:54,3.51,0.0,6,2106,买盘
468,10:13:03,3.51,0.0,33,11583,买盘
469,10:13:06,3.51,0.0,72,25267,买盘
470,10:13:09,3.51,0.0,39,13689,买盘
471,10:13:12,3.51,0.0,29,10179,买盘
472,10:13:21,3.51,0.0,29,10179,买盘
473,10:13:24,3.51,0.0,6,2106,买盘
474,10:13:30,3.51,0.0,6,2106,买盘
475,10:13:36,3.51,0.0,40,14040,买盘
476,10:13:54,3.51,0.0,63,22113,买盘
477,10:13:57,3.51,0.0,12,4212,买盘
478,10:14:00,3.51,0.0,12,4212,买盘
479,10:14:03,3.51,0.0,6,2106,买盘
480,10:14:06,3.51,0.0,23,8073,买盘
481,10:14:09,3.51,0.0,82,28782,买盘
482,10:14:12,3.51,0.0,18,6318,买盘
483,10:14:15,3.51,0.0,12,4212,买盘
484,10:14:18,3.51,0.0,131,45981,买盘
485,10:14:25,3.51,0.0,23,8073,买盘
486,10:14:31,3.51,0.0,31,10881,买盘
487,10:14:34,3.51,0.0,11,3861,买盘
488,10:14:36,3.51,0.0,23,8073,买盘
489,10:14:39,3.51,0.0,1817,637767,买盘
490,10:14:42,3.51,0.0,105,36855,买盘
491,10:14:45,3.51,0.0,157,55107,买盘
492,10:14:49,3.52,0.01,68,23880,买盘
493,10:14:52,3.52,0.0,9,3168,买盘
494,10:14:55,3.52,0.0,35,12320,买盘
495,10:14:57,3.52,0.0,12,4224,买盘
496,10:15:00,3.52,0.0,27,9504,买盘
497,10:15:04,3.52,0.0,23,8096,买盘
498,10:15:06,3.52,0.0,55,19360,买盘
499,10:15:10,3.52,0.0,19,6688,买盘
500,10:15:19,3.52,0.0,113,39726,买盘
501,10:15:21,3.52,0.0,21,7392,买盘
502,10:15:27,3.52,0.0,9,3168,买盘
503,10:15:30,3.52,0.0,6,2112,买盘
504,10:15:49,3.52,0.0,5,1760,买盘
505,10:16:00,3.52,0.0,31,10912,买盘
506,10:16:12,3.51,-0.01,2,702,卖盘
507,10:16:18,3.52,0.01,50,17600,买盘
508,10:16:24,3.52,0.0,133,46816,买盘
509,10:16:27,3.52,0.0,30,10560,买盘
510,10:16:33,3.51,-0.01,188,66159,卖盘
511,10:16:37,3.52,0.01,300,105600,买盘
512,10:16:39,3.52,0.0,6,2112,买盘
513,10:16:54,3.51,-0.01,80,28083,卖盘
514,10:17:00,3.52,0.01,29,10205,买盘
515,10:17:07,3.52,0.0,1,352,买盘
516,10:17:12,3.52,0.0,12,4224,买盘
517,10:17:15,3.51,-0.01,10,3510,卖盘
518,10:17:27,3.52,0.01,18,6330,买盘
519,10:17:30,3.52,0.0,23,8096,买盘
520,10:17:33,3.52,0.0,3,1056,买盘
521,10:17:51,3.51,-0.01,2,702,卖盘
522,10:17:57,3.52,0.01,10,3520,买盘
523,10:18:00,3.52,0.0,39,13728,买盘
524,10:18:09,3.52,0.0,12,4224,买盘
525,10:18:18,3.52,0.0,5,1760,买盘
526,10:18:39,3.52,0.0,2,704,买盘
527,10:18:42,3.52,0.0,10,3520,买盘
528,10:18:54,3.51,-0.01,3,1053,卖盘
529,10:19:00,3.52,0.01,26,9152,买盘
530,10:19:06,3.52,0.0,85,29920,买盘
531,10:19:19,3.52,0.0,10,3520,买盘
532,10:19:24,3.51,-0.01,100,35100,卖盘
533,10:19:33,3.51,0.0,45,15795,卖盘
534,10:19:40,3.51,0.0,27,9477,卖盘
535,10:19:42,3.51,0.0,18,6318,卖盘
536,10:19:57,3.51,0.0,52,18252,卖盘
537,10:20:00,3.52,0.01,26,9152,买盘
538,10:20:04,3.52,0.0,19,6688,买盘
539,10:20:12,3.51,-0.01,100,35100,卖盘
540,10:20:27,3.51,0.0,15,5265,卖盘
541,10:20:30,3.52,0.01,87,30624,买盘
542,10:20:48,3.51,-0.01,1,351,卖盘
543,10:20:51,3.51,0.0,3,1053,卖盘
544,10:21:00,3.52,0.01,143,50220,买盘
545,10:21:04,3.51,-0.01,329,115479,卖盘
546,10:21:09,3.51,0.0,116,40716,卖盘
547,10:21:18,3.52,0.01,2,704,买盘
548,10:21:24,3.51,-0.01,150,52650,卖盘
549,10:21:27,3.51,0.0,164,57575,卖盘
550,10:21:36,3.52,0.01,3,1056,买盘
551,10:21:39,3.51,-0.01,27,9477,卖盘
552,10:21:42,3.51,0.0,51,17901,卖盘
553,10:21:45,3.51,0.0,62,21762,买盘
554,10:21:48,3.5,-0.01,42,14778,卖盘
555,10:22:03,3.51,0.01,50,17553,卖盘
556,10:22:06,3.51,0.0,8,2808,买盘
557,10:22:10,3.51,0.0,4,1404,买盘
558,10:22:12,3.51,0.0,2,702,买盘
559,10:22:16,3.51,0.0,1,351,买盘
560,10:22:39,3.51,0.0,3,1053,买盘
561,10:22:51,3.51,0.0,12,4212,买盘
562,10:22:54,3.5,-0.01,2,700,卖盘
563,10:23:00,3.51,0.01,10,3510,买盘
564,10:23:03,3.52,0.01,24,8448,买盘
565,10:23:10,3.51,-0.01,66,23166,卖盘
566,10:23:12,3.52,0.01,2299,809244,买盘
567,10:23:21,3.51,-0.01,545,191295,买盘
568,10:23:24,3.51,0.0,16,5616,买盘
569,10:23:30,3.51,0.0,17,5967,买盘
570,10:23:37,3.51,0.0,75,26325,买盘
571,10:23:48,3.5,-0.01,3,1050,卖盘
572,10:23:51,3.51,0.01,100,35100,买盘
573,10:23:54,3.51,0.0,101,35451,买盘
574,10:24:00,3.51,0.0,27,9477,买盘
575,10:24:06,3.51,0.0,1,351,买盘
576,10:24:12,3.51,0.0,4,1404,买盘
577,10:24:21,3.51,0.0,23,8073,买盘
578,10:24:28,3.51,0.0,1,351,买盘
579,10:24:30,3.51,0.0,167,58617,买盘
580,10:24:33,3.51,0.0,100,35100,买盘
581,10:24:45,3.51,0.0,30,10530,买盘
582,10:24:54,3.5,-0.01,2,700,卖盘
583,10:25:00,3.51,0.01,26,9126,买盘
584,10:25:03,3.51,0.0,6,2106,买盘
585,10:25:09,3.51,0.0,64,22464,买盘
586,10:25:13,3.51,0.0,60,21060,买盘
587,10:25:18,3.51,0.0,3,1053,买盘
588,10:25:24,3.51,0.0,2,702,买盘
589,10:25:27,3.51,0.0,4,1404,买盘
590,10:25:36,3.51,0.0,23,8073,买盘
591,10:25:39,3.51,0.0,4,1404,买盘
592,10:25:45,3.5,-0.01,3,1050,卖盘
593,10:25:48,3.51,0.01,10,3510,买盘
594,10:25:54,3.51,0.0,2,702,买盘
595,10:26:01,3.51,0.0,26,9126,买盘
596,10:26:24,3.51,0.0,8,2808,买盘
597,10:26:27,3.51,0.0,57,20007,买盘
598,10:26:30,3.51,0.0,9,3159,买盘
599,10:26:33,3.51,0.0,8,2808,买盘
600,10:26:39,3.51,0.0,109,38259,买盘
601,10:26:45,3.51,0.0,53,18603,买盘
602,10:26:51,3.51,0.0,23,8073,买盘
603,10:26:54,3.5,-0.01,2,700,卖盘
604,10:27:00,3.51,0.01,27,9477,买盘
605,10:27:04,3.51,0.0,5,1755,买盘
606,10:27:06,3.51,0.0,39,13689,买盘
607,10:27:09,3.51,0.0,21,7371,卖盘
608,10:27:12,3.51,0.0,7,2457,买盘
609,10:27:27,3.51,0.0,36,12636,买盘
610,10:27:30,3.51,0.0,10,3510,卖盘
611,10:27:39,3.52,0.01,2,704,买盘
612,10:27:49,3.51,-0.01,3,1053,卖盘
613,10:27:57,3.52,0.01,2,704,买盘
614,10:28:00,3.52,0.0,47,16544,买盘
615,10:28:09,3.52,0.0,51,17952,买盘
616,10:28:27,3.52,0.0,34,11968,买盘
617,10:28:30,3.52,0.0,52,18304,买盘
618,10:28:39,3.52,0.0,17,5984,买盘
619,10:28:48,3.52,0.0,41,14432,买盘
620,10:28:54,3.51,-0.01,3,1053,卖盘
621,10:28:57,3.52,0.01,8,2816,买盘
622,10:29:00,3.52,0.0,23,8096,买盘
623,10:29:10,3.52,0.0,3,1056,买盘
624,10:29:27,3.52,0.0,2,704,买盘
625,10:29:39,3.52,0.0,8,2816,买盘
626,10:29:48,3.51,-0.01,2,702,卖盘
627,10:30:01,3.52,0.01,21,7392,买盘
628,10:30:04,3.52,0.0,20,7040,买盘
629,10:30:06,3.52,0.0,1,352,买盘
630,10:30:09,3.52,0.0,4,1408,买盘
631,10:30:12,3.52,0.0,15,5280,买盘
632,10:30:21,3.52,0.0,8,2816,买盘
633,10:30:24,3.51,-0.01,37,13023,卖盘
634,10:30:27,3.52,0.01,5,1760,买盘
635,10:30:36,3.52,0.0,70,24640,买盘
636,10:30:39,3.52,0.0,3,1056,买盘
637,10:30:42,3.52,0.0,9,3168,买盘
638,10:30:51,3.52,0.0,67,23581,买盘
639,10:31:00,3.52,0.0,2,704,买盘
640,10:31:04,3.52,0.0,80,28160,买盘
641,10:31:07,3.52,0.0,29,10208,买盘
642,10:31:09,3.52,0.0,300,105600,买盘
643,10:31:13,3.52,0.0,44,15488,买盘
644,10:31:16,3.52,0.0,5,1760,买盘
645,10:31:19,3.52,0.0,10,3520,卖盘
646,10:31:21,3.52,0.0,13,4576,卖盘
647,10:31:28,3.52,0.0,8,2816,买盘
648,10:31:30,3.52,0.0,5,1760,买盘
649,10:31:36,3.52,0.0,4,1408,买盘
650,10:31:42,3.52,0.0,34,11968,买盘
651,10:31:45,3.52,0.0,15,5280,买盘
652,10:31:51,3.52,0.0,2,704,卖盘
653,10:31:58,3.53,0.01,2,706,买盘
654,10:32:09,3.52,-0.01,10,3520,卖盘
655,10:32:12,3.53,0.01,4,1412,买盘
656,10:32:21,3.53,0.0,4,1412,买盘
657,10:32:27,3.53,0.0,4,1412,买盘
658,10:32:30,3.53,0.0,32,11266,买盘
659,10:32:36,3.53,0.0,4,1412,买盘
660,10:32:39,3.52,-0.01,37,13025,卖盘
661,10:32:42,3.52,0.0,18,6336,买盘
662,10:32:45,3.52,0.0,3,1056,卖盘
663,10:32:48,3.53,0.01,4,1412,买盘
664,10:32:57,3.53,0.0,149,52597,买盘
665,10:33:01,3.53,0.0,4,1412,买盘
666,10:33:03,3.53,0.0,3,1059,买盘
667,10:33:12,3.53,0.0,4,1412,买盘
668,10:33:18,3.53,0.0,4,1412,买盘
669,10:33:24,3.53,0.0,5,1765,买盘
670,10:33:30,3.53,0.0,56,19718,买盘
671,10:33:39,3.53,0.0,4,1412,买盘
672,10:33:42,3.53,0.0,3,1059,买盘
673,10:33:48,3.53,0.0,385,135905,买盘
674,10:33:51,3.53,0.0,38,13414,买盘
675,10:33:54,3.52,-0.01,3,1056,卖盘
676,10:33:58,3.53,0.01,3,1057,买盘
677,10:34:01,3.53,0.0,6,2118,买盘
678,10:34:18,3.52,-0.01,1,352,卖盘
679,10:34:24,3.53,0.01,3,1059,买盘
680,10:34:27,3.53,0.0,11,3883,买盘
681,10:34:30,3.53,0.0,2,706,买盘
682,10:34:48,3.53,0.0,8,2822,买盘
683,10:34:57,3.53,0.0,6,2118,买盘
684,10:35:00,3.53,0.0,9,3177,买盘
685,10:35:04,3.53,0.0,18,6354,买盘
686,10:35:09,3.53,0.0,6,2118,买盘
687,10:35:12,3.53,0.0,6,2118,买盘
688,10:35:15,3.53,0.0,4,1412,买盘
689,10:35:21,3.53,0.0,12,4236,买盘
690,10:35:27,3.53,0.0,12,4236,买盘
691,10:35:36,3.53,0.0,8,2824,买盘
692,10:35:42,3.53,0.0,12,4236,买盘
693,10:35:48,3.53,0.0,6,2118,买盘
694,10:35:51,3.53,0.0,162,57186,买盘
695,10:35:57,3.52,-0.01,3,1056,卖盘
696,10:36:00,3.53,0.01,2,706,买盘
697,10:36:06,3.53,0.0,6,2118,买盘
698,10:36:09,3.53,0.0,17,6001,买盘
699,10:36:24,3.53,0.0,64,22592,买盘
700,10:36:37,3.53,0.0,132,46466,买盘
701,10:36:57,3.52,-0.01,2,704,卖盘
702,10:37:00,3.53,0.01,3,1059,买盘
703,10:37:09,3.52,-0.01,20,7040,卖盘
704,10:37:18,3.53,0.01,107,37771,买盘
705,10:37:21,3.52,-0.01,12,4224,卖盘
706,10:37:25,3.52,0.0,117,41184,卖盘
707,10:37:33,3.53,0.01,2,706,买盘
708,10:37:43,3.52,-0.01,1,352,卖盘
709,10:37:46,3.53,0.01,8,2824,买盘
710,10:37:48,3.53,0.0,28,9884,买盘
711,10:37:51,3.53,0.0,4,1409,买盘
712,10:37:54,3.53,0.0,1,353,买盘
713,10:38:00,3.53,0.0,2,706,买盘
714,10:38:03,3.53,0.0,1,353,买盘
715,10:38:10,3.53,0.0,6,2118,买盘
716,10:38:13,3.53,0.0,30,10590,买盘
717,10:38:16,3.53,0.0,8,2824,买盘
718,10:38:28,3.53,0.0,42,14826,买盘
719,10:38:30,3.53,0.0,16,5648,买盘
720,10:38:33,3.53,0.0,2,706,买盘
721,10:38:39,3.52,-0.01,2,704,卖盘
722,10:38:45,3.53,0.01,8,2824,买盘
723,10:38:55,3.52,-0.01,4,1408,卖盘
724,10:39:04,3.53,0.01,2,706,买盘
725,10:39:06,3.52,-0.01,15,5280,卖盘
726,10:39:21,3.52,0.0,57,20064,卖盘
727,10:39:31,3.53,0.01,3,1059,买盘
728,10:39:48,3.52,-0.01,40,14080,卖盘
729,10:39:51,3.52,0.0,3,1056,卖盘
730,10:40:00,3.52,0.0,100,35200,卖盘
731,10:40:04,3.53,0.01,21,7413,买盘
732,10:40:10,3.52,-0.01,100,35200,卖盘
733,10:40:24,3.52,0.0,42,14787,卖盘
734,10:40:33,3.53,0.01,2,706,买盘
735,10:40:36,3.52,-0.01,205,72160,卖盘
736,10:40:39,3.52,0.0,4,1408,卖盘
737,10:40:45,3.52,0.0,49,17248,卖盘
738,10:40:48,3.52,0.0,19,6688,买盘
739,10:40:51,3.51,-0.01,3,1053,卖盘
740,10:41:04,3.52,0.01,2,704,买盘
741,10:41:06,3.52,0.0,2,703,买盘
742,10:41:09,3.52,0.0,8,2816,买盘
743,10:41:12,3.52,0.0,21,7392,买盘
744,10:41:18,3.52,0.0,4,1408,买盘
745,10:41:30,3.52,0.0,3,1056,买盘
746,10:41:33,3.52,0.0,3,1056,买盘
747,10:41:36,3.52,0.0,10,3520,买盘
748,10:41:48,3.51,-0.01,50,17550,卖盘
749,10:41:54,3.51,0.0,2,702,卖盘
750,10:42:04,3.52,0.01,2,704,买盘
751,10:42:21,3.52,0.0,4,1408,买盘
752,10:42:24,3.52,0.0,1,352,买盘
753,10:42:33,3.52,0.0,2,704,买盘
754,10:42:51,3.52,0.0,5,1760,买盘
755,10:42:54,3.51,-0.01,3,1053,卖盘
756,10:43:04,3.52,0.01,2,704,买盘
757,10:43:15,3.52,0.0,12,4224,买盘
758,10:43:18,3.52,0.0,3,1056,买盘
759,10:43:24,3.52,0.0,1,352,买盘
760,10:43:33,3.52,0.0,3,1056,买盘
761,10:43:48,3.52,0.0,30,10560,买盘
762,10:43:52,3.51,-0.01,2,702,卖盘
763,10:43:54,3.52,0.01,6,2112,买盘
764,10:44:04,3.52,0.0,3,1056,买盘
765,10:44:06,3.52,0.0,4,1408,买盘
766,10:44:21,3.52,0.0,31,10912,买盘
767,10:44:24,3.52,0.0,79,27808,买盘
768,10:44:31,3.52,0.0,9,3168,买盘
769,10:44:34,3.52,0.0,13,4576,买盘
770,10:44:36,3.52,0.0,8,2816,买盘
771,10:44:39,3.52,0.0,1,352,买盘
772,10:44:43,3.52,0.0,9,3168,买盘
773,10:44:51,3.51,-0.01,47,16541,卖盘
774,10:44:54,3.52,0.01,18,6336,买盘
775,10:45:00,3.52,0.0,40,14080,买盘
776,10:45:04,3.52,0.0,2,704,买盘
777,10:45:15,3.52,0.0,1,352,买盘
778,10:45:21,3.52,0.0,4,1408,买盘
779,10:45:36,3.52,0.0,2,704,买盘
780,10:45:42,3.52,0.0,5,1760,买盘
781,10:45:45,3.52,0.0,1,352,买盘
782,10:45:48,3.51,-0.01,1,351,卖盘
783,10:45:51,3.52,0.01,10,3520,买盘
784,10:45:58,3.52,0.0,27,9504,买盘
785,10:46:04,3.52,0.0,4,1408,买盘
786,10:46:06,3.51,-0.01,11,3864,卖盘
787,10:46:21,3.52,0.01,8,2816,买盘
788,10:46:24,3.52,0.0,61,21472,买盘
789,10:46:27,3.52,0.0,4,1408,买盘
790,10:46:31,3.52,0.0,3,1056,买盘
791,10:46:34,3.52,0.0,2,704,买盘
792,10:46:49,3.52,0.0,4,1408,买盘
793,10:47:04,3.52,0.0,9,3168,买盘
794,10:47:06,3.52,0.0,3,1056,买盘
795,10:47:09,3.52,0.0,5,1760,买盘
796,10:47:21,3.52,0.0,1,352,买盘
797,10:47:24,3.52,0.0,4,1408,买盘
798,10:47:27,3.52,0.0,46,16192,买盘
799,10:47:30,3.52,0.0,6,2112,买盘
800,10:47:33,3.52,0.0,2,704,买盘
801,10:47:36,3.52,0.0,2,704,买盘
802,10:47:39,3.52,0.0,2,704,买盘
803,10:47:51,3.52,0.0,3,1056,买盘
804,10:47:54,3.52,0.0,14,4928,买盘
805,10:48:00,3.52,0.0,7,2464,买盘
806,10:48:04,3.52,0.0,2,704,买盘
807,10:48:06,3.52,0.0,3,1056,买盘
808,10:48:09,3.52,0.0,7,2464,买盘
809,10:48:18,3.52,0.0,2,704,买盘
810,10:48:33,3.52,0.0,60,21120,买盘
811,10:48:36,3.52,0.0,6,2112,买盘
812,10:48:39,3.52,0.0,2,704,买盘
813,10:48:49,3.52,0.0,16,5632,买盘
814,10:49:03,3.52,0.0,4,1408,买盘
815,10:49:06,3.52,0.0,11,3863,买盘
816,10:49:12,3.52,0.0,101,35552,买盘
817,10:49:21,3.52,0.0,1,352,买盘
818,10:49:24,3.52,0.0,3,1056,买盘
819,10:49:27,3.52,0.0,6,2112,买盘
820,10:49:30,3.52,0.0,2,704,买盘
821,10:49:33,3.52,0.0,3,1056,买盘
822,10:49:36,3.52,0.0,2,704,买盘
823,10:50:01,3.52,0.0,5,1760,买盘
824,10:50:04,3.52,0.0,21,7392,买盘
825,10:50:06,3.52,0.0,3,1056,买盘
826,10:50:21,3.52,0.0,1,352,买盘
827,10:50:24,3.52,0.0,1,352,买盘
828,10:50:27,3.52,0.0,3,1056,买盘
829,10:50:30,3.52,0.0,8,2816,买盘
830,10:50:33,3.52,0.0,43,15136,买盘
831,10:50:36,3.52,0.0,34,11968,买盘
832,10:50:39,3.52,0.0,41,14432,买盘
833,10:50:42,3.52,0.0,4,1408,买盘
834,10:50:45,3.52,0.0,42,14784,买盘
835,10:50:48,3.52,0.0,2,704,买盘
836,10:50:51,3.52,0.0,5,1760,买盘
837,10:50:54,3.52,0.0,62,21824,买盘
838,10:50:58,3.52,0.0,56,19702,买盘
839,10:51:00,3.52,0.0,8,2816,买盘
840,10:51:04,3.52,0.0,6,2112,买盘
841,10:51:06,3.52,0.0,16,5632,买盘
842,10:51:09,3.52,0.0,14,4928,买盘
843,10:51:15,3.52,0.0,8,2816,买盘
844,10:51:18,3.52,0.0,3,1056,买盘
845,10:51:22,3.53,0.01,600,211394,买盘
846,10:51:27,3.53,0.0,20,7038,买盘
847,10:51:30,3.53,0.0,2,706,买盘
848,10:51:33,3.53,0.0,4,1412,买盘
849,10:51:36,3.53,0.0,2,706,买盘
850,10:51:42,3.52,-0.01,23,8097,中性盘
851,10:51:46,3.51,-0.01,134,47050,卖盘
852,10:51:51,3.52,0.01,3,1056,卖盘
853,10:51:54,3.52,0.0,4,1408,买盘
854,10:51:57,3.52,0.0,1,352,买盘
855,10:52:06,3.52,0.0,38,13343,买盘
856,10:52:09,3.52,0.0,102,35904,买盘
857,10:52:12,3.52,0.0,24,8448,买盘
858,10:52:15,3.52,0.0,19,6688,买盘
859,10:52:24,3.51,-0.01,90,31590,卖盘
860,10:52:27,3.52,0.01,48,16860,买盘
861,10:52:31,3.52,0.0,40,14080,买盘
862,10:52:36,3.52,0.0,2,704,买盘
863,10:52:39,3.52,0.0,118,41536,买盘
864,10:52:42,3.52,0.0,16,5632,买盘
865,10:52:45,3.52,0.0,64,22532,卖盘
866,10:52:48,3.53,0.01,6,2118,买盘
867,10:52:57,3.53,0.0,2,706,买盘
868,10:53:00,3.53,0.0,1,353,买盘
869,10:53:04,3.53,0.0,300,105900,买盘
870,10:53:06,3.52,-0.01,18,6336,卖盘
871,10:53:09,3.53,0.01,2,706,买盘
872,10:53:30,3.53,0.0,3,1059,买盘
873,10:53:40,3.53,0.0,2,706,买盘
874,10:53:43,3.52,-0.01,1,352,卖盘
875,10:53:58,3.53,0.01,2,706,买盘
876,10:54:03,3.52,-0.01,203,71458,卖盘
877,10:54:06,3.52,0.0,8,2816,卖盘
878,10:54:09,3.53,0.01,2,706,买盘
879,10:54:24,3.52,-0.01,64,22528,卖盘
880,10:54:27,3.53,0.01,50,17650,买盘
881,10:54:30,3.53,0.0,4,1412,买盘
882,10:54:33,3.53,0.0,2,706,买盘
883,10:54:39,3.53,0.0,3,1059,买盘
884,10:54:42,3.52,-0.01,37,13024,卖盘
885,10:54:58,3.53,0.01,1,353,买盘
886,10:55:04,3.52,-0.01,12,4224,卖盘
887,10:55:09,3.53,0.01,2,706,买盘
888,10:55:18,3.52,-0.01,200,70400,卖盘
889,10:55:24,3.52,0.0,84,29612,卖盘
890,10:55:27,3.52,0.0,6,2112,买盘
891,10:55:33,3.52,0.0,1,352,买盘
892,10:55:36,3.52,0.0,1,352,买盘
893,10:55:39,3.52,0.0,41,14432,买盘
894,10:55:42,3.51,-0.01,54,18981,卖盘
895,10:55:45,3.52,0.01,6,2112,买盘
896,10:55:48,3.52,0.0,31,10912,买盘
897,10:55:57,3.52,0.0,10,3520,买盘
898,10:56:00,3.52,0.0,4,1408,买盘
899,10:56:04,3.51,-0.01,43,15093,卖盘
900,10:56:06,3.52,0.01,17,5984,买盘
901,10:56:12,3.52,0.0,2,704,买盘
902,10:56:21,3.52,0.0,8,2816,买盘
903,10:56:24,3.51,-0.01,20,7020,卖盘
904,10:56:27,3.52,0.01,6,2112,买盘
905,10:56:43,3.52,0.0,3,1056,买盘
906,10:56:45,3.51,-0.01,10,3510,卖盘
907,10:56:48,3.51,0.0,10,3511,卖盘
908,10:56:54,3.52,0.01,6,2112,买盘
909,10:56:57,3.52,0.0,273,96096,买盘
910,10:57:03,3.51,-0.01,99,34757,卖盘
911,10:57:09,3.52,0.01,9,3168,买盘
912,10:57:21,3.52,0.0,4,1408,买盘
913,10:57:24,3.51,-0.01,32,11232,卖盘
914,10:57:27,3.52,0.01,2,704,买盘
915,10:57:30,3.52,0.0,6,2112,买盘
916,10:57:33,3.53,0.01,1,353,买盘
917,10:57:39,3.53,0.0,2,706,买盘
918,10:57:45,3.53,0.0,44,15518,买盘
919,10:57:51,3.52,-0.01,22,7744,卖盘
920,10:57:57,3.52,0.0,3,1056,买盘
921,10:58:04,3.51,-0.01,21,7371,卖盘
922,10:58:09,3.52,0.01,1,352,买盘
923,10:58:12,3.52,0.0,3,1056,买盘
924,10:58:27,3.52,0.0,2,704,买盘
925,10:58:30,3.51,-0.01,7,2457,卖盘
926,10:58:42,3.52,0.01,2,704,买盘
927,10:58:45,3.51,-0.01,3,1053,卖盘
928,10:58:51,3.52,0.01,43,15136,买盘
929,10:58:54,3.52,0.0,4,1408,买盘
930,10:58:57,3.52,0.0,13,4576,买盘
931,10:59:00,3.52,0.0,11,3872,买盘
932,10:59:04,3.51,-0.01,28,9840,卖盘
933,10:59:06,3.52,0.01,29,10208,买盘
934,10:59:09,3.52,0.0,6,2112,买盘
935,10:59:12,3.53,0.01,30,10581,买盘
936,10:59:18,3.53,0.0,8,2824,买盘
937,10:59:21,3.53,0.0,29,10237,买盘
938,10:59:24,3.52,-0.01,12,4224,卖盘
939,10:59:27,3.52,0.0,2,704,买盘
940,10:59:30,3.52,0.0,7,2464,买盘
941,10:59:42,3.52,0.0,5,1760,买盘
942,10:59:45,3.52,0.0,25,8785,买盘
943,10:59:48,3.52,0.0,1,352,买盘
944,10:59:51,3.51,-0.01,1,351,卖盘
945,11:00:00,3.52,0.01,6,2112,买盘
946,11:00:03,3.52,0.0,19,6688,买盘
947,11:00:06,3.52,0.0,1,352,买盘
948,11:00:12,3.52,0.0,6,2112,买盘
949,11:00:22,3.52,0.0,1,352,买盘
950,11:00:24,3.51,-0.01,17,5967,卖盘
951,11:00:36,3.52,0.01,2,704,买盘
952,11:00:42,3.52,0.0,2,704,买盘
953,11:00:45,3.51,-0.01,7,2458,卖盘
954,11:00:57,3.52,0.01,76,26741,买盘
955,11:01:00,3.52,0.0,73,25696,买盘
956,11:01:04,3.52,0.0,5,1762,卖盘
957,11:01:12,3.53,0.01,3,1059,买盘
958,11:01:18,3.52,-0.01,1,352,卖盘
959,11:01:21,3.53,0.01,9,3177,买盘
960,11:01:24,3.52,-0.01,31,10912,卖盘
961,11:01:27,3.52,0.0,7,2464,买盘
962,11:01:30,3.52,0.0,17,5984,买盘
963,11:01:37,3.52,0.0,3,1056,卖盘
964,11:01:39,3.52,0.0,3,1056,卖盘
965,11:01:42,3.53,0.01,5,1762,买盘
966,11:01:45,3.52,-0.01,4,1408,卖盘
967,11:01:48,3.52,0.0,3,1056,买盘
968,11:01:57,3.52,0.0,3,1056,买盘
969,11:02:01,3.52,0.0,16,5632,买盘
970,11:02:04,3.52,0.0,11,3872,卖盘
971,11:02:07,3.53,0.01,9,3177,买盘
972,11:02:09,3.52,-0.01,3,1056,卖盘
973,11:02:12,3.52,0.0,3,1056,买盘
974,11:02:24,3.51,-0.01,8,2808,卖盘
975,11:02:27,3.52,0.01,2,704,买盘
976,11:02:30,3.52,0.0,24,8448,买盘
977,11:02:33,3.52,0.0,5,1760,买盘
978,11:02:36,3.52,0.0,2,704,买盘
979,11:02:45,3.51,-0.01,15,5268,卖盘
980,11:02:51,3.52,0.01,10,3520,买盘
981,11:03:00,3.52,0.0,12,4224,买盘
982,11:03:03,3.52,0.0,19,6688,买盘
983,11:03:06,3.52,0.0,13,4565,买盘
984,11:03:10,3.51,-0.01,11,3861,卖盘
985,11:03:15,3.52,0.01,2,704,买盘
986,11:03:18,3.52,0.0,3,1056,买盘
987,11:03:21,3.52,0.0,27,9504,买盘
988,11:03:24,3.51,-0.01,39,13706,卖盘
989,11:03:30,3.52,0.01,12,4224,买盘
990,11:03:33,3.52,0.0,19,6688,买盘
991,11:03:36,3.52,0.0,22,7744,买盘
992,11:03:39,3.53,0.01,12,4236,买盘
993,11:03:46,3.52,-0.01,31,10915,卖盘
994,11:04:06,3.52,0.0,13,4576,卖盘
995,11:04:13,3.52,0.0,4,1408,卖盘
996,11:04:15,3.53,0.01,1,353,买盘
997,11:04:18,3.52,-0.01,9,3168,卖盘
998,11:04:21,3.52,0.0,18,6344,卖盘
999,11:04:24,3.52,0.0,14,4929,卖盘
1000,11:04:43,3.52,0.0,3,1056,卖盘
1001,11:04:46,3.52,0.0,11,3878,卖盘
1002,11:04:48,3.53,0.01,14,4942,买盘
1003,11:04:54,3.53,0.0,4,1412,买盘
1004,11:04:57,3.53,0.0,6,2118,买盘
1005,11:05:06,3.53,0.0,21,7402,买盘
1006,11:05:09,3.53,0.0,6,2118,买盘
1007,11:05:16,3.53,0.0,2,706,买盘
1008,11:05:19,3.53,0.0,68,24004,买盘
1009,11:05:25,3.52,-0.01,29,10208,卖盘
1010,11:05:28,3.53,0.01,4,1412,买盘
1011,11:05:33,3.53,0.0,6,2118,买盘
1012,11:05:45,3.53,0.0,15,5283,买盘
1013,11:05:51,3.53,0.0,8,2824,买盘
1014,11:05:54,3.53,0.0,21,7413,买盘
1015,11:06:06,3.52,-0.01,28,9856,卖盘
1016,11:06:15,3.53,0.01,2,706,买盘
1017,11:06:24,3.52,-0.01,9,3168,卖盘
1018,11:06:37,3.53,0.01,9,3177,买盘
1019,11:06:46,3.52,-0.01,5,1760,卖盘
1020,11:06:48,3.53,0.01,2,706,买盘
1021,11:06:54,3.53,0.0,107,37771,买盘
1022,11:07:00,3.53,0.0,15,5295,买盘
1023,11:07:06,3.53,0.0,46,16199,买盘
1024,11:07:13,3.53,0.0,1,353,买盘
1025,11:07:22,3.53,0.0,11,3883,买盘
1026,11:07:25,3.52,-0.01,14,4928,卖盘
1027,11:07:45,3.52,0.0,8,2816,卖盘
1028,11:07:48,3.53,0.01,3,1059,买盘
1029,11:07:51,3.53,0.0,2,706,买盘
1030,11:07:57,3.52,-0.01,17,5986,卖盘
1031,11:08:00,3.53,0.01,4,1412,买盘
1032,11:08:06,3.52,-0.01,18,6345,卖盘
1033,11:08:09,3.52,0.0,11,3873,卖盘
1034,11:08:18,3.53,0.01,2,706,买盘
1035,11:08:24,3.52,-0.01,11,3873,卖盘
1036,11:08:45,3.52,0.0,4,1408,卖盘
1037,11:08:49,3.53,0.01,11,3883,买盘
1038,11:09:06,3.52,-0.01,4,1408,卖盘
1039,11:09:12,3.52,0.0,25,8800,卖盘
1040,11:09:15,3.53,0.01,5,1765,买盘
1041,11:09:18,3.53,0.0,2,706,买盘
1042,11:09:21,3.52,-0.01,12,4225,卖盘
1043,11:09:24,3.52,0.0,11,3872,卖盘
1044,11:09:33,3.53,0.01,10,3530,买盘
1045,11:09:39,3.53,0.0,1,353,买盘
1046,11:09:45,3.52,-0.01,10,3520,卖盘
1047,11:09:48,3.53,0.01,2,706,买盘
1048,11:10:06,3.52,-0.01,4,1408,卖盘
1049,11:10:15,3.53,0.01,9,3177,买盘
1050,11:10:18,3.52,-0.01,11,3875,卖盘
1051,11:10:24,3.52,0.0,7,2464,卖盘
1052,11:10:42,3.53,0.01,1,353,买盘
1053,11:10:45,3.53,0.0,3,1057,买盘
1054,11:10:48,3.53,0.0,2,706,买盘
1055,11:11:00,3.53,0.0,10,3530,买盘
1056,11:11:06,3.52,-0.01,5,1760,卖盘
1057,11:11:12,3.52,0.0,7,2464,卖盘
1058,11:11:15,3.53,0.01,22,7766,买盘
1059,11:11:18,3.53,0.0,2,706,买盘
1060,11:11:25,3.52,-0.01,11,3872,卖盘
1061,11:11:42,3.53,0.01,9,3177,买盘
1062,11:11:45,3.52,-0.01,3,1056,卖盘
1063,11:11:51,3.53,0.01,5,1765,买盘
1064,11:12:07,3.52,-0.01,5,1760,卖盘
1065,11:12:13,3.52,0.0,8,2816,卖盘
1066,11:12:18,3.53,0.01,3,1059,买盘
1067,11:12:21,3.53,0.0,960,338880,买盘
1068,11:12:24,3.52,-0.01,14,4937,卖盘
1069,11:12:46,3.52,0.0,292,102784,卖盘
1070,11:12:49,3.53,0.01,2,706,买盘
1071,11:13:06,3.53,0.0,98,34506,买盘
1072,11:13:22,3.53,0.0,2,706,买盘
1073,11:13:25,3.52,-0.01,43,15149,卖盘
1074,11:13:46,3.52,0.0,13,4576,卖盘
1075,11:13:51,3.53,0.01,2,706,买盘
1076,11:13:54,3.53,0.0,9,3177,买盘
1077,11:14:06,3.52,-0.01,7,2464,卖盘
1078,11:14:21,3.53,0.01,33,11649,买盘
1079,11:14:27,3.52,-0.01,34,11980,卖盘
1080,11:14:45,3.52,0.0,28,9864,卖盘
1081,11:14:52,3.52,0.0,24,8450,卖盘
1082,11:15:06,3.52,0.0,16,5632,卖盘
1083,11:15:22,3.52,0.0,5,1762,卖盘
1084,11:15:27,3.52,0.0,6,2112,卖盘
1085,11:15:31,3.52,0.0,130,45760,卖盘
1086,11:15:36,3.53,0.01,2,706,买盘
1087,11:15:39,3.53,0.0,10,3530,买盘
1088,11:15:45,3.52,-0.01,45,15840,卖盘
1089,11:16:06,3.52,0.0,13,4576,卖盘
1090,11:16:24,3.52,0.0,26,9158,卖盘
1091,11:16:27,3.52,0.0,4,1408,卖盘
1092,11:16:30,3.53,0.01,9,3177,买盘
1093,11:16:46,3.52,-0.01,12,4224,卖盘
1094,11:16:51,3.53,0.01,20,7060,买盘
1095,11:17:04,3.53,0.0,2154,760408,买盘
1096,11:17:06,3.53,0.0,36,12708,卖盘
1097,11:17:12,3.53,0.0,10,3530,卖盘
1098,11:17:15,3.53,0.0,35,12355,卖盘
1099,11:17:27,3.54,0.01,677,238987,买盘
1100,11:17:33,3.54,0.0,6,2124,买盘
1101,11:17:36,3.53,-0.01,100,35300,卖盘
1102,11:17:42,3.53,0.0,31,10943,卖盘
1103,11:17:45,3.53,0.0,159,56081,卖盘
1104,11:17:48,3.53,0.0,9,3177,买盘
1105,11:17:52,3.54,0.01,143,50550,买盘
1106,11:18:07,3.53,-0.01,82,28946,卖盘
1107,11:18:10,3.53,0.0,20,7060,买盘
1108,11:18:28,3.53,0.0,31,10943,卖盘
1109,11:18:34,3.54,0.01,2,708,买盘
1110,11:18:42,3.54,0.0,66,23364,买盘
1111,11:18:45,3.53,-0.01,30,10590,卖盘
1112,11:18:57,3.54,0.01,6,2124,买盘
1113,11:19:03,3.53,-0.01,4,1412,卖盘
1114,11:19:06,3.53,0.0,11,3883,卖盘
1115,11:19:24,3.54,0.01,23,8142,买盘
1116,11:19:27,3.54,0.0,18,6368,买盘
1117,11:19:45,3.53,-0.01,12,4236,卖盘
1118,11:19:54,3.54,0.01,106,37524,买盘
1119,11:20:06,3.53,-0.01,36,12708,卖盘
1120,11:20:27,3.53,0.0,11,3883,卖盘
1121,11:20:45,3.53,0.0,3,1059,卖盘
1122,11:20:57,3.53,0.0,22,7766,卖盘
1123,11:21:06,3.53,0.0,7,2471,卖盘
1124,11:21:27,3.53,0.0,2,706,卖盘
1125,11:21:49,3.53,0.0,1,353,卖盘
1126,11:22:00,3.53,0.0,500,176500,卖盘
1127,11:22:06,3.53,0.0,150,52950,卖盘
1128,11:22:15,3.53,0.0,4,1412,卖盘
1129,11:22:27,3.53,0.0,47,16591,卖盘
1130,11:22:30,3.54,0.01,5,1770,买盘
1131,11:22:33,3.54,0.0,2,708,买盘
1132,11:22:48,3.53,-0.01,16,5648,卖盘
1133,11:22:51,3.54,0.01,30,10620,买盘
1134,11:22:54,3.54,0.0,12,4248,买盘
1135,11:22:57,3.54,0.0,159,56286,买盘
1136,11:23:06,3.53,-0.01,65,22945,卖盘
1137,11:23:16,3.53,0.0,11,3883,卖盘
1138,11:23:27,3.53,0.0,23,8119,卖盘
1139,11:23:37,3.53,0.0,22,7766,卖盘
1140,11:23:45,3.53,0.0,26,9178,卖盘
1141,11:23:48,3.53,0.0,13,4589,卖盘
1142,11:24:00,3.54,0.01,3,1062,买盘
1143,11:24:06,3.53,-0.01,13,4589,卖盘
1144,11:24:09,3.54,0.01,7,2478,买盘
1145,11:24:15,3.54,0.0,1,354,买盘
1146,11:24:28,3.53,-0.01,6,2118,卖盘
1147,11:24:30,3.54,0.01,93,32922,买盘
1148,11:24:33,3.54,0.0,4,1416,买盘
1149,11:24:48,3.53,-0.01,31,10943,卖盘
1150,11:24:54,3.54,0.01,17,6013,买盘
1151,11:25:00,3.54,0.0,2,708,买盘
1152,11:25:06,3.53,-0.01,15,5295,卖盘
1153,11:25:09,3.54,0.01,24,8496,买盘
1154,11:25:15,3.54,0.0,6,2124,买盘
1155,11:25:18,3.54,0.0,3,1062,买盘
1156,11:25:21,3.54,0.0,111,39294,买盘
1157,11:25:27,3.54,0.0,54,19068,买盘
1158,11:25:31,3.54,0.0,107,37878,买盘
1159,11:25:34,3.54,0.0,7,2478,买盘
1160,11:25:39,3.54,0.0,100,35400,买盘
1161,11:25:45,3.53,-0.01,180,63640,卖盘
1162,11:25:51,3.54,0.01,100,35400,买盘
1163,11:25:54,3.54,0.0,100,35400,买盘
1164,11:26:00,3.54,0.0,100,35400,买盘
1165,11:26:03,3.54,0.0,100,35400,买盘
1166,11:26:07,3.53,-0.01,144,50832,卖盘
1167,11:26:09,3.54,0.01,100,35400,买盘
1168,11:26:15,3.54,0.0,100,35400,买盘
1169,11:26:18,3.54,0.0,30,10620,买盘
1170,11:26:21,3.53,-0.01,133,47060,卖盘
1171,11:26:24,3.54,0.01,100,35400,买盘
1172,11:26:27,3.53,-0.01,182,64246,卖盘
1173,11:26:30,3.54,0.01,200,70700,买盘
1174,11:26:36,3.54,0.0,100,35400,买盘
1175,11:26:39,3.54,0.0,102,36108,买盘
1176,11:26:45,3.53,-0.01,305,107765,卖盘
1177,11:26:48,3.54,0.01,1,354,买盘
1178,11:26:52,3.54,0.0,100,35400,买盘
1179,11:26:58,3.54,0.0,100,35400,买盘
1180,11:27:01,3.54,0.0,100,35400,买盘
1181,11:27:06,3.53,-0.01,252,89056,卖盘
1182,11:27:09,3.54,0.01,100,35400,买盘
1183,11:27:18,3.54,0.0,100,35400,买盘
1184,11:27:21,3.54,0.0,100,35400,买盘
1185,11:27:24,3.54,0.0,105,37170,买盘
1186,11:27:27,3.53,-0.01,299,105650,卖盘
1187,11:27:30,3.54,0.01,100,35400,买盘
1188,11:27:36,3.54,0.0,100,35400,买盘
1189,11:27:39,3.54,0.0,102,36108,买盘
1190,11:27:46,3.55,0.01,94,33332,买盘
1191,11:27:48,3.53,-0.02,217,76617,卖盘
1192,11:27:51,3.55,0.02,100,35500,买盘
1193,11:27:57,3.55,0.0,100,35500,买盘
1194,11:28:01,3.55,0.0,100,35500,买盘
1195,11:28:07,3.55,0.0,100,35500,买盘
1196,11:28:10,3.54,-0.01,144,50976,卖盘
1197,11:28:13,3.54,0.0,42,14868,买盘
1198,11:28:18,3.54,0.0,25,8850,卖盘
1199,11:28:21,3.55,0.01,100,35500,买盘
1200,11:28:24,3.54,-0.01,20,7080,卖盘
1201,11:28:27,3.54,0.0,157,55678,卖盘
1202,11:28:30,3.55,0.01,100,35434,买盘
1203,11:28:33,3.55,0.0,9,3195,买盘
1204,11:28:37,3.54,-0.01,4,1416,卖盘
1205,11:28:40,3.54,0.0,122,43288,买盘
1206,11:28:43,3.55,0.01,100,35500,买盘
1207,11:28:46,3.55,0.0,100,35500,买盘
1208,11:28:49,3.54,-0.01,124,43896,卖盘
1209,11:28:51,3.55,0.01,100,35500,买盘
1210,11:28:57,3.55,0.0,100,35500,买盘
1211,11:29:00,3.55,0.0,100,35500,买盘
1212,11:29:03,3.54,-0.01,41,14514,卖盘
1213,11:29:06,3.55,0.01,100,35500,买盘
1214,11:29:09,3.55,0.0,100,35500,买盘
1215,11:29:12,3.54,-0.01,119,42126,卖盘
1216,11:29:16,3.54,0.0,66,23364,买盘
1217,11:29:19,3.55,0.01,114,40467,买盘
1218,11:29:21,3.55,0.0,65,23075,买盘
1219,11:29:27,3.55,0.0,287,101704,买盘
1220,11:29:30,3.55,0.0,100,35500,买盘
1221,11:29:36,3.55,0.0,100,35500,买盘
1222,11:29:39,3.55,0.0,6,2130,买盘
1223,11:29:42,3.55,0.0,100,35500,买盘
1224,11:29:48,3.54,-0.01,228,80812,卖盘
1225,11:29:51,3.55,0.01,101,35802,买盘
1226,11:30:00,3.55,0.0,170,60280,买盘
1227,13:00:04,3.55,0.0,619,219537,买盘
1228,13:00:07,3.55,0.0,110,39050,买盘
1229,13:00:10,3.55,0.0,12,4260,买盘
1230,13:00:22,3.55,0.0,100,35500,买盘
1231,13:00:24,3.55,0.0,100,35500,买盘
1232,13:00:30,3.54,-0.01,351,124354,卖盘
1233,13:00:36,3.55,0.01,41,14555,买盘
1234,13:00:51,3.55,0.0,148,52540,卖盘
1235,13:00:54,3.55,0.0,11,3905,卖盘
1236,13:01:00,3.55,0.0,101,35855,买盘
1237,13:01:03,3.55,0.0,2,710,买盘
1238,13:01:06,3.55,0.0,22,7810,买盘
1239,13:01:12,3.55,0.0,78,27690,卖盘
1240,13:01:21,3.55,0.0,100,35500,买盘
1241,13:01:24,3.55,0.0,100,35500,买盘
1242,13:01:30,3.55,0.0,190,67360,买盘
1243,13:01:37,3.54,-0.01,164,58156,卖盘
1244,13:01:39,3.54,0.0,30,10620,卖盘
1245,13:01:42,3.55,0.01,100,35500,买盘
1246,13:01:45,3.55,0.0,100,35500,买盘
1247,13:01:51,3.55,0.0,245,86830,买盘
1248,13:01:57,3.55,0.0,100,35500,买盘
1249,13:02:00,3.55,0.0,100,35500,买盘
1250,13:02:04,3.55,0.0,2,710,买盘
1251,13:02:07,3.55,0.0,105,37275,卖盘
1252,13:02:12,3.55,0.0,221,78379,买盘
1253,13:02:24,3.55,0.0,50,17750,卖盘
1254,13:02:27,3.55,0.0,3,1065,卖盘
1255,13:02:30,3.55,0.0,113,40115,卖盘
1256,13:02:36,3.55,0.0,4,1420,卖盘
1257,13:02:39,3.55,0.0,166,58930,卖盘
1258,13:02:45,3.55,0.0,10,3550,买盘
1259,13:02:51,3.55,0.0,88,31240,卖盘
1260,13:02:54,3.55,0.0,2,710,卖盘
1261,13:02:57,3.55,0.0,39,13845,买盘
1262,13:03:00,3.55,0.0,45,15975,买盘
1263,13:03:04,3.56,0.01,1,356,买盘
1264,13:03:12,3.55,-0.01,53,18815,卖盘
1265,13:03:16,3.55,0.0,5,1775,卖盘
1266,13:03:18,3.54,-0.01,6,2124,卖盘
1267,13:03:22,3.55,0.01,33,11715,买盘
1268,13:03:24,3.55,0.0,2,710,卖盘
1269,13:03:27,3.55,0.0,65,23075,卖盘
1270,13:03:33,3.54,-0.01,29,10266,卖盘
1271,13:03:36,3.55,0.01,45,15975,买盘
1272,13:03:39,3.55,0.0,10,3550,卖盘
1273,13:03:42,3.55,0.0,2,710,卖盘
1274,13:03:46,3.55,0.0,1,355,卖盘
1275,13:03:48,3.55,0.0,1,355,卖盘
1276,13:03:51,3.55,0.0,47,16685,卖盘
1277,13:03:54,3.55,0.0,1,355,卖盘
1278,13:03:57,3.55,0.0,93,33015,卖盘
1279,13:04:03,3.55,0.0,74,26270,买盘
1280,13:04:06,3.55,0.0,1,355,卖盘
1281,13:04:12,3.55,0.0,65,23075,卖盘
1282,13:04:27,3.55,0.0,177,62835,卖盘
1283,13:04:30,3.55,0.0,20,7100,卖盘
1284,13:04:39,3.55,0.0,83,29465,卖盘
1285,13:04:42,3.56,0.01,1,356,买盘
1286,13:04:45,3.56,0.0,1,356,买盘
1287,13:04:51,3.55,-0.01,84,29820,卖盘
1288,13:05:03,3.56,0.01,10,3560,买盘
1289,13:05:12,3.55,-0.01,29,10295,卖盘
1290,13:05:30,3.55,0.0,8,2840,卖盘
1291,13:05:34,3.56,0.01,10,3560,买盘
1292,13:05:48,3.55,-0.01,176,62486,卖盘
1293,13:05:51,3.54,-0.01,6,2124,卖盘
1294,13:05:54,3.54,0.0,12,4249,卖盘
1295,13:05:57,3.55,0.01,100,35500,买盘
1296,13:06:00,3.55,0.0,1,355,买盘
1297,13:06:04,3.55,0.0,32,11360,买盘
1298,13:06:12,3.55,0.0,98,34790,卖盘
1299,13:06:15,3.56,0.01,6,2136,买盘
1300,13:06:21,3.56,0.0,25,8900,买盘
1301,13:06:30,3.55,-0.01,39,13845,卖盘
1302,13:06:33,3.55,0.0,15,5330,卖盘
1303,13:06:51,3.55,0.0,16,5680,卖盘
1304,13:06:54,3.55,0.0,3,1065,卖盘
1305,13:06:57,3.55,0.0,1,355,卖盘
1306,13:07:03,3.55,0.0,1,355,卖盘
1307,13:07:09,3.55,0.0,100,35500,买盘
1308,13:07:12,3.55,0.0,9,3189,买盘
1309,13:07:15,3.55,0.0,97,34435,卖盘
1310,13:07:24,3.55,0.0,100,35500,买盘
1311,13:07:27,3.55,0.0,52,18460,买盘
1312,13:07:30,3.55,0.0,48,17040,卖盘
1313,13:07:39,3.55,0.0,57,20235,买盘
1314,13:07:51,3.55,0.0,143,50765,卖盘
1315,13:07:55,3.55,0.0,2,710,买盘
1316,13:07:57,3.55,0.0,4,1420,买盘
1317,13:08:00,3.55,0.0,27,9585,卖盘
1318,13:08:12,3.55,0.0,53,18815,卖盘
1319,13:08:27,3.55,0.0,16,5680,卖盘
1320,13:08:30,3.54,-0.01,20,7080,卖盘
1321,13:08:33,3.55,0.01,86,30530,买盘
1322,13:08:39,3.55,0.0,6,2135,卖盘
1323,13:08:42,3.55,0.0,13,4615,卖盘
1324,13:08:48,3.55,0.0,100,35500,买盘
1325,13:08:51,3.54,-0.01,68,24072,卖盘
1326,13:08:54,3.55,0.01,100,35500,买盘
1327,13:08:57,3.55,0.0,86,30530,买盘
1328,13:09:12,3.55,0.0,33,11715,卖盘
1329,13:09:15,3.55,0.0,3,1065,买盘
1330,13:09:18,3.55,0.0,53,18815,买盘
1331,13:09:21,3.55,0.0,25,8875,卖盘
1332,13:09:31,3.54,-0.01,100,35422,卖盘
1333,13:09:39,3.55,0.01,100,35500,买盘
1334,13:09:45,3.55,0.0,25,8875,买盘
1335,13:09:48,3.55,0.0,50,17750,卖盘
1336,13:09:51,3.55,0.0,68,24140,卖盘
1337,13:09:58,3.55,0.0,57,20235,卖盘
1338,13:10:04,3.55,0.0,51,18105,买盘
1339,13:10:12,3.55,0.0,59,20945,卖盘
1340,13:10:18,3.55,0.0,32,11360,买盘
1341,13:10:24,3.54,-0.01,69,24494,卖盘
1342,13:10:30,3.55,0.01,2,710,买盘
1343,13:10:33,3.55,0.0,127,45058,买盘
1344,13:10:46,3.55,0.0,10,3550,买盘
1345,13:10:51,3.55,0.0,62,22010,卖盘
1346,13:11:09,3.55,0.0,1,355,卖盘
1347,13:11:12,3.55,0.0,19,6745,卖盘
1348,13:11:18,3.55,0.0,37,13135,卖盘
1349,13:11:21,3.55,0.0,50,17750,卖盘
1350,13:11:24,3.55,0.0,67,23785,卖盘
1351,13:11:30,3.55,0.0,36,12780,买盘
1352,13:11:33,3.55,0.0,52,18460,卖盘
1353,13:11:36,3.55,0.0,2,710,卖盘
1354,13:11:42,3.55,0.0,88,31240,卖盘
1355,13:11:45,3.55,0.0,10,3550,买盘
1356,13:11:51,3.55,0.0,60,21300,买盘
1357,13:12:13,3.55,0.0,105,37322,卖盘
1358,13:12:15,3.55,0.0,82,29110,卖盘
1359,13:12:21,3.55,0.0,785,278675,买盘
1360,13:12:36,3.55,0.0,48,17040,卖盘
1361,13:12:39,3.55,0.0,37,13135,卖盘
1362,13:12:48,3.55,0.0,550,195250,卖盘
1363,13:12:51,3.55,0.0,3,1065,卖盘
1364,13:12:54,3.55,0.0,1,355,卖盘
1365,13:12:57,3.55,0.0,1,355,卖盘
1366,13:13:00,3.55,0.0,51,18105,卖盘
1367,13:13:03,3.55,0.0,40,14200,卖盘
1368,13:13:06,3.55,0.0,78,27690,买盘
1369,13:13:09,3.55,0.0,100,35500,买盘
1370,13:13:16,3.55,0.0,90,31950,买盘
1371,13:13:19,3.55,0.0,2,710,卖盘
1372,13:13:21,3.55,0.0,2,710,卖盘
1373,13:13:24,3.55,0.0,55,19525,卖盘
1374,13:13:27,3.55,0.0,10,3550,卖盘
1375,13:13:33,3.55,0.0,15,5325,卖盘
1376,13:13:36,3.55,0.0,6,2130,卖盘
1377,13:13:45,3.55,0.0,4,1420,卖盘
1378,13:13:49,3.55,0.0,8,2840,卖盘
1379,13:13:51,3.55,0.0,208,73840,卖盘
1380,13:13:54,3.55,0.0,49,17395,卖盘
1381,13:13:57,3.55,0.0,20,7100,卖盘
1382,13:14:00,3.55,0.0,218,77390,卖盘
1383,13:14:06,3.55,0.0,101,35855,买盘
1384,13:14:09,3.55,0.0,100,35500,买盘
1385,13:14:12,3.54,-0.01,8,2832,卖盘
1386,13:14:15,3.55,0.01,81,28755,买盘
1387,13:14:18,3.54,-0.01,20,7099,卖盘
1388,13:14:27,3.55,0.01,100,35500,买盘
1389,13:14:30,3.55,0.0,100,35500,买盘
1390,13:14:36,3.55,0.0,115,40825,买盘
1391,13:14:39,3.55,0.0,10,3550,卖盘
1392,13:14:42,3.55,0.0,29,10295,卖盘
1393,13:14:45,3.55,0.0,90,31950,卖盘
1394,13:14:48,3.55,0.0,1,355,买盘
1395,13:14:51,3.55,0.0,100,35500,买盘
1396,13:14:54,3.55,0.0,74,26270,买盘
1397,13:14:57,3.55,0.0,100,35500,买盘
1398,13:15:00,3.55,0.0,100,35500,买盘
1399,13:15:06,3.55,0.0,110,39050,买盘
1400,13:15:09,3.55,0.0,24,8520,买盘
1401,13:15:12,3.55,0.0,100,35500,买盘
1402,13:15:15,3.55,0.0,110,39050,买盘
1403,13:15:21,3.55,0.0,100,35500,买盘
1404,13:15:28,3.55,0.0,100,35500,买盘
1405,13:15:30,3.55,0.0,184,65320,买盘
1406,13:15:36,3.55,0.0,110,39050,买盘
1407,13:15:39,3.55,0.0,1,355,买盘
1408,13:15:42,3.55,0.0,100,35500,买盘
1409,13:15:45,3.55,0.0,100,35500,买盘
1410,13:15:48,3.54,-0.01,4,1416,卖盘
1411,13:15:51,3.55,0.01,100,35500,买盘
1412,13:15:57,3.55,0.0,38,13490,买盘
1413,13:16:00,3.55,0.0,36,12780,卖盘
1414,13:16:06,3.55,0.0,21,7455,卖盘
1415,13:16:12,3.55,0.0,66,23430,卖盘
1416,13:16:15,3.55,0.0,24,8520,卖盘
1417,13:16:18,3.55,0.0,20,7100,卖盘
1418,13:16:27,3.55,0.0,5,1775,卖盘
1419,13:16:33,3.56,0.01,13,4628,买盘
1420,13:16:39,3.55,-0.01,4,1420,卖盘
1421,13:16:45,3.55,0.0,5,1775,卖盘
1422,13:16:54,3.55,0.0,29,10295,卖盘
1423,13:16:57,3.55,0.0,2,710,卖盘
1424,13:17:01,3.56,0.01,89,31684,买盘
1425,13:17:06,3.55,-0.01,50,17750,买盘
1426,13:17:09,3.55,0.0,50,17750,卖盘
1427,13:17:18,3.55,0.0,100,35500,买盘
1428,13:17:21,3.55,0.0,42,14910,买盘
1429,13:17:40,3.56,0.01,13,4628,买盘
1430,13:17:45,3.56,0.0,5,1780,买盘
1431,13:17:54,3.55,-0.01,99,35145,卖盘
1432,13:18:09,3.55,0.0,10,3550,卖盘
1433,13:18:33,3.55,0.0,95,33740,卖盘
1434,13:18:36,3.55,0.0,50,17750,卖盘
1435,13:18:39,3.55,0.0,3,1065,卖盘
1436,13:18:42,3.55,0.0,3,1065,卖盘
1437,13:18:45,3.55,0.0,2,710,卖盘
1438,13:18:48,3.55,0.0,2,710,卖盘
1439,13:18:51,3.55,0.0,2,710,卖盘
1440,13:18:54,3.55,0.0,31,11005,卖盘
1441,13:19:03,3.55,0.0,100,35500,买盘
1442,13:19:09,3.55,0.0,100,35500,买盘
1443,13:19:13,3.55,0.0,100,35500,买盘
1444,13:19:19,3.55,0.0,100,35500,买盘
1445,13:19:21,3.55,0.0,100,35500,买盘
1446,13:19:27,3.55,0.0,100,35500,买盘
1447,13:19:33,3.55,0.0,100,35500,买盘
1448,13:19:36,3.55,0.0,5,1775,买盘
1449,13:19:39,3.55,0.0,51,18105,买盘
1450,13:19:42,3.55,0.0,7,2485,卖盘
1451,13:20:04,3.55,0.0,37,13135,卖盘
1452,13:20:06,3.56,0.01,50,17800,买盘
1453,13:20:25,3.55,-0.01,10,3550,卖盘
1454,13:20:28,3.55,0.0,100,35500,卖盘
1455,13:20:31,3.56,0.01,16,5696,买盘
1456,13:20:40,3.56,0.0,9,3204,买盘
1457,13:21:00,3.56,0.0,15,5340,买盘
1458,13:21:04,3.56,0.0,16,5696,买盘
1459,13:21:18,3.56,0.0,100,35600,买盘
1460,13:21:33,3.56,0.0,2,712,买盘
1461,13:21:39,3.55,-0.01,47,16685,卖盘
1462,13:21:42,3.55,0.0,9,3195,买盘
1463,13:21:45,3.55,0.0,3,1065,买盘
1464,13:21:48,3.55,0.0,100,35500,中性盘
1465,13:21:57,3.56,0.01,5,1780,买盘
1466,13:22:01,3.55,-0.01,25,8875,卖盘
1467,13:22:04,3.55,0.0,15,5325,买盘
1468,13:22:09,3.55,0.0,100,35500,买盘
1469,13:22:12,3.55,0.0,100,35500,买盘
1470,13:22:18,3.55,0.0,100,35500,买盘
1471,13:22:24,3.55,0.0,100,35500,买盘
1472,13:22:27,3.54,-0.01,67,23718,卖盘
1473,13:22:31,3.55,0.01,100,35500,买盘
1474,13:22:33,3.55,0.0,100,35500,买盘
1475,13:22:39,3.55,0.0,100,35500,买盘
1476,13:22:45,3.55,0.0,100,35500,买盘
1477,13:22:48,3.55,0.0,100,35500,买盘
1478,13:22:51,3.55,0.0,26,9230,买盘
1479,13:22:54,3.55,0.0,100,35500,买盘
1480,13:22:57,3.55,0.0,100,35500,买盘
1481,13:23:04,3.55,0.0,100,35500,买盘
1482,13:23:10,3.55,0.0,100,35500,买盘
1483,13:23:12,3.55,0.0,100,35500,买盘
1484,13:23:18,3.55,0.0,100,35500,买盘
1485,13:23:24,3.55,0.0,130,46120,买盘
1486,13:23:31,3.54,-0.01,116,41172,卖盘
1487,13:23:33,3.55,0.01,100,35500,买盘
1488,13:23:36,3.55,0.0,54,19120,买盘
1489,13:23:39,3.55,0.0,109,38686,买盘
1490,13:23:45,3.55,0.0,100,35500,买盘
1491,13:23:48,3.55,0.0,109,38687,买盘
1492,13:23:51,3.55,0.0,71,25141,中性盘
1493,13:23:57,3.54,-0.01,9,3186,卖盘
1494,13:24:00,3.55,0.01,16,5680,买盘
1495,13:24:03,3.55,0.0,54,19207,卖盘
1496,13:24:06,3.55,0.0,70,24850,卖盘
1497,13:24:09,3.55,0.0,6,2130,卖盘
1498,13:24:12,3.55,0.0,108,38340,卖盘
1499,13:24:15,3.54,-0.01,80,28320,卖盘
1500,13:24:18,3.55,0.01,103,36565,买盘
1501,13:24:24,3.55,0.0,98,34790,买盘
1502,13:24:27,3.55,0.0,2,710,卖盘
1503,13:24:33,3.55,0.0,56,19880,买盘
1504,13:24:36,3.55,0.0,45,15975,卖盘
1505,13:24:39,3.55,0.0,1,355,买盘
1506,13:24:42,3.54,-0.01,18,6372,卖盘
1507,13:24:45,3.55,0.01,100,35500,买盘
1508,13:24:48,3.55,0.0,108,38332,买盘
1509,13:24:54,3.55,0.0,77,27335,买盘
1510,13:24:57,3.56,0.01,18,6408,买盘
1511,13:25:06,3.55,-0.01,23,8165,卖盘
1512,13:25:10,3.55,0.0,10,3550,买盘
1513,13:25:15,3.55,0.0,100,35500,买盘
1514,13:25:18,3.55,0.0,100,35500,买盘
1515,13:25:21,3.55,0.0,3,1065,买盘
1516,13:25:24,3.55,0.0,53,18815,买盘
1517,13:25:27,3.55,0.0,132,46877,卖盘
1518,13:25:34,3.55,0.0,6,2130,卖盘
1519,13:25:37,3.56,0.01,18,6408,买盘
1520,13:25:39,3.54,-0.02,50,17727,卖盘
1521,13:25:42,3.55,0.01,403,142665,买盘
1522,13:25:45,3.55,0.0,22,7810,买盘
1523,13:26:00,3.56,0.01,15,5340,买盘
1524,13:26:24,3.56,0.0,94,33464,买盘
1525,13:26:30,3.56,0.0,24,8544,买盘
1526,13:26:39,3.56,0.0,235,83660,买盘
1527,13:26:45,3.55,-0.01,6,2130,卖盘
1528,13:26:54,3.55,0.0,6,2130,卖盘
1529,13:26:57,3.56,0.01,27,9612,买盘
1530,13:27:00,3.55,-0.01,400,142000,卖盘
1531,13:27:06,3.55,0.0,30,10650,卖盘
1532,13:27:12,3.56,0.01,21,7476,买盘
1533,13:27:21,3.55,-0.01,6,2130,卖盘
1534,13:27:27,3.56,0.01,17,6052,买盘
1535,13:27:45,3.56,0.0,66,23493,买盘
1536,13:27:51,3.56,0.0,56,19936,买盘
1537,13:27:55,3.55,-0.01,366,129930,卖盘
1538,13:27:57,3.56,0.01,17,6052,买盘
1539,13:28:00,3.56,0.0,16,5696,买盘
1540,13:28:12,3.55,-0.01,10,3550,卖盘
1541,13:28:15,3.55,0.0,50,17750,卖盘
1542,13:28:27,3.56,0.01,17,6052,买盘
1543,13:28:42,3.55,-0.01,514,182470,卖盘
1544,13:28:45,3.55,0.0,6,2130,买盘
1545,13:28:51,3.55,0.0,250,88750,买盘
1546,13:28:58,3.55,0.0,47,16685,买盘
1547,13:29:04,3.55,0.0,6,2130,卖盘
1548,13:29:18,3.55,0.0,50,17750,卖盘
1549,13:29:33,3.56,0.01,13,4628,买盘
1550,13:29:42,3.56,0.0,13,4628,买盘
1551,13:29:48,3.56,0.0,100,35600,买盘
1552,13:29:57,3.55,-0.01,50,17750,卖盘
1553,13:30:00,3.56,0.01,10,3560,买盘
1554,13:30:06,3.56,0.0,12,4272,买盘
1555,13:30:09,3.56,0.0,10,3560,买盘
1556,13:30:36,3.55,-0.01,100,35500,卖盘
1557,13:30:39,3.55,0.0,88,31240,卖盘
1558,13:30:42,3.55,0.0,1,355,买盘
1559,13:30:45,3.55,0.0,5,1775,买盘
1560,13:30:48,3.55,0.0,101,35855,买盘
1561,13:30:51,3.55,0.0,24,8520,买盘
1562,13:31:27,3.56,0.01,1,356,买盘
1563,13:32:00,3.55,-0.01,37,13135,卖盘
1564,13:32:04,3.55,0.0,6,2130,卖盘
1565,13:32:06,3.55,0.0,6,2130,卖盘
1566,13:32:27,3.55,0.0,20,7100,卖盘
1567,13:32:45,3.55,0.0,38,13490,卖盘
1568,13:33:12,3.55,0.0,6,2130,卖盘
1569,13:33:33,3.55,0.0,22,7810,卖盘
1570,13:33:48,3.55,0.0,30,10650,卖盘
1571,13:33:51,3.55,0.0,2,710,卖盘
1572,13:34:06,3.55,0.0,6,2130,卖盘
1573,13:34:09,3.56,0.01,7,2492,买盘
1574,13:34:13,3.55,-0.01,1,355,卖盘
1575,13:34:16,3.55,0.0,10,3550,卖盘
1576,13:34:27,3.55,0.0,30,10650,卖盘
1577,13:35:12,3.55,0.0,21,7465,卖盘
1578,13:36:06,3.55,0.0,1,355,卖盘
1579,13:36:18,3.56,0.01,4,1424,买盘
1580,13:36:24,3.55,-0.01,5,1775,卖盘
1581,13:36:37,3.55,0.0,51,18105,卖盘
1582,13:36:39,3.55,0.0,11,3905,买盘
1583,13:36:45,3.55,0.0,48,17040,买盘
1584,13:37:00,3.55,0.0,114,40470,卖盘
1585,13:37:04,3.55,0.0,7,2485,卖盘
1586,13:37:24,3.55,0.0,6,2130,卖盘
1587,13:37:39,3.55,0.0,10,3550,卖盘
1588,13:38:09,3.55,0.0,74,26270,卖盘
1589,13:38:12,3.55,0.0,1,355,买盘
1590,13:38:15,3.55,0.0,144,51120,买盘
1591,13:38:22,3.55,0.0,129,45795,买盘
1592,13:38:25,3.56,0.01,187,66479,买盘
1593,13:38:42,3.55,-0.01,11,3905,卖盘
1594,13:39:51,3.55,0.0,42,14910,卖盘
1595,13:39:54,3.55,0.0,7,2485,买盘
1596,13:39:57,3.56,0.01,158,56091,买盘
1597,13:40:13,3.56,0.0,10,3560,买盘
1598,13:40:21,3.55,-0.01,10,3550,卖盘
1599,13:41:07,3.55,0.0,10,3550,卖盘
1600,13:41:13,3.55,0.0,77,27335,卖盘
1601,13:41:27,3.55,0.0,15,5325,卖盘
1602,13:41:39,3.56,0.01,56,19936,买盘
1603,13:41:45,3.56,0.0,43,15308,买盘
1604,13:41:57,3.56,0.0,43,15308,买盘
1605,13:42:06,3.56,0.0,41,14596,买盘
1606,13:42:09,3.55,-0.01,10,3550,卖盘
1607,13:42:25,3.56,0.01,41,14596,买盘
1608,13:42:33,3.56,0.0,56,19936,买盘
1609,13:42:46,3.56,0.0,41,14596,买盘
1610,13:42:51,3.56,0.0,41,14596,买盘
1611,13:43:06,3.56,0.0,75,26700,买盘
1612,13:43:21,3.56,0.0,45,16020,买盘
1613,13:43:27,3.55,-0.01,42,14910,卖盘
1614,13:43:57,3.56,0.01,60,21360,买盘
1615,13:44:06,3.55,-0.01,10,3550,卖盘
1616,13:44:10,3.55,0.0,11,3905,卖盘
1617,13:44:15,3.56,0.01,41,14596,买盘
1618,13:44:18,3.56,0.0,8,2848,买盘
1619,13:44:21,3.56,0.0,2,712,买盘
1620,13:44:30,3.56,0.0,58,20648,买盘
1621,13:44:45,3.56,0.0,43,15308,买盘
1622,13:45:00,3.56,0.0,54,19224,买盘
1623,13:45:15,3.56,0.0,140,49760,买盘
1624,13:45:18,3.56,0.0,46,16376,买盘
1625,13:45:21,3.55,-0.01,7,2485,卖盘
1626,13:45:33,3.56,0.01,38,13528,买盘
1627,13:45:36,3.55,-0.01,2,710,卖盘
1628,13:45:46,3.55,0.0,10,3550,卖盘
1629,13:45:49,3.56,0.01,28,9968,买盘
1630,13:45:54,3.56,0.0,5,1780,买盘
1631,13:46:45,3.56,0.0,5,1780,买盘
1632,13:46:48,3.56,0.0,3,1068,买盘
1633,13:47:10,3.55,-0.01,50,17750,卖盘
1634,13:47:24,3.55,0.0,100,35500,卖盘
1635,13:47:33,3.56,0.01,4,1424,买盘
1636,13:47:36,3.55,-0.01,401,142355,卖盘
1637,13:47:42,3.55,0.0,10,3550,卖盘
1638,13:47:54,3.56,0.01,56,19936,买盘
1639,13:47:57,3.55,-0.01,10,3550,卖盘
1640,13:48:24,3.55,0.0,10,3550,卖盘
1641,13:48:27,3.55,0.0,11,3905,卖盘
1642,13:49:28,3.55,0.0,10,3550,卖盘
1643,13:49:36,3.55,0.0,13,4618,卖盘
1644,13:49:39,3.55,0.0,100,35500,卖盘
1645,13:49:42,3.56,0.01,5,1780,买盘
1646,13:49:48,3.56,0.0,1,356,买盘
1647,13:49:57,3.56,0.0,63,22428,买盘
1648,13:50:09,3.56,0.0,6,2136,买盘
1649,13:50:15,3.56,0.0,10,3560,买盘
1650,13:50:18,3.56,0.0,21,7476,买盘
1651,13:50:21,3.56,0.0,20,7120,买盘
1652,13:50:31,3.55,-0.01,10,3550,卖盘
1653,13:50:39,3.55,0.0,55,19525,卖盘
1654,13:51:36,3.56,0.01,3,1068,买盘
1655,13:51:57,3.56,0.0,3,1068,买盘
1656,13:52:24,3.55,-0.01,11,3905,卖盘
1657,13:53:01,3.55,0.0,110,39050,卖盘
1658,13:53:04,3.56,0.01,2,712,买盘
1659,13:53:09,3.56,0.0,10,3560,买盘
1660,13:53:45,3.55,-0.01,1,355,卖盘
1661,13:53:48,3.56,0.01,8,2848,买盘
1662,13:54:07,3.56,0.0,3,1068,买盘
1663,13:54:12,3.55,-0.01,30,10650,卖盘
1664,13:55:00,3.55,0.0,108,38340,卖盘
1665,13:55:12,3.55,0.0,11,3905,卖盘
1666,13:55:15,3.56,0.01,10,3560,买盘
1667,13:55:27,3.56,0.0,10,3560,买盘
1668,13:55:33,3.56,0.0,1,356,买盘
1669,13:55:36,3.55,-0.01,1,355,卖盘
1670,13:55:57,3.56,0.01,6,2136,买盘
1671,13:56:01,3.56,0.0,3,1068,买盘
1672,13:56:09,3.55,-0.01,11,3905,卖盘
1673,13:56:21,3.56,0.01,16,5696,买盘
1674,13:56:36,3.56,0.0,5,1780,买盘
1675,13:56:42,3.56,0.0,34,12104,买盘
1676,13:56:45,3.56,0.0,61,21716,买盘
1677,13:57:07,3.56,0.0,68,24208,买盘
1678,13:57:30,3.56,0.0,155,55180,买盘
1679,13:57:36,3.55,-0.01,3,1065,卖盘
1680,13:57:39,3.56,0.01,3,1068,买盘
1681,13:57:51,3.56,0.0,70,24920,买盘
1682,13:57:54,3.55,-0.01,10,3550,卖盘
1683,13:58:36,3.56,0.01,71,25276,买盘
1684,13:59:00,3.56,0.0,70,24920,买盘
1685,13:59:06,3.56,0.0,8,2848,买盘
1686,13:59:22,3.56,0.0,39,13884,买盘
1687,13:59:30,3.55,-0.01,11,3905,卖盘
1688,13:59:37,3.56,0.01,3,1068,买盘
1689,14:00:18,3.55,-0.01,48,17078,卖盘
1690,14:00:33,3.55,0.0,10,3550,卖盘
1691,14:00:39,3.56,0.01,5,1780,买盘
1692,14:01:03,3.56,0.0,1,356,买盘
1693,14:01:15,3.56,0.0,3,1068,买盘
1694,14:01:21,3.56,0.0,26,9256,买盘
1695,14:01:33,3.56,0.0,8,2848,买盘
1696,14:01:39,3.55,-0.01,10,3550,卖盘
1697,14:02:01,3.55,0.0,1,355,卖盘
1698,14:02:15,3.55,0.0,6,2130,卖盘
1699,14:02:54,3.56,0.01,14,4973,买盘
1700,14:03:03,3.55,-0.01,6,2130,卖盘
1701,14:03:33,3.55,0.0,1,355,卖盘
1702,14:03:48,3.56,0.01,8,2848,买盘
1703,14:03:54,3.55,-0.01,9,3195,卖盘
1704,14:04:04,3.55,0.0,20,7102,卖盘
1705,14:04:06,3.55,0.0,6,2130,卖盘
1706,14:04:09,3.55,0.0,19,6745,卖盘
1707,14:04:21,3.55,0.0,10,3550,卖盘
1708,14:04:24,3.55,0.0,6,2130,卖盘
1709,14:04:36,3.56,0.01,13,4618,买盘
1710,14:04:46,3.55,-0.01,50,17750,卖盘
1711,14:04:49,3.56,0.01,4,1424,买盘
1712,14:04:57,3.56,0.0,50,17800,买盘
1713,14:05:00,3.56,0.0,4,1424,买盘
1714,14:05:03,3.56,0.0,8,2848,买盘
1715,14:05:06,3.56,0.0,12,4272,买盘
1716,14:05:09,3.56,0.0,8,2848,买盘
1717,14:05:12,3.55,-0.01,6,2130,卖盘
1718,14:05:18,3.56,0.01,10,3560,买盘
1719,14:05:24,3.56,0.0,4,1424,买盘
1720,14:05:27,3.56,0.0,58,20648,买盘
1721,14:05:33,3.56,0.0,8,2848,买盘
1722,14:05:39,3.56,0.0,16,5696,买盘
1723,14:05:48,3.56,0.0,70,24920,买盘
1724,14:05:54,3.56,0.0,87,30972,买盘
1725,14:05:57,3.56,0.0,66,23496,买盘
1726,14:06:03,3.56,0.0,16,5696,买盘
1727,14:06:06,3.56,0.0,10,3560,买盘
1728,14:06:09,3.56,0.0,28,9968,买盘
1729,14:06:12,3.55,-0.01,200,71000,卖盘
1730,14:06:18,3.56,0.01,1,356,买盘
1731,14:06:27,3.56,0.0,58,20648,买盘
1732,14:06:33,3.56,0.0,12,4272,买盘
1733,14:06:39,3.56,0.0,16,5696,买盘
1734,14:06:42,3.56,0.0,2,712,买盘
1735,14:06:49,3.56,0.0,37,13172,买盘
1736,14:06:51,3.56,0.0,29,10324,买盘
1737,14:06:54,3.56,0.0,4,1424,买盘
1738,14:06:57,3.56,0.0,50,17800,买盘
1739,14:07:00,3.56,0.0,29,10324,买盘
1740,14:07:03,3.56,0.0,8,2848,买盘
1741,14:07:06,3.56,0.0,4,1424,买盘
1742,14:07:09,3.56,0.0,24,8544,买盘
1743,14:07:18,3.56,0.0,29,10324,买盘
1744,14:07:24,3.56,0.0,6,2134,买盘
1745,14:07:27,3.56,0.0,8,2848,买盘
1746,14:07:30,3.56,0.0,83,29548,买盘
1747,14:07:33,3.56,0.0,8,2848,买盘
1748,14:07:39,3.56,0.0,16,5696,买盘
1749,14:07:45,3.56,0.0,11,3907,买盘
1750,14:07:49,3.56,0.0,87,30922,买盘
1751,14:07:57,3.56,0.0,50,17800,买盘
1752,14:08:00,3.56,0.0,29,10324,买盘
1753,14:08:03,3.56,0.0,8,2848,买盘
1754,14:08:09,3.56,0.0,24,8544,买盘
1755,14:08:15,3.56,0.0,8,2848,买盘
1756,14:08:18,3.56,0.0,29,10324,买盘
1757,14:08:24,3.56,0.0,3,1068,买盘
1758,14:08:27,3.56,0.0,54,19224,买盘
1759,14:08:30,3.56,0.0,29,10324,买盘
1760,14:08:33,3.56,0.0,8,2848,买盘
1761,14:08:39,3.56,0.0,16,5696,买盘
1762,14:08:48,3.56,0.0,4,1424,买盘
1763,14:08:58,3.56,0.0,50,17800,买盘
1764,14:09:01,3.56,0.0,29,10324,买盘
1765,14:09:04,3.56,0.0,8,2848,买盘
1766,14:09:09,3.56,0.0,20,7120,买盘
1767,14:09:12,3.56,0.0,3,1068,买盘
1768,14:09:28,3.56,0.0,50,17800,买盘
1769,14:09:30,3.55,-0.01,44,15663,卖盘
1770,14:09:45,3.56,0.01,30,10680,买盘
1771,14:09:48,3.56,0.0,24,8544,买盘
1772,14:09:54,3.56,0.0,30,10680,买盘
1773,14:09:57,3.56,0.0,4,1424,买盘
1774,14:10:00,3.56,0.0,42,14952,买盘
1775,14:10:04,3.56,0.0,2,712,买盘
1776,14:10:07,3.56,0.0,2,712,买盘
1777,14:10:09,3.55,-0.01,36,12796,卖盘
1778,14:10:12,3.56,0.01,18,6408,买盘
1779,14:10:21,3.56,0.0,10,3560,买盘
1780,14:10:27,3.56,0.0,10,3560,买盘
1781,14:10:30,3.56,0.0,37,13172,买盘
1782,14:10:37,3.56,0.0,3,1068,买盘
1783,14:10:40,3.56,0.0,8,2848,买盘
1784,14:10:48,3.56,0.0,6,2136,买盘
1785,14:11:00,3.56,0.0,29,10324,买盘
1786,14:11:03,3.56,0.0,1629,579924,买盘
1787,14:11:06,3.56,0.0,12,4272,买盘
1788,14:11:09,3.56,0.0,72,25632,买盘
1789,14:11:16,3.55,-0.01,1246,443476,卖盘
1790,14:11:18,3.56,0.01,28,9967,买盘
1791,14:11:21,3.56,0.0,169,60164,买盘
1792,14:11:24,3.56,0.0,80,28683,买盘
1793,14:11:30,3.57,0.01,1,357,买盘
1794,14:11:33,3.57,0.0,78,27846,买盘
1795,14:11:45,3.56,-0.01,10,3560,卖盘
1796,14:11:48,3.57,0.01,25,8905,买盘
1797,14:11:51,3.57,0.0,62,22134,买盘
1798,14:12:00,3.57,0.0,4,1428,买盘
1799,14:12:06,3.56,-0.01,4,1424,卖盘
1800,14:12:09,3.56,0.0,4,1424,卖盘
1801,14:12:15,3.57,0.01,6,2142,买盘
1802,14:12:25,3.56,-0.01,50,17800,卖盘
1803,14:12:28,3.57,0.01,2,714,买盘
1804,14:12:31,3.57,0.0,165,58905,买盘
1805,14:12:34,3.56,-0.01,200,71200,卖盘
1806,14:12:42,3.57,0.01,8,2856,买盘
1807,14:12:48,3.56,-0.01,156,55536,卖盘
1808,14:12:51,3.56,0.0,79,28124,买盘
1809,14:12:54,3.57,0.01,29,10333,买盘
1810,14:13:22,3.56,-0.01,50,17800,卖盘
1811,14:13:42,3.57,0.01,141,50337,买盘
1812,14:13:51,3.56,-0.01,40,14240,卖盘
1813,14:14:01,3.56,0.0,144,51342,卖盘
1814,14:14:04,3.56,0.0,19,6764,卖盘
1815,14:14:06,3.56,0.0,100,35600,卖盘
1816,14:14:12,3.56,0.0,170,60520,卖盘
1817,14:14:15,3.56,0.0,21,7476,卖盘
1818,14:14:18,3.56,0.0,50,17800,卖盘
1819,14:14:24,3.56,0.0,100,35600,卖盘
1820,14:14:27,3.57,0.01,150,53550,买盘
1821,14:14:37,3.56,-0.01,44,15586,卖盘
1822,14:14:49,3.56,0.0,135,48060,买盘
1823,14:14:54,3.56,0.0,48,17088,买盘
1824,14:14:58,3.55,-0.01,629,223303,卖盘
1825,14:15:06,3.56,0.01,18,6408,买盘
1826,14:15:18,3.55,-0.01,55,19525,卖盘
1827,14:15:21,3.56,0.01,10,3560,买盘
1828,14:15:27,3.56,0.0,60,21360,买盘
1829,14:15:36,3.56,0.0,100,35600,买盘
1830,14:15:57,3.56,0.0,10,3560,买盘
1831,14:16:12,3.56,0.0,183,65148,买盘
1832,14:16:30,3.55,-0.01,20,7100,卖盘
1833,14:16:33,3.56,0.01,8,2848,买盘
1834,14:16:39,3.56,0.0,10,3560,买盘
1835,14:16:42,3.55,-0.01,100,35500,卖盘
1836,14:17:09,3.56,0.01,8,2848,买盘
1837,14:17:57,3.55,-0.01,3,1065,卖盘
1838,14:18:03,3.55,0.0,60,21300,卖盘
1839,14:18:30,3.55,0.0,100,35500,卖盘
1840,14:18:39,3.56,0.01,3,1068,买盘
1841,14:19:24,3.56,0.0,8,2848,买盘
1842,14:19:33,3.56,0.0,8,2848,买盘
1843,14:20:04,3.56,0.0,8,2848,买盘
1844,14:20:18,3.56,0.0,30,10680,买盘
1845,14:20:24,3.56,0.0,10,3560,买盘
1846,14:20:30,3.56,0.0,50,17800,买盘
1847,14:20:36,3.55,-0.01,14,4970,卖盘
1848,14:20:49,3.56,0.01,1,356,买盘
1849,14:20:51,3.55,-0.01,30,10650,卖盘
1850,14:21:18,3.56,0.01,14,4978,买盘
1851,14:21:36,3.56,0.0,8,2848,买盘
1852,14:21:42,3.56,0.0,100,35600,买盘
1853,14:22:36,3.56,0.0,8,2848,买盘
1854,14:23:06,3.56,0.0,8,2848,买盘
1855,14:23:22,3.56,0.0,2,712,买盘
1856,14:23:30,3.55,-0.01,36,12780,卖盘
1857,14:23:52,3.56,0.01,8,2848,买盘
1858,14:24:04,3.56,0.0,3,1068,买盘
1859,14:24:06,3.55,-0.01,200,71000,卖盘
1860,14:24:39,3.55,0.0,2,710,卖盘
1861,14:24:48,3.56,0.01,2,712,买盘
1862,14:24:57,3.55,-0.01,3,1065,卖盘
1863,14:25:09,3.55,0.0,169,59995,卖盘
1864,14:25:51,3.55,0.0,16,5680,卖盘
1865,14:26:00,3.55,0.0,9,3198,卖盘
1866,14:26:03,3.56,0.01,9,3204,买盘
1867,14:26:12,3.55,-0.01,137,48635,卖盘
1868,14:26:21,3.55,0.0,200,71000,卖盘
1869,14:26:27,3.55,0.0,30,10650,卖盘
1870,14:26:40,3.56,0.01,427,152012,买盘
1871,14:26:45,3.56,0.0,220,78320,买盘
1872,14:26:48,3.56,0.0,40,14240,买盘
1873,14:26:54,3.55,-0.01,36,12780,卖盘
1874,14:27:00,3.56,0.01,84,29904,买盘
1875,14:27:04,3.55,-0.01,10,3550,卖盘
1876,14:27:06,3.56,0.01,108,38448,买盘
1877,14:27:09,3.56,0.0,8,2848,买盘
1878,14:27:15,3.56,0.0,98,34888,买盘
1879,14:27:21,3.56,0.0,42,14952,买盘
1880,14:27:27,3.56,0.0,110,39160,买盘
1881,14:27:33,3.56,0.0,43,15308,买盘
1882,14:27:39,3.56,0.0,3,1068,买盘
1883,14:27:42,3.56,0.0,20,7120,买盘
1884,14:27:45,3.56,0.0,236,84016,买盘
1885,14:28:04,3.56,0.0,92,32752,买盘
1886,14:28:07,3.55,-0.01,61,21655,卖盘
1887,14:28:13,3.55,0.0,370,131350,卖盘
1888,14:28:15,3.56,0.01,1,356,买盘
1889,14:28:18,3.56,0.0,133,47348,买盘
1890,14:28:21,3.55,-0.01,71,25205,卖盘
1891,14:28:30,3.56,0.01,207,73602,买盘
1892,14:28:33,3.56,0.0,143,50808,买盘
1893,14:28:42,3.55,-0.01,45,15975,卖盘
1894,14:29:04,3.55,0.0,50,17750,卖盘
1895,14:29:06,3.55,0.0,20,7100,卖盘
1896,14:29:12,3.55,0.0,20,7100,卖盘
1897,14:29:15,3.56,0.01,228,81168,买盘
1898,14:29:30,3.56,0.0,41,14596,买盘
1899,14:29:36,3.56,0.0,53,18868,买盘
1900,14:29:42,3.55,-0.01,35,12425,卖盘
1901,14:29:45,3.55,0.0,50,17750,卖盘
1902,14:29:48,3.56,0.01,20,7120,买盘
1903,14:30:04,3.56,0.0,32,11392,买盘
1904,14:30:09,3.56,0.0,126,44856,买盘
1905,14:30:12,3.56,0.0,4,1424,买盘
1906,14:30:15,3.55,-0.01,36,12780,卖盘
1907,14:30:22,3.56,0.01,600,213600,买盘
1908,14:30:24,3.55,-0.01,2,710,卖盘
1909,14:30:28,3.55,0.0,13,4615,卖盘
1910,14:30:30,3.55,0.0,120,42700,卖盘
1911,14:30:33,3.56,0.01,108,38448,买盘
1912,14:30:39,3.56,0.0,123,43788,买盘
1913,14:30:42,3.56,0.0,1100,391600,买盘
1914,14:30:45,3.56,0.0,105,37380,买盘
1915,14:30:48,3.56,0.0,1,356,买盘
1916,14:30:51,3.56,0.0,211,75116,买盘
1917,14:30:54,3.56,0.0,100,35600,买盘
1918,14:31:00,3.56,0.0,100,35600,买盘
1919,14:31:04,3.56,0.0,100,35600,买盘
1920,14:31:07,3.56,0.0,147,52332,买盘
1921,14:31:10,3.56,0.0,9,3204,买盘
1922,14:31:12,3.56,0.0,1130,402280,买盘
1923,14:31:15,3.56,0.0,100,35600,买盘
1924,14:31:18,3.56,0.0,103,36668,买盘
1925,14:31:21,3.56,0.0,537,191250,买盘
1926,14:31:27,3.57,0.01,100,35700,买盘
1927,14:31:30,3.57,0.0,150,53500,买盘
1928,14:31:36,3.57,0.0,100,35700,买盘
1929,14:31:39,3.57,0.0,100,35700,买盘
1930,14:31:42,3.57,0.0,199,71043,买盘
1931,14:31:45,3.57,0.0,3,1071,买盘
1932,14:31:48,3.57,0.0,100,35700,买盘
1933,14:31:52,3.57,0.0,100,35700,买盘
1934,14:31:55,3.57,0.0,100,35700,买盘
1935,14:32:01,3.57,0.0,100,35700,买盘
1936,14:32:04,3.56,-0.01,1240,441553,卖盘
1937,14:32:06,3.57,0.01,150,53500,买盘
1938,14:32:12,3.57,0.0,100,35700,买盘
1939,14:32:15,3.57,0.0,100,35700,买盘
1940,14:32:21,3.57,0.0,100,35700,买盘
1941,14:32:24,3.57,0.0,106,37836,买盘
1942,14:32:27,3.57,0.0,100,35700,买盘
1943,14:32:30,3.57,0.0,225,80325,买盘
1944,14:32:36,3.57,0.0,100,35700,买盘
1945,14:32:39,3.57,0.0,100,35700,买盘
1946,14:32:42,3.57,0.0,100,35700,买盘
1947,14:32:46,3.57,0.0,8,2856,买盘
1948,14:32:48,3.57,0.0,100,35700,买盘
1949,14:32:51,3.57,0.0,313,111741,买盘
1950,14:32:54,3.57,0.0,100,35700,买盘
1951,14:32:58,3.57,0.0,10,3570,买盘
1952,14:33:00,3.57,0.0,100,35700,买盘
1953,14:33:03,3.57,0.0,279,99424,买盘
1954,14:33:06,3.57,0.0,100,35700,买盘
1955,14:33:12,3.57,0.0,100,35700,买盘
1956,14:33:15,3.57,0.0,212,75684,买盘
1957,14:33:21,3.57,0.0,100,35700,买盘
1958,14:33:24,3.57,0.0,377,134589,买盘
1959,14:33:27,3.57,0.0,100,35700,买盘
1960,14:33:31,3.57,0.0,200,71300,买盘
1961,14:33:37,3.57,0.0,111,39627,买盘
1962,14:33:40,3.57,0.0,559,199563,买盘
1963,14:33:46,3.57,0.0,131,46767,买盘
1964,14:33:49,3.57,0.0,100,35700,买盘
1965,14:33:51,3.57,0.0,100,35700,买盘
1966,14:33:57,3.57,0.0,100,35700,买盘
1967,14:34:00,3.57,0.0,400,142800,买盘
1968,14:34:04,3.57,0.0,768,274176,买盘
1969,14:34:06,3.57,0.0,70,24740,买盘
1970,14:34:12,3.58,0.01,100,35800,买盘
1971,14:34:15,3.58,0.0,100,35800,买盘
1972,14:34:21,3.57,-0.01,118,42234,卖盘
1973,14:34:25,3.58,0.01,100,35800,买盘
1974,14:34:27,3.58,0.0,242,86634,买盘
1975,14:34:33,3.58,0.0,100,35800,买盘
1976,14:34:36,3.58,0.0,100,35800,买盘
1977,14:34:39,3.58,0.0,26,9308,买盘
1978,14:34:42,3.58,0.0,100,35800,买盘
1979,14:34:45,3.57,-0.01,200,71500,卖盘
1980,14:34:48,3.58,0.01,100,35800,买盘
1981,14:34:51,3.58,0.0,100,35800,买盘
1982,14:34:57,3.58,0.0,100,35800,买盘
1983,14:35:01,3.58,0.0,184,65872,买盘
1984,14:35:03,3.58,0.0,100,35800,买盘
1985,14:35:06,3.57,-0.01,5,1785,卖盘
1986,14:35:09,3.58,0.01,100,35800,买盘
1987,14:35:12,3.58,0.0,100,35800,买盘
1988,14:35:15,3.58,0.0,100,35800,买盘
1989,14:35:18,3.58,0.0,15,5370,买盘
1990,14:35:21,3.58,0.0,100,35800,买盘
1991,14:35:24,3.58,0.0,600,214300,买盘
1992,14:35:27,3.58,0.0,22,7870,买盘
1993,14:35:30,3.57,-0.01,119,42583,卖盘
1994,14:35:33,3.58,0.01,100,35800,买盘
1995,14:35:36,3.58,0.0,101,36158,买盘
1996,14:35:42,3.57,-0.01,731,261692,卖盘
1997,14:35:45,3.57,0.0,106,37942,卖盘
1998,14:35:48,3.58,0.01,100,35800,买盘
1999,14:35:51,3.58,0.0,226,80782,买盘
2000,14:35:54,3.57,-0.01,41,14637,卖盘
2001,14:35:57,3.58,0.01,101,36158,买盘
2002,14:36:01,3.58,0.0,100,35800,买盘
2003,14:36:04,3.57,-0.01,13,4641,卖盘
2004,14:36:06,3.58,0.01,100,35800,买盘
2005,14:36:09,3.58,0.0,100,35800,买盘
2006,14:36:12,3.58,0.0,120,42940,买盘
2007,14:36:15,3.58,0.0,937,335446,买盘
2008,14:36:18,3.57,-0.01,106,37942,卖盘
2009,14:36:22,3.57,0.0,121,43308,卖盘
2010,14:36:24,3.58,0.01,103,36871,买盘
2011,14:36:30,3.58,0.0,108,38658,买盘
2012,14:36:33,3.58,0.0,49,17542,买盘
2013,14:36:37,3.58,0.0,72,25776,卖盘
2014,14:36:39,3.58,0.0,104,37232,卖盘
2015,14:36:42,3.58,0.0,100,35800,买盘
2016,14:36:45,3.58,0.0,20,7160,买盘
2017,14:36:48,3.58,0.0,65,23270,卖盘
2018,14:36:51,3.58,0.0,87,31146,卖盘
2019,14:36:54,3.58,0.0,143,51294,卖盘
2020,14:36:57,3.59,0.01,100,35803,买盘
2021,14:37:00,3.58,-0.01,10,3580,卖盘
2022,14:37:04,3.58,0.0,59,21122,卖盘
2023,14:37:06,3.59,0.01,100,35900,买盘
2024,14:37:09,3.59,0.0,120,43060,买盘
2025,14:37:12,3.58,-0.01,48,17192,卖盘
2026,14:37:15,3.59,0.01,100,35900,买盘
2027,14:37:18,3.59,0.0,100,35900,买盘
2028,14:37:21,3.58,-0.01,110,39480,卖盘
2029,14:37:25,3.59,0.01,100,35900,买盘
2030,14:37:30,3.59,0.0,100,35900,买盘
2031,14:37:33,3.58,-0.01,110,39480,卖盘
2032,14:37:36,3.58,0.0,13,4654,买盘
2033,14:37:39,3.58,0.0,100,35800,买盘
2034,14:37:42,3.58,0.0,117,41886,买盘
2035,14:37:46,3.58,0.0,100,35800,买盘
2036,14:37:49,3.58,0.0,19,6802,买盘
2037,14:37:51,3.58,0.0,86,30788,卖盘
2038,14:37:55,3.59,0.01,100,35818,买盘
2039,14:37:58,3.58,-0.01,100,35800,买盘
2040,14:38:03,3.58,0.0,100,35800,买盘
2041,14:38:06,3.58,0.0,150,53700,买盘
2042,14:38:09,3.58,0.0,100,35800,买盘
2043,14:38:16,3.58,0.0,100,35800,买盘
2044,14:38:18,3.58,0.0,100,35800,买盘
2045,14:38:22,3.58,0.0,100,35800,买盘
2046,14:38:27,3.58,0.0,100,35800,买盘
2047,14:38:31,3.58,0.0,100,35800,买盘
2048,14:38:33,3.58,0.0,100,35800,买盘
2049,14:38:36,3.57,-0.01,59,21064,卖盘
2050,14:38:39,3.58,0.01,100,35800,买盘
2051,14:38:42,3.58,0.0,100,35800,买盘
2052,14:38:46,3.58,0.0,100,35800,买盘
2053,14:38:52,3.58,0.0,100,35800,买盘
2054,14:38:54,3.58,0.0,120,42960,买盘
2055,14:38:57,3.58,0.0,100,35800,买盘
2056,14:39:03,3.58,0.0,100,35800,买盘
2057,14:39:06,3.58,0.0,100,35800,买盘
2058,14:39:09,3.58,0.0,100,35800,买盘
2059,14:39:15,3.58,0.0,96,34368,买盘
2060,14:39:18,3.58,0.0,34,12162,卖盘
2061,14:39:21,3.59,0.01,100,35900,买盘
2062,14:39:25,3.58,-0.01,5,1790,卖盘
2063,14:39:27,3.59,0.01,108,38772,买盘
2064,14:39:31,3.59,0.0,175,62684,买盘
2065,14:39:33,3.59,0.0,100,35900,买盘
2066,14:39:36,3.57,-0.02,628,224246,卖盘
2067,14:39:39,3.59,0.02,224,80183,买盘
2068,14:39:46,3.59,0.0,100,35900,买盘
2069,14:39:48,3.58,-0.01,40,14320,卖盘
2070,14:39:52,3.59,0.01,150,53800,买盘
2071,14:39:54,3.59,0.0,111,39849,买盘
2072,14:39:57,3.59,0.0,7,2508,买盘
2073,14:40:00,3.59,0.0,116,41644,买盘
2074,14:40:04,3.59,0.0,110,39480,买盘
2075,14:40:06,3.59,0.0,100,35900,买盘
2076,14:40:12,3.59,0.0,100,35900,买盘
2077,14:40:15,3.59,0.0,100,35900,买盘
2078,14:40:18,3.59,0.0,180,64620,买盘
2079,14:40:25,3.59,0.0,130,46670,买盘
2080,14:40:28,3.59,0.0,100,35900,买盘
2081,14:40:30,3.59,0.0,121,43418,买盘
2082,14:40:36,3.58,-0.01,118,42344,卖盘
2083,14:40:39,3.58,0.0,72,25776,卖盘
2084,14:40:51,3.58,0.0,20,7160,卖盘
2085,14:40:54,3.59,0.01,100,35900,买盘
2086,14:41:00,3.58,-0.01,565,202245,卖盘
2087,14:41:03,3.59,0.01,5,1793,买盘
2088,14:41:06,3.59,0.0,133,47714,买盘
2089,14:41:09,3.58,-0.01,22,7876,卖盘
2090,14:41:12,3.58,0.0,189,67791,卖盘
2091,14:41:18,3.59,0.01,105,37690,买盘
2092,14:41:24,3.58,-0.01,130,46540,卖盘
2093,14:41:27,3.58,0.0,583,208739,卖盘
2094,14:41:30,3.58,0.0,100,35800,买盘
2095,14:41:37,3.58,0.0,102,36516,买盘
2096,14:41:40,3.58,0.0,8,2864,买盘
2097,14:41:43,3.58,0.0,101,36158,买盘
2098,14:41:45,3.58,0.0,102,36516,买盘
2099,14:41:58,3.57,-0.01,30,10710,卖盘
2100,14:42:01,3.58,0.01,176,62983,买盘
2101,14:42:06,3.59,0.01,150,53800,买盘
2102,14:42:09,3.59,0.0,110,39440,买盘
2103,14:42:12,3.58,-0.01,3,1074,卖盘
2104,14:42:15,3.58,0.0,100,35800,买盘
2105,14:42:24,3.58,0.0,115,41170,买盘
2106,14:42:33,3.57,-0.01,28,10015,卖盘
2107,14:42:36,3.58,0.01,1,358,买盘
2108,14:42:42,3.58,0.0,109,39022,买盘
2109,14:42:48,3.58,0.0,139,49762,买盘
2110,14:43:04,3.58,0.0,101,36158,买盘
2111,14:43:09,3.58,0.0,60,21480,买盘
2112,14:43:12,3.58,0.0,100,35800,买盘
2113,14:43:15,3.58,0.0,190,67930,买盘
2114,14:43:21,3.58,0.0,172,61576,买盘
2115,14:43:25,3.57,-0.01,131,46823,卖盘
2116,14:43:28,3.58,0.01,100,35800,买盘
2117,14:43:30,3.58,0.0,100,35800,买盘
2118,14:43:33,3.58,0.0,100,35800,买盘
2119,14:43:39,3.57,-0.01,60,21420,卖盘
2120,14:43:54,3.58,0.01,58,20764,买盘
2121,14:44:00,3.58,0.0,100,35800,买盘
2122,14:44:03,3.58,0.0,86,30788,买盘
2123,14:44:15,3.57,-0.01,6,2142,卖盘
2124,14:44:19,3.58,0.01,400,143200,买盘
2125,14:44:25,3.57,-0.01,136,48652,卖盘
2126,14:44:30,3.58,0.01,100,35800,买盘
2127,14:44:33,3.57,-0.01,20,7140,卖盘
2128,14:44:36,3.58,0.01,36,12888,买盘
2129,14:44:42,3.58,0.0,6,2148,买盘
2130,14:44:48,3.58,0.0,17,6086,买盘
2131,14:44:51,3.58,0.0,53,18974,买盘
2132,14:44:57,3.58,0.0,1,358,买盘
2133,14:45:04,3.57,-0.01,1,357,卖盘
2134,14:45:09,3.58,0.01,5,1790,买盘
2135,14:45:12,3.58,0.0,100,35800,买盘
2136,14:45:30,3.58,0.0,10,3580,买盘
2137,14:45:33,3.57,-0.01,100,35700,卖盘
2138,14:45:43,3.58,0.01,1,358,买盘
2139,14:45:45,3.57,-0.01,35,12495,卖盘
2140,14:46:04,3.58,0.01,26,9298,买盘
2141,14:46:06,3.58,0.0,9,3221,买盘
2142,14:46:09,3.57,-0.01,30,10710,卖盘
2143,14:46:22,3.58,0.01,52,18566,买盘
2144,14:46:27,3.58,0.0,1,358,买盘
2145,14:46:33,3.57,-0.01,43,15384,卖盘
2146,14:47:06,3.58,0.01,6,2148,买盘
2147,14:47:10,3.58,0.0,3,1074,买盘
2148,14:47:13,3.58,0.0,6,2148,买盘
2149,14:47:15,3.58,0.0,100,35800,买盘
2150,14:47:19,3.58,0.0,12,4296,买盘
2151,14:47:21,3.57,-0.01,10,3570,卖盘
2152,14:47:28,3.57,0.0,10,3570,卖盘
2153,14:47:30,3.57,0.0,30,10710,卖盘
2154,14:47:39,3.58,0.01,50,17900,买盘
2155,14:47:42,3.57,-0.01,10,3570,卖盘
2156,14:47:49,3.57,0.0,36,12852,卖盘
2157,14:47:54,3.58,0.01,6,2148,买盘
2158,14:47:57,3.58,0.0,45,16090,买盘
2159,14:48:06,3.58,0.0,3,1074,买盘
2160,14:48:21,3.58,0.0,8,2864,买盘
2161,14:48:27,3.58,0.0,8,2862,买盘
2162,14:48:33,3.58,0.0,100,35800,买盘
2163,14:48:45,3.57,-0.01,9,3203,卖盘
2164,14:48:48,3.58,0.01,30,10740,买盘
2165,14:48:54,3.58,0.0,12,4296,买盘
2166,14:48:57,3.57,-0.01,3054,1090296,卖盘
2167,14:49:04,3.57,0.0,106,37842,买盘
2168,14:49:07,3.57,0.0,100,35700,买盘
2169,14:49:10,3.57,0.0,92,32826,买盘
2170,14:49:12,3.57,0.0,274,97818,卖盘
2171,14:49:15,3.58,0.01,100,35800,买盘
2172,14:49:18,3.58,0.0,100,35800,买盘
2173,14:49:24,3.58,0.0,100,35800,买盘
2174,14:49:28,3.58,0.0,100,35800,买盘
2175,14:49:31,3.58,0.0,100,35800,买盘
2176,14:49:34,3.58,0.0,5,1790,买盘
2177,14:49:36,3.58,0.0,100,35800,买盘
2178,14:49:40,3.58,0.0,100,35800,买盘
2179,14:49:43,3.58,0.0,100,35800,买盘
2180,14:49:48,3.57,-0.01,733,261805,卖盘
2181,14:49:51,3.57,0.0,106,37842,买盘
2182,14:49:54,3.57,0.0,130,46410,买盘
2183,14:49:57,3.57,0.0,52,18564,买盘
2184,14:50:00,3.57,0.0,128,45696,买盘
2185,14:50:03,3.57,0.0,131,46749,买盘
2186,14:50:12,3.58,0.01,100,35800,买盘
2187,14:50:15,3.57,-0.01,51,18213,卖盘
2188,14:50:27,3.57,0.0,2190,781830,卖盘
2189,14:50:30,3.58,0.01,100,35800,买盘
2190,14:50:33,3.58,0.0,8,2864,买盘
2191,14:50:36,3.58,0.0,100,35800,买盘
2192,14:50:40,3.57,-0.01,110,39370,卖盘
2193,14:50:43,3.58,0.01,100,35800,买盘
2194,14:50:49,3.58,0.0,100,35800,买盘
2195,14:50:51,3.58,0.0,270,96660,买盘
2196,14:50:54,3.58,0.0,106,37948,买盘
2197,14:50:57,3.58,0.0,164,58712,买盘
2198,14:51:00,3.58,0.0,106,37948,买盘
2199,14:51:04,3.58,0.0,787,281721,买盘
2200,14:51:06,3.57,-0.01,76,27132,卖盘
2201,14:51:12,3.58,0.01,100,35800,买盘
2202,14:51:15,3.58,0.0,106,37948,买盘
2203,14:51:18,3.58,0.0,100,35800,买盘
2204,14:51:21,3.58,0.0,28,10024,买盘
2205,14:51:24,3.58,0.0,100,35800,买盘
2206,14:51:28,3.58,0.0,100,35800,买盘
2207,14:51:31,3.58,0.0,12,4296,买盘
2208,14:51:34,3.58,0.0,6,2148,买盘
2209,14:51:37,3.58,0.0,6,2148,买盘
2210,14:51:39,3.58,0.0,6,2148,买盘
2211,14:51:45,3.58,0.0,6,2148,买盘
2212,14:51:48,3.58,0.0,30,10740,买盘
2213,14:51:51,3.58,0.0,6,2148,买盘
2214,14:52:00,3.58,0.0,6,2148,买盘
2215,14:52:06,3.58,0.0,6,2148,买盘
2216,14:52:09,3.58,0.0,36,12858,买盘
2217,14:52:12,3.57,-0.01,100,35700,卖盘
2218,14:52:21,3.58,0.01,14,5004,买盘
2219,14:52:24,3.57,-0.01,400,142800,卖盘
2220,14:52:33,3.58,0.01,100,35800,买盘
2221,14:52:36,3.58,0.0,100,35800,买盘
2222,14:52:39,3.57,-0.01,10,3570,卖盘
2223,14:52:46,3.57,0.0,26,9282,卖盘
2224,14:52:48,3.57,0.0,28,9996,买盘
2225,14:53:00,3.57,0.0,28,9996,买盘
2226,14:53:03,3.57,0.0,100,35700,买盘
2227,14:53:06,3.56,-0.01,70,24923,卖盘
2228,14:53:24,3.57,0.01,6,2142,买盘
2229,14:53:36,3.57,0.0,3,1071,买盘
2230,14:53:39,3.57,0.0,30,10710,买盘
2231,14:53:42,3.56,-0.01,35,12460,卖盘
2232,14:54:21,3.57,0.01,34,12132,买盘
2233,14:54:27,3.57,0.0,118,42126,买盘
2234,14:54:45,3.57,0.0,49,17493,买盘
2235,14:54:48,3.57,0.0,100,35700,买盘
2236,14:54:51,3.56,-0.01,50,17800,卖盘
2237,14:55:15,3.56,0.0,1,356,卖盘
2238,14:55:27,3.56,0.0,40,14240,卖盘
2239,14:55:30,3.56,0.0,5,1780,卖盘
2240,14:55:42,3.57,0.01,12,4284,买盘
2241,14:55:45,3.57,0.0,1,357,买盘
2242,14:55:57,3.57,0.0,20,7140,买盘
2243,14:56:00,3.56,-0.01,88,31328,卖盘
2244,14:56:15,3.57,0.01,52,18564,买盘
2245,14:56:21,3.57,0.0,50,17850,买盘
2246,14:56:34,3.57,0.0,1,357,买盘
2247,14:56:37,3.57,0.0,4,1428,买盘
2248,14:56:39,3.57,0.0,1,357,买盘
2249,14:56:42,3.57,0.0,99,35308,买盘
2250,14:56:45,3.57,0.0,66,23562,买盘
2251,14:56:48,3.57,0.0,60,21420,买盘
2252,14:56:51,3.56,-0.01,10,3560,卖盘
2253,14:57:00,3.56,0.0,26,9256,卖盘
2254,15:00:04,3.56,0.0,426,151656,卖盘
