,time,price,change,volume,amount,type
0,09:25:04,5.6,0.0,24,13440,卖盘
1,09:30:00,5.55,-0.05,150,83250,卖盘
2,09:30:03,5.57,0.02,54,30024,中性盘
3,09:30:10,5.56,-0.01,37,20572,卖盘
4,09:30:12,5.56,0.0,4,2224,卖盘
5,09:30:16,5.56,0.0,6,3336,卖盘
6,09:30:18,5.56,0.0,5,2780,卖盘
7,09:30:21,5.63,0.07,291,163246,买盘
8,09:30:24,5.56,-0.07,77,43330,卖盘
9,09:30:27,5.6,0.04,20,11143,买盘
10,09:30:33,5.56,-0.04,35,19621,卖盘
11,09:30:45,5.56,0.0,8,4476,卖盘
12,09:31:12,5.62,0.06,18,10116,买盘
13,09:31:27,5.62,0.0,15,8430,买盘
14,09:31:39,5.59,-0.03,1,559,卖盘
15,09:31:42,5.59,0.0,1,559,卖盘
16,09:31:51,5.59,0.0,4,2236,卖盘
17,09:31:54,5.59,0.0,1,559,卖盘
18,09:31:57,5.59,0.0,8,4472,卖盘
19,09:32:00,5.59,0.0,37,20683,卖盘
20,09:32:15,5.59,0.0,6,3354,买盘
21,09:32:19,5.59,0.0,1,559,买盘
22,09:32:27,5.6,0.01,25,14000,买盘
23,09:32:45,5.6,0.0,20,11200,卖盘
24,09:32:48,5.6,0.0,1,560,卖盘
25,09:32:51,5.6,0.0,1,560,卖盘
26,09:32:55,5.6,0.0,1,560,卖盘
27,09:32:57,5.6,0.0,1,560,卖盘
28,09:33:00,5.6,0.0,1,560,卖盘
29,09:33:04,5.6,0.0,1,560,卖盘
30,09:33:06,5.6,0.0,1,560,卖盘
31,09:33:09,5.6,0.0,1,560,卖盘
32,09:33:16,5.6,0.0,1,560,卖盘
33,09:33:19,5.6,0.0,1,560,卖盘
34,09:33:21,5.6,0.0,2,1120,卖盘
35,09:34:13,5.6,0.0,3,1680,买盘
36,09:34:36,5.6,0.0,1,560,买盘
37,09:34:48,5.59,-0.01,1,559,卖盘
38,09:34:57,5.59,0.0,18,10062,卖盘
39,09:35:00,5.59,0.0,2,1118,买盘
40,09:35:33,5.6,0.01,1,560,买盘
41,09:35:54,5.6,0.0,10,5600,买盘
42,09:35:57,5.58,-0.02,6,3348,卖盘
43,09:36:03,5.6,0.02,2,1120,买盘
44,09:36:33,5.6,0.0,1,560,买盘
45,09:36:58,5.61,0.01,17,9529,买盘
46,09:37:04,5.61,0.0,7,3927,买盘
47,09:37:40,5.6,-0.01,1,560,卖盘
48,09:37:45,5.6,0.0,1,560,卖盘
49,09:37:57,5.61,0.01,6,3366,买盘
50,09:38:03,5.61,0.0,23,12903,买盘
51,09:38:16,5.61,0.0,2,1122,买盘
52,09:38:24,5.61,0.0,2,1122,卖盘
53,09:38:27,5.6,-0.01,16,8960,卖盘
54,09:38:39,5.6,0.0,17,9520,卖盘
55,09:38:42,5.6,0.0,6,3360,卖盘
56,09:38:45,5.6,0.0,2,1120,卖盘
57,09:39:00,5.59,-0.01,8,4472,卖盘
58,09:39:09,5.6,0.01,10,5591,买盘
59,09:39:18,5.59,-0.01,4,2239,卖盘
60,09:39:36,5.6,0.01,3,1680,买盘
61,09:39:57,5.6,0.0,4,2240,买盘
62,09:40:00,5.58,-0.02,12,6704,卖盘
63,09:40:06,5.58,0.0,13,7254,卖盘
64,09:40:45,5.58,0.0,1,558,卖盘
65,09:41:24,5.59,0.01,2,1118,买盘
66,09:41:27,5.59,0.0,9,5031,买盘
67,09:41:37,5.59,0.0,30,16770,卖盘
68,09:41:42,5.6,0.01,29,16214,买盘
69,09:42:04,5.59,-0.01,61,34099,卖盘
70,09:42:06,5.59,0.0,1,559,买盘
71,09:42:15,5.58,-0.01,1,558,卖盘
72,09:42:18,5.58,0.0,18,10044,卖盘
73,09:42:24,5.58,0.0,2,1116,卖盘
74,09:42:57,5.59,0.01,3,1677,买盘
75,09:44:16,5.59,0.0,16,8944,买盘
76,09:44:36,5.59,0.0,27,15093,买盘
77,09:44:39,5.59,0.0,4,2236,买盘
78,09:44:57,5.59,0.0,28,15652,买盘
79,09:45:06,5.59,0.0,5,2795,买盘
80,09:45:15,5.58,-0.01,1,558,卖盘
81,09:45:24,5.59,0.01,2,1118,买盘
82,09:45:27,5.58,-0.01,9,5022,卖盘
83,09:45:30,5.59,0.01,2,1118,买盘
84,09:45:33,5.59,0.0,23,12857,买盘
85,09:45:36,5.59,0.0,5,2795,买盘
86,09:45:39,5.59,0.0,24,13416,买盘
87,09:45:45,5.6,0.01,4,2240,买盘
88,09:45:57,5.6,0.0,57,31920,买盘
89,09:46:00,5.6,0.0,35,19600,买盘
90,09:46:06,5.6,0.0,33,18480,买盘
91,09:46:24,5.6,0.0,28,15680,买盘
92,09:46:48,5.61,0.01,2,1122,买盘
93,09:46:51,5.61,0.0,7,3927,买盘
94,09:47:06,5.61,0.0,7,3927,卖盘
95,09:47:27,5.61,0.0,1,561,买盘
96,09:47:57,5.61,0.0,1,561,买盘
97,09:48:09,5.6,-0.01,1,560,买盘
98,09:48:18,5.59,-0.01,15,8385,卖盘
99,09:48:27,5.61,0.02,1,561,买盘
100,09:48:36,5.61,0.0,41,23001,买盘
101,09:48:45,5.61,0.0,25,14025,买盘
102,09:48:57,5.61,0.0,14,7854,卖盘
103,09:49:00,5.61,0.0,4,2244,卖盘
104,09:49:09,5.61,0.0,1,561,买盘
105,09:49:18,5.61,0.0,5,2805,卖盘
106,09:49:33,5.61,0.0,2,1122,卖盘
107,09:49:39,5.62,0.01,21,11802,买盘
108,09:49:48,5.61,-0.01,1,561,卖盘
109,09:49:51,5.61,0.0,24,13464,卖盘
110,09:50:00,5.61,0.0,1,561,卖盘
111,09:50:06,5.61,0.0,46,25806,卖盘
112,09:50:12,5.61,0.0,12,6732,卖盘
113,09:50:33,5.61,0.0,7,3927,卖盘
114,09:50:39,5.61,0.0,24,13464,买盘
115,09:50:57,5.62,0.01,5,2810,买盘
116,09:51:42,5.62,0.0,13,7306,买盘
117,09:52:00,5.62,0.0,10,5620,买盘
118,09:52:13,5.61,-0.01,11,6173,卖盘
119,09:52:48,5.61,0.0,1,561,卖盘
120,09:52:55,5.62,0.01,1,562,买盘
121,09:53:04,5.62,0.0,23,12926,买盘
122,09:53:06,5.62,0.0,10,5620,买盘
123,09:53:15,5.62,0.0,2,1124,买盘
124,09:53:31,5.61,-0.01,1,561,卖盘
125,09:53:54,5.6,-0.01,10,5603,卖盘
126,09:55:21,5.6,0.0,20,11200,卖盘
127,09:55:48,5.6,0.0,1,560,卖盘
128,09:57:09,5.61,0.01,1,561,买盘
129,09:57:15,5.6,-0.01,15,8400,卖盘
130,09:57:21,5.61,0.01,14,7853,买盘
131,09:57:42,5.61,0.0,53,29733,买盘
132,09:58:36,5.61,0.0,20,11220,买盘
133,09:58:39,5.6,-0.01,87,48770,卖盘
134,09:59:00,5.61,0.01,5,2805,卖盘
135,09:59:21,5.61,0.0,38,21318,卖盘
136,09:59:24,5.6,-0.01,1,560,卖盘
137,09:59:30,5.61,0.01,12,6732,买盘
138,10:00:00,5.61,0.0,1,561,卖盘
139,10:00:04,5.61,0.0,2,1122,卖盘
140,10:00:19,5.61,0.0,1,561,卖盘
141,10:00:24,5.61,0.0,50,28050,卖盘
142,10:00:27,5.61,0.0,2,1122,卖盘
143,10:00:30,5.61,0.0,2,1122,卖盘
144,10:01:39,5.61,0.0,17,9537,买盘
145,10:01:45,5.6,-0.01,1,560,卖盘
146,10:02:03,5.6,0.0,2,1120,卖盘
147,10:03:04,5.6,0.0,2,1120,卖盘
148,10:03:15,5.6,0.0,1,560,卖盘
149,10:03:45,5.6,0.0,286,160160,卖盘
150,10:03:51,5.59,-0.01,74,41414,卖盘
151,10:03:57,5.59,0.0,1,559,卖盘
152,10:04:00,5.59,0.0,11,6149,卖盘
153,10:04:03,5.59,0.0,2,1118,卖盘
154,10:04:39,5.59,0.0,1,559,买盘
155,10:04:42,5.58,-0.01,5,2790,卖盘
156,10:04:45,5.58,0.0,1,558,卖盘
157,10:05:04,5.58,0.0,3,1674,卖盘
158,10:05:18,5.59,0.01,5,2795,买盘
159,10:05:27,5.58,-0.01,6,3348,卖盘
160,10:06:03,5.58,0.0,2,1116,卖盘
161,10:06:34,5.58,0.0,8,4464,卖盘
162,10:06:48,5.57,-0.01,4,2228,卖盘
163,10:07:04,5.57,0.0,2,1114,卖盘
164,10:07:06,5.58,0.01,18,10044,买盘
165,10:07:15,5.59,0.01,32,17888,买盘
166,10:08:04,5.59,0.0,2,1118,卖盘
167,10:08:27,5.59,0.0,19,10621,卖盘
168,10:10:09,5.57,-0.02,16,8912,卖盘
169,10:10:57,5.57,0.0,12,6684,卖盘
170,10:11:03,5.57,0.0,3,1671,卖盘
171,10:11:30,5.57,0.0,4,2228,卖盘
172,10:12:06,5.56,-0.01,3,1668,卖盘
173,10:12:45,5.56,0.0,6,3336,卖盘
174,10:13:03,5.56,0.0,2,1112,卖盘
175,10:13:09,5.56,0.0,3,1668,卖盘
176,10:13:19,5.57,0.01,32,17824,买盘
177,10:15:16,5.56,-0.01,36,20016,卖盘
178,10:15:19,5.56,0.0,1,556,卖盘
179,10:15:22,5.56,0.0,3,1668,卖盘
180,10:15:24,5.56,0.0,1,556,卖盘
181,10:15:27,5.56,0.0,6,3336,卖盘
182,10:15:36,5.56,0.0,4,2224,卖盘
183,10:16:04,5.56,0.0,2,1112,卖盘
184,10:17:03,5.56,0.0,3,1668,卖盘
185,10:17:48,5.57,0.01,26,14482,买盘
186,10:17:51,5.56,-0.01,1,556,卖盘
187,10:18:04,5.56,0.0,2,1112,卖盘
188,10:19:04,5.56,0.0,2,1112,卖盘
189,10:19:40,5.56,0.0,3,1668,卖盘
190,10:20:04,5.56,0.0,2,1112,卖盘
191,10:20:42,5.57,0.01,1,557,买盘
192,10:20:48,5.56,-0.01,1,556,卖盘
193,10:21:04,5.56,0.0,2,1112,卖盘
194,10:21:21,5.56,0.0,3,1668,卖盘
195,10:21:57,5.57,0.01,6,3342,买盘
196,10:22:36,5.57,0.0,10,5570,买盘
197,10:22:45,5.56,-0.01,100,55600,卖盘
198,10:23:04,5.56,0.0,3,1668,卖盘
199,10:23:07,5.56,0.0,24,13344,卖盘
200,10:23:18,5.55,-0.01,3,1665,卖盘
201,10:24:04,5.55,0.0,34,18870,卖盘
202,10:24:09,5.58,0.03,82,45630,买盘
203,10:24:18,5.58,0.0,25,13950,卖盘
204,10:24:36,5.58,0.0,10,5580,卖盘
205,10:25:00,5.58,0.0,10,5580,卖盘
206,10:25:04,5.58,0.0,2,1116,卖盘
207,10:26:03,5.58,0.0,1,558,卖盘
208,10:26:06,5.58,0.0,1,558,买盘
209,10:26:21,5.58,0.0,12,6696,卖盘
210,10:27:04,5.58,0.0,2,1116,卖盘
211,10:27:15,5.58,0.0,5,2790,卖盘
212,10:28:06,5.58,0.0,5,2790,买盘
213,10:28:09,5.58,0.0,12,6696,买盘
214,10:28:24,5.58,0.0,2,1116,卖盘
215,10:29:03,5.58,0.0,2,1116,卖盘
216,10:29:06,5.58,0.0,2,1116,买盘
217,10:29:16,5.58,0.0,11,6138,卖盘
218,10:29:18,5.58,0.0,4,2232,买盘
219,10:29:30,5.58,0.0,10,5580,卖盘
220,10:29:33,5.58,0.0,11,6138,买盘
221,10:30:03,5.58,0.0,1,558,卖盘
222,10:30:06,5.58,0.0,1,558,买盘
223,10:30:12,5.58,0.0,8,4464,卖盘
224,10:30:15,5.58,0.0,5,2790,买盘
225,10:30:18,5.58,0.0,3,1674,买盘
226,10:30:21,5.58,0.0,3,1674,买盘
227,10:30:24,5.58,0.0,1,558,买盘
228,10:30:46,5.58,0.0,1,558,卖盘
229,10:30:48,5.58,0.0,3,1674,买盘
230,10:30:51,5.58,0.0,2,1116,买盘
231,10:30:54,5.58,0.0,1,558,买盘
232,10:30:57,5.58,0.0,1,558,买盘
233,10:31:00,5.57,-0.01,15,8355,卖盘
234,10:31:03,5.57,0.0,2,1114,卖盘
235,10:31:15,5.57,0.0,5,2785,卖盘
236,10:31:57,5.56,-0.01,19,10572,卖盘
237,10:34:15,5.56,0.0,150,83400,卖盘
238,10:35:49,5.56,0.0,2,1112,卖盘
239,10:36:04,5.56,0.0,3,1668,卖盘
240,10:36:42,5.56,0.0,1,556,卖盘
241,10:37:51,5.55,-0.01,490,271956,卖盘
242,10:37:54,5.55,0.0,87,48277,买盘
243,10:38:04,5.55,0.0,6,3327,买盘
244,10:38:24,5.55,0.0,2,1110,买盘
245,10:38:27,5.55,0.0,2,1110,买盘
246,10:38:30,5.55,0.0,9,4995,买盘
247,10:38:33,5.55,0.0,7,3885,买盘
248,10:38:36,5.55,0.0,78,43290,买盘
249,10:38:39,5.55,0.0,17,9435,买盘
250,10:38:42,5.55,0.0,5,2775,买盘
251,10:38:46,5.55,0.0,29,16095,买盘
252,10:38:48,5.55,0.0,2,1110,买盘
253,10:38:51,5.55,0.0,3,1665,买盘
254,10:38:55,5.55,0.0,3,1665,买盘
255,10:39:00,5.54,-0.01,2,1108,卖盘
256,10:39:04,5.54,0.0,13,7203,卖盘
257,10:39:06,5.55,0.01,1,555,买盘
258,10:39:09,5.55,0.0,1,555,买盘
259,10:39:12,5.55,0.0,1,555,买盘
260,10:39:15,5.55,0.0,1,555,买盘
261,10:39:18,5.55,0.0,1,555,买盘
262,10:39:21,5.55,0.0,1,555,买盘
263,10:39:24,5.55,0.0,1,555,买盘
264,10:39:28,5.54,-0.01,6,3325,卖盘
265,10:39:31,5.54,0.0,5,2771,卖盘
266,10:39:54,5.53,-0.01,3,1660,卖盘
267,10:40:15,5.54,0.01,1,554,卖盘
268,10:41:21,5.54,0.0,19,10526,卖盘
269,10:41:24,5.54,0.0,31,17174,买盘
270,10:41:33,5.54,0.0,1,554,买盘
271,10:41:36,5.53,-0.01,8,4425,卖盘
272,10:41:39,5.54,0.01,1,554,买盘
273,10:41:42,5.54,0.0,12,6637,买盘
274,10:41:45,5.54,0.0,6,3324,买盘
275,10:42:09,5.54,0.0,4,2216,卖盘
276,10:42:18,5.54,0.0,15,8310,卖盘
277,10:42:27,5.54,0.0,10,5540,卖盘
278,10:42:36,5.54,0.0,11,6094,卖盘
279,10:42:42,5.54,0.0,2,1108,卖盘
280,10:42:46,5.53,-0.01,12,6643,卖盘
281,10:43:27,5.54,0.01,9,4986,买盘
282,10:44:39,5.54,0.0,1,554,卖盘
283,10:44:42,5.54,0.0,1,554,卖盘
284,10:45:04,5.54,0.0,2,1108,卖盘
285,10:45:18,5.54,0.0,1,554,卖盘
286,10:48:00,5.55,0.01,50,27750,买盘
287,10:48:04,5.55,0.0,2,1110,卖盘
288,10:49:03,5.55,0.0,2,1110,卖盘
289,10:50:03,5.55,0.0,2,1110,卖盘
290,10:51:04,5.55,0.0,2,1110,卖盘
291,10:51:51,5.56,0.01,19,10564,买盘
292,10:52:15,5.55,-0.01,6,3330,卖盘
293,10:52:18,5.55,0.0,2,1110,卖盘
294,10:52:21,5.56,0.01,1,556,买盘
295,10:56:03,5.56,0.0,19,10564,买盘
296,10:56:06,5.56,0.0,2,1112,买盘
297,10:56:34,5.56,0.0,88,48928,卖盘
298,10:59:03,5.55,-0.01,5,2775,卖盘
299,10:59:57,5.55,0.0,8,4440,卖盘
300,11:00:18,5.55,0.0,3,1665,卖盘
301,11:00:36,5.55,0.0,2,1110,卖盘
302,11:00:42,5.55,0.0,20,11100,卖盘
303,11:00:57,5.55,0.0,1,555,卖盘
304,11:01:54,5.54,-0.01,6,3324,卖盘
305,11:02:15,5.54,0.0,3,1662,卖盘
306,11:02:18,5.54,0.0,9,4986,卖盘
307,11:03:06,5.54,0.0,6,3324,卖盘
308,11:03:15,5.54,0.0,34,18836,卖盘
309,11:03:33,5.54,0.0,15,8310,买盘
310,11:03:42,5.54,0.0,50,27700,买盘
311,11:03:45,5.54,0.0,12,6648,买盘
312,11:03:48,5.54,0.0,12,6648,买盘
313,11:03:51,5.54,0.0,11,6094,买盘
314,11:03:54,5.54,0.0,106,58724,买盘
315,11:03:57,5.55,0.01,5,2775,买盘
316,11:04:00,5.55,0.0,6,3330,买盘
317,11:04:03,5.55,0.0,4,2220,买盘
318,11:04:06,5.55,0.0,41,22755,买盘
319,11:04:12,5.56,0.01,2,1112,买盘
320,11:04:15,5.56,0.0,1,556,买盘
321,11:04:18,5.56,0.0,1,556,买盘
322,11:04:21,5.56,0.0,1,556,买盘
323,11:04:24,5.56,0.0,1,556,买盘
324,11:04:27,5.56,0.0,1,556,买盘
325,11:04:30,5.56,0.0,1,556,买盘
326,11:04:33,5.56,0.0,1,556,买盘
327,11:04:54,5.56,0.0,5,2780,买盘
328,11:06:15,5.55,-0.01,11,6105,卖盘
329,11:06:30,5.55,0.0,50,27750,卖盘
330,11:06:42,5.56,0.01,49,27244,卖盘
331,11:07:24,5.56,0.0,46,25576,卖盘
332,11:10:48,5.55,-0.01,2,1110,卖盘
333,11:11:09,5.55,0.0,1,555,卖盘
334,11:11:24,5.55,0.0,1,555,买盘
335,11:11:27,5.55,0.0,1,555,买盘
336,11:11:31,5.55,0.0,1,555,买盘
337,11:11:33,5.55,0.0,1,555,买盘
338,11:11:37,5.55,0.0,1,555,买盘
339,11:11:39,5.55,0.0,15,8325,买盘
340,11:11:54,5.55,0.0,12,6660,卖盘
341,11:12:42,5.55,0.0,4,2220,卖盘
342,11:14:00,5.54,-0.01,13,7208,卖盘
343,11:14:39,5.55,0.01,7,3885,买盘
344,11:14:54,5.55,0.0,5,2775,卖盘
345,11:15:01,5.54,-0.01,2,1108,卖盘
346,11:15:21,5.54,0.0,1,554,卖盘
347,11:18:04,5.54,0.0,3,1662,卖盘
348,11:20:00,5.54,0.0,3,1662,卖盘
349,11:21:51,5.54,0.0,1,554,卖盘
350,11:22:04,5.54,0.0,3,1662,卖盘
351,11:23:52,5.54,0.0,3,1662,卖盘
352,11:24:21,5.54,0.0,1,554,卖盘
353,11:25:45,5.54,0.0,3,1662,卖盘
354,11:26:33,5.55,0.01,20,11100,买盘
355,11:27:30,5.55,0.0,3,1665,买盘
356,13:00:03,5.56,0.01,10,5560,买盘
357,13:00:51,5.55,-0.01,2,1110,卖盘
358,13:01:00,5.56,0.01,9,5004,买盘
359,13:02:06,5.56,0.0,53,29468,卖盘
360,13:02:54,5.55,-0.01,1,555,卖盘
361,13:03:00,5.55,0.0,1,555,卖盘
362,13:05:48,5.54,-0.01,6,3324,卖盘
363,13:05:57,5.54,0.0,18,9972,卖盘
364,13:06:00,5.54,0.0,12,6648,卖盘
365,13:06:21,5.54,0.0,6,3324,卖盘
366,13:08:27,5.54,0.0,4,2216,卖盘
367,13:08:48,5.54,0.0,2,1108,卖盘
368,13:10:06,5.55,0.01,32,17760,买盘
369,13:12:30,5.55,0.0,6,3330,买盘
370,13:16:42,5.54,-0.01,3,1662,卖盘
371,13:18:39,5.54,0.0,3,1662,卖盘
372,13:19:15,5.54,0.0,50,27700,卖盘
373,13:19:18,5.54,0.0,1,554,卖盘
374,13:20:39,5.54,0.0,3,1662,卖盘
375,13:20:54,5.54,0.0,1,554,卖盘
376,13:21:00,5.54,0.0,1,554,卖盘
377,13:22:27,5.54,0.0,3,1662,卖盘
378,13:23:06,5.55,0.01,1,555,买盘
379,13:23:09,5.55,0.0,8,4440,买盘
380,13:23:15,5.55,0.0,38,21090,买盘
381,13:23:27,5.54,-0.01,1,554,卖盘
382,13:24:04,5.56,0.02,34,18904,买盘
383,13:24:42,5.56,0.0,7,3892,卖盘
384,13:25:52,5.56,0.0,12,6672,卖盘
385,13:25:55,5.55,-0.01,3,1666,卖盘
386,13:26:48,5.55,0.0,33,18315,卖盘
387,13:26:54,5.54,-0.01,1,554,卖盘
388,13:27:42,5.55,0.01,48,26640,买盘
389,13:30:42,5.55,0.0,86,47730,卖盘
390,13:30:49,5.55,0.0,31,17187,买盘
391,13:31:09,5.55,0.0,10,5550,买盘
392,13:31:24,5.54,-0.01,2,1108,卖盘
393,13:31:27,5.55,0.01,1,555,买盘
394,13:31:39,5.55,0.0,1,555,买盘
395,13:31:42,5.55,0.0,1,555,买盘
396,13:31:45,5.55,0.0,1,555,买盘
397,13:31:48,5.55,0.0,3,1665,买盘
398,13:31:54,5.55,0.0,2,1110,买盘
399,13:31:57,5.54,-0.01,1,554,卖盘
400,13:33:09,5.55,0.01,60,33300,买盘
401,13:33:12,5.55,0.0,1,555,买盘
402,13:33:15,5.55,0.0,1,555,买盘
403,13:33:18,5.54,-0.01,10,5541,卖盘
404,13:33:33,5.55,0.01,4,2220,买盘
405,13:34:45,5.56,0.01,6,3336,买盘
406,13:35:24,5.55,-0.01,2,1110,卖盘
407,13:35:27,5.55,0.0,1,555,卖盘
408,13:36:04,5.55,0.0,2,1110,卖盘
409,13:36:21,5.56,0.01,15,8340,买盘
410,13:37:27,5.55,-0.01,1,555,卖盘
411,13:38:27,5.55,0.0,2,1110,卖盘
412,13:39:45,5.55,0.0,3,1665,卖盘
413,13:40:54,5.55,0.0,4,2220,卖盘
414,13:41:18,5.56,0.01,90,50040,买盘
415,13:41:30,5.55,-0.01,1,555,卖盘
416,13:41:51,5.56,0.01,44,24464,买盘
417,13:43:22,5.55,-0.01,5,2775,卖盘
418,13:44:03,5.55,0.0,160,88800,卖盘
419,13:45:15,5.54,-0.01,107,59278,卖盘
420,13:45:21,5.53,-0.01,1,553,卖盘
421,13:45:24,5.53,0.0,2,1106,卖盘
422,13:45:27,5.53,0.0,3,1659,卖盘
423,13:45:36,5.53,0.0,3,1659,卖盘
424,13:46:09,5.53,0.0,3,1659,卖盘
425,13:47:18,5.53,0.0,1,553,卖盘
426,13:47:30,5.54,0.01,48,26592,买盘
427,13:50:15,5.54,0.0,2,1108,卖盘
428,13:50:27,5.53,-0.01,1,553,卖盘
429,13:50:39,5.54,0.01,25,13850,买盘
430,13:51:00,5.53,-0.01,1,553,卖盘
431,13:52:09,5.55,0.02,78,43287,买盘
432,13:54:54,5.55,0.0,5,2775,买盘
433,13:58:24,5.54,-0.01,76,42104,卖盘
434,13:58:27,5.54,0.0,10,5540,买盘
435,13:59:25,5.54,0.0,39,21606,买盘
436,13:59:27,5.54,0.0,1,554,买盘
437,13:59:30,5.54,0.0,1,554,买盘
438,13:59:33,5.54,0.0,1,554,买盘
439,13:59:36,5.54,0.0,1,554,买盘
440,13:59:39,5.54,0.0,1,554,买盘
441,13:59:42,5.54,0.0,27,14958,买盘
442,14:00:45,5.53,-0.01,49,27097,卖盘
443,14:01:00,5.53,0.0,5,2765,卖盘
444,14:01:48,5.53,0.0,25,13825,卖盘
445,14:01:58,5.53,0.0,32,17706,卖盘
446,14:02:51,5.53,0.0,61,33733,卖盘
447,14:03:01,5.53,0.0,9,4977,卖盘
448,14:03:09,5.53,0.0,102,56406,卖盘
449,14:03:13,5.53,0.0,1,553,卖盘
450,14:03:15,5.53,0.0,33,18249,卖盘
451,14:04:21,5.53,0.0,10,5530,卖盘
452,14:05:28,5.53,0.0,1,553,卖盘
453,14:05:42,5.54,0.01,1,554,买盘
454,14:05:45,5.54,0.0,1,554,买盘
455,14:05:48,5.54,0.0,1,554,买盘
456,14:05:51,5.54,0.0,1,554,买盘
457,14:05:54,5.54,0.0,1,554,买盘
458,14:05:57,5.54,0.0,22,12188,买盘
459,14:06:54,5.55,0.01,60,33300,买盘
460,14:07:10,5.56,0.01,1,556,买盘
461,14:08:06,5.55,-0.01,5,2775,卖盘
462,14:08:15,5.55,0.0,40,22200,卖盘
463,14:09:36,5.55,0.0,1,555,卖盘
464,14:10:45,5.56,0.01,35,19460,买盘
465,14:13:48,5.55,-0.01,1,555,卖盘
466,14:14:39,5.55,0.0,6,3330,卖盘
467,14:15:27,5.55,0.0,1,555,卖盘
468,14:16:45,5.55,0.0,1,555,卖盘
469,14:17:30,5.55,0.0,1,555,卖盘
470,14:18:30,5.55,0.0,4,2220,卖盘
471,14:18:37,5.56,0.01,6,3336,买盘
472,14:19:09,5.55,-0.01,2,1110,卖盘
473,14:20:33,5.55,0.0,5,2775,卖盘
474,14:20:39,5.55,0.0,5,2775,卖盘
475,14:20:51,5.55,0.0,1,555,卖盘
476,14:22:18,5.55,0.0,3,1665,卖盘
477,14:22:36,5.55,0.0,20,11100,卖盘
478,14:22:48,5.55,0.0,5,2775,卖盘
479,14:24:21,5.55,0.0,4,2220,卖盘
480,14:24:58,5.55,0.0,4,2220,卖盘
481,14:25:36,5.55,0.0,49,27195,卖盘
482,14:25:39,5.55,0.0,15,8325,卖盘
483,14:26:01,5.55,0.0,27,14985,买盘
484,14:26:12,5.55,0.0,11,6105,卖盘
485,14:26:15,5.55,0.0,12,6660,卖盘
486,14:26:24,5.54,-0.01,6,3324,卖盘
487,14:26:27,5.55,0.01,1,555,买盘
488,14:26:30,5.55,0.0,1,555,买盘
489,14:26:33,5.55,0.0,10,5550,买盘
490,14:26:45,5.54,-0.01,2,1109,卖盘
491,14:27:00,5.55,0.01,3,1665,卖盘
492,14:27:07,5.55,0.0,1,555,卖盘
493,14:27:18,5.56,0.01,54,30024,买盘
494,14:27:21,5.57,0.01,1,557,买盘
495,14:27:25,5.57,0.0,1,557,买盘
496,14:27:28,5.57,0.0,3,1671,买盘
497,14:27:33,5.57,0.0,55,30635,买盘
498,14:27:51,5.57,0.0,2,1114,卖盘
499,14:28:21,5.57,0.0,1,557,卖盘
500,14:29:24,5.57,0.0,6,3342,卖盘
501,14:29:51,5.57,0.0,8,4456,买盘
502,14:30:18,5.57,0.0,8,4456,买盘
503,14:31:06,5.57,0.0,1,557,买盘
504,14:31:19,5.57,0.0,6,3342,卖盘
505,14:32:13,5.57,0.0,1,557,卖盘
506,14:32:18,5.57,0.0,19,10583,卖盘
507,14:32:27,5.56,-0.01,15,8340,卖盘
508,14:33:30,5.56,0.0,1,556,卖盘
509,14:33:36,5.57,0.01,60,33420,买盘
510,14:34:00,5.57,0.0,4,2228,买盘
511,14:35:03,5.57,0.0,3,1671,买盘
512,14:35:43,5.56,-0.01,4,2224,卖盘
513,14:35:48,5.56,0.0,1,556,卖盘
514,14:35:57,5.56,0.0,1,556,卖盘
515,14:36:00,5.56,0.0,1,556,卖盘
516,14:37:51,5.56,0.0,3,1668,卖盘
517,14:38:27,5.56,0.0,60,33360,卖盘
518,14:39:16,5.57,0.01,17,9469,买盘
519,14:40:00,5.56,-0.01,3,1668,卖盘
520,14:40:24,5.56,0.0,10,5560,卖盘
521,14:41:48,5.56,0.0,18,10008,卖盘
522,14:42:09,5.56,0.0,4,2224,卖盘
523,14:42:15,5.56,0.0,3,1668,卖盘
524,14:43:15,5.56,0.0,17,9452,卖盘
525,14:44:00,5.56,0.0,3,1668,卖盘
526,14:44:13,5.56,0.0,9,5004,卖盘
527,14:44:18,5.56,0.0,2,1112,卖盘
528,14:44:21,5.56,0.0,1,556,卖盘
529,14:44:33,5.56,0.0,10,5560,卖盘
530,14:45:30,5.56,0.0,22,12232,卖盘
531,14:45:33,5.56,0.0,157,87292,卖盘
532,14:45:36,5.55,-0.01,3,1665,买盘
533,14:45:40,5.55,0.0,56,31080,卖盘
534,14:45:42,5.55,0.0,8,4440,卖盘
535,14:45:45,5.55,0.0,1,555,卖盘
536,14:45:48,5.55,0.0,1,555,卖盘
537,14:46:04,5.55,0.0,16,8880,卖盘
538,14:46:06,5.55,0.0,21,11300,卖盘
539,14:46:12,5.54,-0.01,4,2216,卖盘
540,14:47:12,5.55,0.01,1,555,买盘
541,14:47:15,5.55,0.0,1,555,买盘
542,14:47:18,5.55,0.0,1,555,买盘
543,14:47:31,5.55,0.0,7,3885,买盘
544,14:47:45,5.56,0.01,7,3892,中性盘
545,14:49:39,5.57,0.01,1,557,买盘
546,14:49:42,5.56,-0.01,4,2224,中性盘
547,14:51:15,5.55,-0.01,72,39960,卖盘
548,14:52:54,5.55,0.0,2,1110,卖盘
549,14:53:33,5.55,0.0,3,1665,卖盘
550,14:53:39,5.55,0.0,17,9435,卖盘
551,14:53:42,5.55,0.0,8,4440,买盘
552,14:54:45,5.55,0.0,7,3885,卖盘
553,14:54:48,5.59,0.04,244,136068,买盘
554,14:54:51,5.59,0.0,103,57577,卖盘
555,14:54:54,5.59,0.0,108,60372,卖盘
556,14:54:57,5.59,0.0,45,25155,卖盘
557,14:55:04,5.55,-0.04,34,18870,卖盘
558,14:55:06,5.55,0.0,5,2775,卖盘
559,14:55:09,5.55,0.0,1,555,卖盘
560,14:55:42,5.56,0.01,26,14456,卖盘
561,14:55:45,5.56,0.0,58,32248,卖盘
562,14:55:48,5.55,-0.01,10,5550,卖盘
563,14:55:51,5.55,0.0,2,1110,卖盘
564,14:56:15,5.55,0.0,3,1665,卖盘
565,15:00:04,5.57,0.02,300,167100,买盘
