,time,price,change,volume,amount,type
0,09:25:05,7.86,0.03,410,322260,卖盘
1,09:30:04,7.86,0.0,1595,1255591,买盘
2,09:30:07,7.89,0.03,303,239219,买盘
3,09:30:10,7.91,0.02,40,31558,买盘
4,09:30:13,7.89,-0.02,26,20500,中性盘
5,09:30:16,7.91,0.02,10,7910,买盘
6,09:30:19,7.91,0.0,10,7910,买盘
7,09:30:22,7.91,0.0,136,108054,卖盘
8,09:30:24,7.91,0.0,137,107912,卖盘
9,09:30:28,7.91,0.0,176,139204,买盘
10,09:30:31,7.91,0.0,32,25312,买盘
11,09:30:34,7.9,-0.01,113,89341,中性盘
12,09:30:36,7.91,0.01,100,79045,买盘
13,09:30:39,7.91,0.0,83,66128,买盘
14,09:30:43,7.92,0.01,32,25342,买盘
15,09:30:46,7.92,0.0,183,144846,买盘
16,09:30:49,7.91,-0.01,176,138776,卖盘
17,09:30:52,7.92,0.01,56,44316,买盘
18,09:30:55,7.92,0.0,75,59435,买盘
19,09:30:57,7.92,0.0,290,229093,卖盘
20,09:31:00,7.91,-0.01,321,253912,中性盘
21,09:31:04,7.92,0.01,289,228626,买盘
22,09:31:07,7.9,-0.02,79,62538,卖盘
23,09:31:10,7.91,0.01,149,117854,中性盘
24,09:31:13,7.91,0.0,369,291900,卖盘
25,09:31:16,7.91,0.0,52,41120,买盘
26,09:31:18,7.91,0.0,58,45845,买盘
27,09:31:22,7.91,0.0,96,75936,买盘
28,09:31:24,7.89,-0.02,37,29225,卖盘
29,09:31:28,7.9,0.01,158,124820,买盘
30,09:31:31,7.9,0.0,79,62410,买盘
31,09:31:34,7.9,0.0,20,15790,买盘
32,09:31:36,7.9,0.0,79,62410,买盘
33,09:31:40,7.88,-0.02,442,348554,卖盘
34,09:31:43,7.89,0.01,80,63062,买盘
35,09:31:46,7.89,0.0,39,30703,买盘
36,09:31:49,7.89,0.0,16,12618,买盘
37,09:31:51,7.86,-0.03,263,206905,卖盘
38,09:31:54,7.86,0.0,27,21222,买盘
39,09:31:57,7.86,0.0,636,499896,买盘
40,09:32:01,7.85,-0.01,30,23550,卖盘
41,09:32:05,7.88,0.03,50,39400,买盘
42,09:32:06,7.86,-0.02,46,36202,卖盘
43,09:32:10,7.85,-0.01,239,187660,卖盘
44,09:32:12,7.85,0.0,108,84780,买盘
45,09:32:15,7.85,0.0,52,40820,买盘
46,09:32:18,7.84,-0.01,292,228944,卖盘
47,09:32:22,7.84,0.0,211,165485,卖盘
48,09:32:25,7.85,0.01,44,34540,买盘
49,09:32:27,7.86,0.01,78,61248,买盘
50,09:32:30,7.83,-0.03,300,235144,卖盘
51,09:32:34,7.85,0.02,8,6280,中性盘
52,09:32:37,7.84,-0.01,13,10193,卖盘
53,09:32:40,7.84,0.0,28,21952,卖盘
54,09:32:43,7.85,0.01,9,7060,买盘
55,09:32:45,7.85,0.0,7,5495,卖盘
56,09:32:48,7.85,0.0,4,3140,卖盘
57,09:32:52,7.85,0.0,56,43978,卖盘
58,09:32:54,7.85,0.0,288,226280,卖盘
59,09:32:57,7.86,0.01,50,39290,买盘
60,09:33:04,7.86,0.0,3,2358,卖盘
61,09:33:07,7.86,0.0,22,17307,卖盘
62,09:33:10,7.86,0.0,46,36168,卖盘
63,09:33:13,7.86,0.0,21,16506,卖盘
64,09:33:15,7.86,0.0,52,40908,卖盘
65,09:33:18,7.84,-0.02,658,516706,卖盘
66,09:33:22,7.87,0.03,125,98361,买盘
67,09:33:24,7.86,-0.01,8,6288,中性盘
68,09:33:28,7.87,0.01,67,52728,买盘
69,09:33:30,7.88,0.01,16,12593,买盘
70,09:33:34,7.88,0.0,112,88244,买盘
71,09:33:37,7.88,0.0,298,234824,买盘
72,09:33:42,7.88,0.0,1,788,卖盘
73,09:33:45,7.88,0.0,54,42555,卖盘
74,09:33:48,7.89,0.01,37,29181,买盘
75,09:33:52,7.89,0.0,98,77311,买盘
76,09:33:55,7.89,0.0,21,16569,买盘
77,09:33:58,7.89,0.0,26,20514,买盘
78,09:34:01,7.89,0.0,2,1578,买盘
79,09:34:04,7.89,0.0,8,6312,卖盘
80,09:34:06,7.9,0.01,164,129542,买盘
81,09:34:10,7.9,0.0,7,5530,买盘
82,09:34:13,7.9,0.0,107,84527,买盘
83,09:34:16,7.9,0.0,79,62410,买盘
84,09:34:19,7.9,0.0,32,25280,买盘
85,09:34:22,7.9,0.0,63,49770,卖盘
86,09:34:24,7.89,-0.01,76,60004,卖盘
87,09:34:28,7.89,0.0,50,39450,卖盘
88,09:34:31,7.88,-0.01,262,206912,卖盘
89,09:34:34,7.88,0.0,56,44160,卖盘
90,09:34:37,7.89,0.01,64,50494,买盘
91,09:34:39,7.89,0.0,62,48918,卖盘
92,09:34:42,7.89,0.0,6,4734,买盘
93,09:34:46,7.89,0.0,27,21301,买盘
94,09:34:49,7.89,0.0,354,279628,买盘
95,09:34:52,7.88,-0.01,14,11040,卖盘
96,09:34:55,7.89,0.01,79,62331,买盘
97,09:34:57,7.89,0.0,53,41817,卖盘
98,09:35:00,7.89,0.0,3,2367,卖盘
99,09:35:04,7.9,0.01,240,189593,买盘
100,09:35:06,7.9,0.0,60,47400,买盘
101,09:35:10,7.91,0.01,130,102796,买盘
102,09:35:13,7.89,-0.02,32,25248,卖盘
103,09:35:16,7.91,0.02,20,15805,买盘
104,09:35:18,7.9,-0.01,36,28453,卖盘
105,09:35:21,7.9,0.0,134,105979,卖盘
106,09:35:25,7.91,0.01,3,2373,买盘
107,09:35:28,7.9,-0.01,13,10273,卖盘
108,09:35:31,7.91,0.01,118,93311,买盘
109,09:35:34,7.91,0.0,71,56145,买盘
110,09:35:37,7.9,-0.01,21,16610,卖盘
111,09:35:39,7.91,0.01,113,89323,卖盘
112,09:35:42,7.91,0.0,49,38729,买盘
113,09:35:45,7.92,0.01,486,384857,买盘
114,09:35:49,7.91,-0.01,10,7910,卖盘
115,09:35:52,7.92,0.01,180,142554,买盘
116,09:35:55,7.92,0.0,78,61776,卖盘
117,09:35:58,7.92,0.0,25,19807,卖盘
118,09:36:00,7.91,-0.01,217,171815,卖盘
119,09:36:04,7.92,0.01,79,62504,买盘
120,09:36:06,7.92,0.0,119,94171,买盘
121,09:36:10,7.91,-0.01,53,41939,中性盘
122,09:36:13,7.9,-0.01,106,83766,卖盘
123,09:36:16,7.91,0.01,7,5537,卖盘
124,09:36:18,7.91,0.0,34,26924,卖盘
125,09:36:21,7.91,0.0,5,3955,卖盘
126,09:36:27,7.91,0.0,230,181930,买盘
127,09:36:31,7.9,-0.01,11,8690,卖盘
128,09:36:34,7.9,0.0,236,186443,卖盘
129,09:36:36,7.9,0.0,194,153260,卖盘
130,09:36:39,7.89,-0.01,87,68650,卖盘
131,09:36:46,7.88,-0.01,320,252386,卖盘
132,09:36:49,7.86,-0.02,410,323057,卖盘
133,09:36:52,7.87,0.01,5,3935,中性盘
134,09:36:54,7.9,0.03,12,9474,买盘
135,09:36:58,7.9,0.0,30,23700,买盘
136,09:37:00,7.9,0.0,20,15800,买盘
137,09:37:04,7.89,-0.01,1,789,中性盘
138,09:37:07,7.89,0.0,2,1578,买盘
139,09:37:10,7.88,-0.01,3,2364,卖盘
140,09:37:13,7.9,0.02,65,51309,买盘
141,09:37:16,7.88,-0.02,8,6304,卖盘
142,09:37:18,7.88,0.0,17,13396,买盘
143,09:37:22,7.89,0.01,3,2367,卖盘
144,09:37:27,7.9,0.01,50,39489,买盘
145,09:37:31,7.89,-0.01,5,3945,卖盘
146,09:37:33,7.89,0.0,49,38661,卖盘
147,09:37:36,7.9,0.01,2,1580,买盘
148,09:37:40,7.89,-0.01,30,23670,卖盘
149,09:37:42,7.9,0.01,179,141410,买盘
150,09:37:45,7.89,-0.01,10,7890,卖盘
151,09:37:48,7.89,0.0,5,3949,卖盘
152,09:37:51,7.89,0.0,2,1578,卖盘
153,09:37:54,7.89,0.0,50,39450,卖盘
154,09:37:57,7.87,-0.02,120,94566,卖盘
155,09:38:01,7.88,0.01,1,788,买盘
156,09:38:10,7.89,0.01,21,16569,买盘
157,09:38:15,7.89,0.0,301,237789,卖盘
158,09:38:19,7.89,0.0,21,16569,卖盘
159,09:38:21,7.88,-0.01,111,87578,卖盘
160,09:38:24,7.89,0.01,37,29193,买盘
161,09:38:27,7.89,0.0,99,78111,买盘
162,09:38:30,7.89,0.0,22,17358,买盘
163,09:38:33,7.89,0.0,3,2367,卖盘
164,09:38:36,7.89,0.0,50,39450,卖盘
165,09:38:45,7.89,0.0,13,10258,卖盘
166,09:38:48,7.89,0.0,54,42606,卖盘
167,09:38:51,7.9,0.01,21,16590,买盘
168,09:38:55,7.9,0.0,11,8689,买盘
169,09:38:57,7.9,0.0,70,55300,买盘
170,09:39:01,7.89,-0.01,100,78900,卖盘
171,09:39:07,7.9,0.01,23,18150,买盘
172,09:39:10,7.9,0.0,1,790,买盘
173,09:39:15,7.89,-0.01,1,789,卖盘
174,09:39:19,7.89,0.0,37,29194,卖盘
175,09:39:21,7.9,0.01,32,25257,买盘
176,09:39:25,7.89,-0.01,395,312046,卖盘
177,09:39:28,7.89,0.0,1,789,卖盘
178,09:39:31,7.89,0.0,11,8680,卖盘
179,09:39:36,7.9,0.01,32,25280,买盘
180,09:39:40,7.9,0.0,33,26070,卖盘
181,09:39:43,7.9,0.0,15,11850,卖盘
182,09:39:46,7.9,0.0,76,60040,卖盘
183,09:39:48,7.89,-0.01,53,41869,卖盘
184,09:39:54,7.89,0.0,14,11046,卖盘
185,09:39:57,7.9,0.01,6,4740,买盘
186,09:40:00,7.89,-0.01,16,12624,卖盘
187,09:40:04,7.9,0.01,1,790,买盘
188,09:40:07,7.89,-0.01,30,23670,卖盘
189,09:40:13,7.9,0.01,113,89199,买盘
190,09:40:19,7.9,0.0,92,72680,买盘
191,09:40:22,7.89,-0.01,118,93171,卖盘
192,09:40:25,7.9,0.01,2,1580,买盘
193,09:40:28,7.9,0.0,6,4740,买盘
194,09:40:31,7.9,0.0,22,17376,买盘
195,09:40:37,7.89,-0.01,11,8679,卖盘
196,09:40:43,7.89,0.0,343,270637,卖盘
197,09:40:45,7.89,0.0,4,3155,买盘
198,09:40:49,7.89,0.0,144,113572,买盘
199,09:40:52,7.88,-0.01,97,76472,卖盘
200,09:41:01,7.89,0.01,153,120717,买盘
201,09:41:04,7.89,0.0,42,33138,卖盘
202,09:41:06,7.89,0.0,4,3156,卖盘
203,09:41:09,7.9,0.01,1054,832430,买盘
204,09:41:12,7.9,0.0,15,11850,卖盘
205,09:41:19,7.9,0.0,4,3160,卖盘
206,09:41:22,7.9,0.0,33,26070,卖盘
207,09:41:25,7.9,0.0,28,22120,买盘
208,09:41:28,7.9,0.0,30,23700,卖盘
209,09:41:30,7.91,0.01,10,7910,买盘
210,09:41:33,7.9,-0.01,157,124030,卖盘
211,09:41:40,7.9,0.0,20,15800,买盘
212,09:41:42,7.9,0.0,48,37919,买盘
213,09:41:45,7.9,0.0,53,41870,买盘
214,09:41:49,7.91,0.01,99,78241,买盘
215,09:41:52,7.91,0.0,38,30028,买盘
216,09:41:55,7.91,0.0,2,1582,买盘
217,09:41:58,7.91,0.0,3,2373,买盘
218,09:42:00,7.9,-0.01,32,25280,卖盘
219,09:42:04,7.91,0.01,481,380470,买盘
220,09:42:10,7.91,0.0,152,120232,买盘
221,09:42:12,7.91,0.0,152,120231,买盘
222,09:42:15,7.91,0.0,21,16611,买盘
223,09:42:19,7.91,0.0,184,145544,买盘
224,09:42:22,7.92,0.01,427,337752,买盘
225,09:42:25,7.91,-0.01,53,41923,卖盘
226,09:42:31,7.91,0.0,108,85430,卖盘
227,09:42:33,7.91,0.0,30,23730,买盘
228,09:42:37,7.91,0.0,22,17401,买盘
229,09:42:40,7.91,0.0,22,17402,买盘
230,09:42:43,7.91,0.0,208,164528,买盘
231,09:42:46,7.91,0.0,30,23730,买盘
232,09:42:49,7.91,0.0,88,69608,买盘
233,09:42:51,7.91,0.0,94,74354,买盘
234,09:42:55,7.91,0.0,20,15820,卖盘
235,09:42:57,7.91,0.0,1,791,卖盘
236,09:43:01,7.92,0.01,300,237600,买盘
237,09:43:07,7.92,0.0,79,62566,买盘
238,09:43:10,7.93,0.01,77,60986,买盘
239,09:43:15,7.92,-0.01,168,133056,卖盘
240,09:43:19,7.93,0.01,258,204562,买盘
241,09:43:24,7.93,0.0,196,155428,买盘
242,09:43:27,7.93,0.0,303,240286,买盘
243,09:43:31,7.93,0.0,7,5557,卖盘
244,09:43:33,7.94,0.01,222,176268,买盘
245,09:43:36,7.94,0.0,18,14291,买盘
246,09:43:39,7.94,0.0,90,71420,买盘
247,09:43:42,7.94,0.0,163,129422,买盘
248,09:43:46,7.94,0.0,200,158792,买盘
249,09:43:49,7.95,0.01,94,75115,买盘
250,09:43:52,7.95,0.0,7,5564,买盘
251,09:43:54,7.95,0.0,460,365700,买盘
252,09:43:57,7.94,-0.01,79,62773,卖盘
253,09:44:00,7.95,0.01,271,215445,买盘
254,09:44:04,7.96,0.01,460,366064,买盘
255,09:44:06,7.95,-0.01,276,219620,卖盘
256,09:44:09,7.95,0.0,35,27825,卖盘
257,09:44:13,7.96,0.01,36,28646,买盘
258,09:44:16,7.96,0.0,61,48556,买盘
259,09:44:18,7.95,-0.01,833,662628,卖盘
260,09:44:22,7.95,0.0,161,127995,买盘
261,09:44:24,7.94,-0.01,164,130380,卖盘
262,09:44:30,7.95,0.01,82,65262,卖盘
263,09:44:33,7.95,0.0,35,27855,卖盘
264,09:44:36,7.96,0.01,79,62884,买盘
265,09:44:40,7.96,0.0,261,207746,买盘
266,09:44:42,7.95,-0.01,82,65219,卖盘
267,09:44:46,7.95,0.0,103,81927,卖盘
268,09:44:49,7.95,0.0,65,51715,卖盘
269,09:44:51,7.95,0.0,10,7952,卖盘
270,09:44:54,7.95,0.0,17,13515,卖盘
271,09:44:57,7.96,0.01,101,80343,买盘
272,09:45:00,7.96,0.0,422,335852,买盘
273,09:45:04,7.95,-0.01,70,55715,卖盘
274,09:45:07,7.96,0.01,137,109052,买盘
275,09:45:10,7.96,0.0,57,45372,买盘
276,09:45:13,7.95,-0.01,116,92227,卖盘
277,09:45:15,7.96,0.01,61,48526,买盘
278,09:45:18,7.96,0.0,5,3980,买盘
279,09:45:21,7.96,0.0,336,267405,买盘
280,09:45:25,7.96,0.0,118,93928,买盘
281,09:45:28,7.96,0.0,164,130457,买盘
282,09:45:30,7.96,0.0,100,79580,买盘
283,09:45:33,7.95,-0.01,187,148818,卖盘
284,09:45:36,7.95,0.0,37,29438,卖盘
285,09:45:40,7.96,0.01,28,22276,买盘
286,09:45:43,7.95,-0.01,45,35810,卖盘
287,09:45:46,7.95,0.0,17,13515,卖盘
288,09:45:48,7.95,0.0,40,31810,卖盘
289,09:45:51,7.95,0.0,12,9550,卖盘
290,09:45:55,7.95,0.0,89,70837,卖盘
291,09:45:57,7.96,0.01,92,73221,买盘
292,09:46:01,7.95,-0.01,107,85072,卖盘
293,09:46:04,7.95,0.0,63,50107,卖盘
294,09:46:06,7.96,0.01,26,20695,买盘
295,09:46:13,7.96,0.0,35,27845,买盘
296,09:46:16,7.95,-0.01,316,251535,卖盘
297,09:46:19,7.95,0.0,42,33422,卖盘
298,09:46:21,7.96,0.01,14,11144,买盘
299,09:46:24,7.96,0.0,117,93114,买盘
300,09:46:27,7.96,0.0,168,133728,买盘
301,09:46:30,7.96,0.0,128,101888,卖盘
302,09:46:33,7.96,0.0,34,27064,卖盘
303,09:46:37,7.97,0.01,23,18316,买盘
304,09:46:39,7.96,-0.01,43,34228,卖盘
305,09:46:45,7.96,0.0,219,174445,卖盘
306,09:46:48,7.96,0.0,60,47760,买盘
307,09:46:51,7.96,0.0,147,117012,买盘
308,09:46:55,7.96,0.0,118,93928,买盘
309,09:47:01,7.95,-0.01,51,40591,卖盘
310,09:47:04,7.96,0.01,5,3980,买盘
311,09:47:06,7.96,0.0,57,45372,买盘
312,09:47:10,7.96,0.0,25,19900,买盘
313,09:47:12,7.95,-0.01,1,795,卖盘
314,09:47:15,7.95,0.0,310,246460,卖盘
315,09:47:18,7.95,0.0,34,27030,卖盘
316,09:47:21,7.95,0.0,109,86655,卖盘
317,09:47:25,7.95,0.0,40,31780,买盘
318,09:47:28,7.95,0.0,19,15105,买盘
319,09:47:30,7.95,0.0,10,7950,买盘
320,09:47:33,7.94,-0.01,10,7942,卖盘
321,09:47:39,7.95,0.01,55,43689,买盘
322,09:47:42,7.94,-0.01,17,13513,卖盘
323,09:47:45,7.95,0.01,19,15105,买盘
324,09:47:48,7.94,-0.01,47,37318,卖盘
325,09:47:52,7.95,0.01,17,13499,买盘
326,09:47:55,7.94,-0.01,19,15086,卖盘
327,09:47:57,7.94,0.0,10,7940,卖盘
328,09:48:00,7.94,0.0,70,55580,卖盘
329,09:48:04,7.94,0.0,10,7940,卖盘
330,09:48:06,7.94,0.0,4,3176,卖盘
331,09:48:10,7.95,0.01,42,33390,买盘
332,09:48:12,7.95,0.0,58,46110,买盘
333,09:48:15,7.95,0.0,272,216240,买盘
334,09:48:22,7.95,0.0,135,107325,卖盘
335,09:48:25,7.95,0.0,34,27030,卖盘
336,09:48:28,7.96,0.01,84,66846,买盘
337,09:48:30,7.95,-0.01,10,7950,卖盘
338,09:48:33,7.96,0.01,1182,940872,买盘
339,09:48:37,7.96,0.0,9,7164,卖盘
340,09:48:40,7.96,0.0,5,3980,卖盘
341,09:48:42,7.97,0.01,148,117954,买盘
342,09:48:45,7.97,0.0,137,109187,买盘
343,09:48:51,7.97,0.0,437,348274,买盘
344,09:48:55,7.98,0.01,422,336414,买盘
345,09:48:57,7.98,0.0,858,684684,买盘
346,09:49:00,7.99,0.01,790,630433,买盘
347,09:49:04,7.98,-0.01,348,278040,中性盘
348,09:49:06,7.99,0.01,146,116653,买盘
349,09:49:09,7.99,0.0,160,127840,买盘
350,09:49:12,7.99,0.0,877,700378,买盘
351,09:49:15,7.99,0.0,18,14392,卖盘
352,09:49:19,8.0,0.01,77,61600,买盘
353,09:49:21,8.0,0.0,263,210310,买盘
354,09:49:25,8.0,0.0,798,638397,买盘
355,09:49:28,8.0,0.0,642,513590,买盘
356,09:49:31,8.01,0.01,680,544004,买盘
357,09:49:33,8.01,0.0,11,8811,买盘
358,09:49:36,8.01,0.0,102,81692,买盘
359,09:49:39,8.01,0.0,61,48809,买盘
360,09:49:42,8.02,0.01,71,56933,买盘
361,09:49:45,8.02,0.0,146,117079,买盘
362,09:49:49,8.03,0.01,145,116283,买盘
363,09:49:52,8.02,-0.01,594,476441,卖盘
364,09:49:54,8.03,0.01,414,332118,买盘
365,09:49:57,8.03,0.0,163,130900,卖盘
366,09:50:00,8.04,0.01,49,39396,买盘
367,09:50:04,8.03,-0.01,657,527439,卖盘
368,09:50:06,8.04,0.01,524,420796,买盘
369,09:50:09,8.03,-0.01,232,186454,中性盘
370,09:50:13,8.01,-0.02,185,148229,卖盘
371,09:50:16,8.02,0.01,67,53721,买盘
372,09:50:18,8.01,-0.01,78,62610,卖盘
373,09:50:22,8.02,0.01,192,154126,买盘
374,09:50:24,8.01,-0.01,165,132387,卖盘
375,09:50:27,8.01,0.0,620,497396,卖盘
376,09:50:31,8.02,0.01,118,94569,买盘
377,09:50:33,8.02,0.0,50,40075,买盘
378,09:50:36,8.02,0.0,98,78596,买盘
379,09:50:39,8.02,0.0,66,52931,卖盘
380,09:50:42,8.02,0.0,249,199699,卖盘
381,09:50:45,8.03,0.01,514,412653,买盘
382,09:50:48,8.03,0.0,51,40915,买盘
383,09:50:51,8.03,0.0,120,96350,买盘
384,09:50:54,8.02,-0.01,423,339496,卖盘
385,09:50:57,8.02,0.0,135,108270,买盘
386,09:51:00,8.02,0.0,45,36070,买盘
387,09:51:03,8.02,0.0,38,30475,买盘
388,09:51:07,8.01,-0.01,285,228559,卖盘
389,09:51:10,8.01,0.0,1,801,买盘
390,09:51:12,8.01,0.0,151,120833,买盘
391,09:51:15,8.0,-0.01,7,5603,卖盘
392,09:51:18,8.01,0.01,103,82574,买盘
393,09:51:21,8.01,0.0,51,40815,中性盘
394,09:51:28,8.01,0.0,44,35244,卖盘
395,09:51:30,8.01,0.0,53,42419,买盘
396,09:51:33,8.0,-0.01,415,332636,卖盘
397,09:51:39,8.01,0.01,4,3204,卖盘
398,09:51:43,8.01,0.0,36,28857,卖盘
399,09:51:46,8.01,0.0,20,16020,卖盘
400,09:51:48,8.01,0.0,149,119349,卖盘
401,09:51:52,8.01,0.0,11,8813,卖盘
402,09:51:55,8.01,0.0,124,99324,卖盘
403,09:51:57,8.0,-0.01,52,41651,卖盘
404,09:52:04,8.02,0.02,99,79314,买盘
405,09:52:07,8.0,-0.02,41,32810,卖盘
406,09:52:09,8.0,0.0,200,160000,卖盘
407,09:52:12,8.02,0.02,446,357260,买盘
408,09:52:16,8.01,-0.01,56,44831,买盘
409,09:52:18,8.0,-0.01,100,80051,卖盘
410,09:52:21,8.02,0.02,166,132981,买盘
411,09:52:24,8.02,0.0,11,8822,买盘
412,09:52:31,8.01,-0.01,47,37683,卖盘
413,09:52:33,8.01,0.0,5,4005,卖盘
414,09:52:36,8.01,0.0,200,160200,卖盘
415,09:52:39,8.02,0.01,38,30476,买盘
416,09:52:43,8.01,-0.01,17,13628,卖盘
417,09:52:45,8.02,0.01,275,220283,买盘
418,09:52:48,8.0,-0.02,759,608227,卖盘
419,09:52:51,8.02,0.02,287,230174,买盘
420,09:52:54,8.0,-0.02,12,9600,卖盘
421,09:53:00,8.01,0.01,24,19224,买盘
422,09:53:04,8.01,0.0,238,190627,买盘
423,09:53:06,8.01,0.0,42,33646,买盘
424,09:53:09,8.01,0.0,204,163286,卖盘
425,09:53:12,8.01,0.0,94,75294,卖盘
426,09:53:15,8.01,0.0,241,193152,卖盘
427,09:53:18,8.02,0.01,19,15238,买盘
428,09:53:22,8.02,0.0,664,532346,买盘
429,09:53:24,8.02,0.0,79,63358,卖盘
430,09:53:28,8.03,0.01,206,165223,买盘
431,09:53:30,8.02,-0.01,37,29674,卖盘
432,09:53:33,8.03,0.01,24,19272,买盘
433,09:53:36,8.02,-0.01,61,48935,卖盘
434,09:53:39,8.03,0.01,60,48160,买盘
435,09:53:42,8.02,-0.01,37,29678,卖盘
436,09:53:46,8.02,0.0,291,233584,卖盘
437,09:53:49,8.02,0.0,68,54556,卖盘
438,09:53:51,8.03,0.01,74,59422,买盘
439,09:53:55,8.03,0.0,227,182281,买盘
440,09:53:58,8.02,-0.01,50,40100,卖盘
441,09:54:00,8.03,0.01,253,203158,买盘
442,09:54:03,8.03,0.0,78,62624,买盘
443,09:54:06,8.02,-0.01,35,28087,卖盘
444,09:54:09,8.02,0.0,203,162809,卖盘
445,09:54:12,8.03,0.01,91,73048,买盘
446,09:54:15,8.02,-0.01,119,95447,卖盘
447,09:54:19,8.02,0.0,52,41704,卖盘
448,09:54:21,8.02,0.0,63,50538,卖盘
449,09:54:24,8.02,0.0,283,227169,卖盘
450,09:54:27,8.02,0.0,70,56182,买盘
451,09:54:30,8.02,0.0,178,142791,卖盘
452,09:54:33,8.02,0.0,150,120300,买盘
453,09:54:36,8.02,0.0,140,112380,卖盘
454,09:54:42,8.02,0.0,181,145162,卖盘
455,09:54:45,8.01,-0.01,26,20826,卖盘
456,09:54:48,8.01,0.0,22,17634,卖盘
457,09:54:52,8.02,0.01,167,133782,买盘
458,09:54:54,8.01,-0.01,13,10413,卖盘
459,09:54:57,8.0,-0.01,5,4000,卖盘
460,09:55:04,8.0,0.0,554,443200,卖盘
461,09:55:06,8.0,0.0,49,39198,买盘
462,09:55:09,8.0,0.0,11,8800,买盘
463,09:55:12,8.0,0.0,109,87103,买盘
464,09:55:15,8.0,0.0,8,6400,买盘
465,09:55:18,8.0,0.0,13,10399,买盘
466,09:55:21,7.99,-0.01,194,155092,卖盘
467,09:55:24,8.0,0.01,95,76000,买盘
468,09:55:27,7.99,-0.01,91,72720,卖盘
469,09:55:30,7.99,0.0,8,6392,卖盘
470,09:55:33,7.99,0.0,35,27995,卖盘
471,09:55:39,8.0,0.01,81,64749,买盘
472,09:55:43,7.99,-0.01,98,78302,卖盘
473,09:55:46,7.99,0.0,132,105468,买盘
474,09:55:48,7.98,-0.01,6,4793,卖盘
475,09:55:54,7.99,0.01,5,3995,买盘
476,09:55:57,7.98,-0.01,33,26336,卖盘
477,09:56:00,7.98,0.0,71,56659,卖盘
478,09:56:03,7.99,0.01,50,39950,买盘
479,09:56:10,7.99,0.0,5,3995,买盘
480,09:56:13,7.98,-0.01,9,7182,卖盘
481,09:56:15,7.98,0.0,258,205891,卖盘
482,09:56:18,7.98,0.0,54,43128,卖盘
483,09:56:21,7.98,0.0,2,1596,卖盘
484,09:56:27,7.98,0.0,36,28728,卖盘
485,09:56:30,7.98,0.0,20,15960,买盘
486,09:56:33,7.98,0.0,31,24717,买盘
487,09:56:36,7.98,0.0,23,18334,买盘
488,09:56:39,7.98,0.0,42,33511,买盘
489,09:56:43,7.98,0.0,98,78204,买盘
490,09:56:45,7.98,0.0,12,9576,卖盘
491,09:56:48,7.99,0.01,1,799,买盘
492,09:56:57,7.99,0.0,236,188432,买盘
493,09:57:04,7.99,0.0,41,32751,买盘
494,09:57:06,7.98,-0.01,14,11179,卖盘
495,09:57:12,7.98,0.0,237,189226,卖盘
496,09:57:15,7.98,0.0,20,15960,买盘
497,09:57:19,7.98,0.0,37,29526,买盘
498,09:57:27,7.99,0.01,93,74306,买盘
499,09:57:30,7.99,0.0,28,22372,卖盘
500,09:57:34,7.99,0.0,50,39950,卖盘
501,09:57:37,7.99,0.0,10,7990,卖盘
502,09:57:39,7.99,0.0,13,10387,卖盘
503,09:57:42,8.0,0.01,28,22400,买盘
504,09:57:45,7.99,-0.01,2,1598,卖盘
505,09:57:48,8.0,0.01,4,3200,买盘
506,09:57:52,8.0,0.0,60,47950,买盘
507,09:57:54,7.99,-0.01,49,39167,卖盘
508,09:57:57,8.0,0.01,10,7995,买盘
509,09:58:00,8.0,0.0,8,6399,买盘
510,09:58:09,7.99,-0.01,32,25598,卖盘
511,09:58:13,8.0,0.01,69,55198,买盘
512,09:58:16,7.99,-0.01,64,51136,卖盘
513,09:58:19,8.0,0.01,114,91150,买盘
514,09:58:21,8.0,0.0,100,80000,买盘
515,09:58:25,7.99,-0.01,168,134232,卖盘
516,09:58:28,7.99,0.0,103,82297,买盘
517,09:58:30,7.99,0.0,18,14382,买盘
518,09:58:33,7.99,0.0,326,260516,买盘
519,09:58:36,7.99,0.0,15,11985,卖盘
520,09:58:39,7.99,0.0,2,1598,买盘
521,09:58:45,7.99,0.0,40,31960,卖盘
522,09:58:54,8.0,0.01,10,8000,买盘
523,09:58:57,7.99,-0.01,28,22372,卖盘
524,09:59:00,7.99,0.0,83,66317,卖盘
525,09:59:10,7.98,-0.01,8,6384,卖盘
526,09:59:15,7.99,0.01,20,15980,买盘
527,09:59:18,7.98,-0.01,58,46289,卖盘
528,09:59:25,7.99,0.01,5,3995,买盘
529,09:59:30,7.98,-0.01,1,798,卖盘
530,09:59:36,7.99,0.01,6,4794,买盘
531,09:59:39,7.98,-0.01,13,10374,卖盘
532,09:59:42,7.99,0.01,105,83792,买盘
533,09:59:49,7.99,0.0,125,99850,买盘
534,09:59:52,7.99,0.0,179,143020,买盘
535,09:59:54,7.98,-0.01,299,238606,卖盘
536,09:59:58,7.99,0.01,4,3196,买盘
537,10:00:00,7.99,0.0,16,12784,买盘
538,10:00:03,7.99,0.0,6,4789,买盘
539,10:00:09,7.99,0.0,66,52734,买盘
540,10:00:13,7.98,-0.01,11,8788,卖盘
541,10:00:18,7.99,0.01,17,13567,买盘
542,10:00:21,7.98,-0.01,146,116508,卖盘
543,10:00:24,7.98,0.0,21,16758,卖盘
544,10:00:27,7.99,0.01,10,7990,买盘
545,10:00:33,7.98,-0.01,90,71820,卖盘
546,10:00:36,7.97,-0.01,27,21519,卖盘
547,10:00:45,7.98,0.01,102,81298,买盘
548,10:00:48,7.97,-0.01,2,1594,卖盘
549,10:00:51,7.98,0.01,56,44633,买盘
550,10:00:54,7.98,0.0,9,7181,买盘
551,10:00:57,7.96,-0.02,107,85269,卖盘
552,10:01:00,7.97,0.01,5,3985,买盘
553,10:01:09,7.96,-0.01,33,26295,卖盘
554,10:01:12,7.97,0.01,11,8767,买盘
555,10:01:21,7.97,0.0,11,8767,卖盘
556,10:01:24,7.98,0.01,118,94147,买盘
557,10:01:27,7.97,-0.01,26,20733,卖盘
558,10:01:31,7.98,0.01,10,7980,买盘
559,10:01:33,7.98,0.0,2,1596,买盘
560,10:01:36,7.97,-0.01,190,151430,卖盘
561,10:01:39,7.98,0.01,107,85386,买盘
562,10:01:42,7.97,-0.01,1,797,卖盘
563,10:01:45,7.98,0.01,1,798,买盘
564,10:01:48,7.98,0.0,26,20748,买盘
565,10:01:51,7.97,-0.01,35,27895,卖盘
566,10:01:54,7.98,0.01,20,15960,买盘
567,10:01:57,7.97,-0.01,150,119670,卖盘
568,10:02:04,7.97,0.0,27,21539,卖盘
569,10:02:07,7.97,0.0,45,36375,卖盘
570,10:02:09,7.98,0.01,279,222592,买盘
571,10:02:15,7.98,0.0,118,94163,买盘
572,10:02:18,7.97,-0.01,25,19925,卖盘
573,10:02:21,7.97,0.0,97,77396,卖盘
574,10:02:24,7.98,0.01,10,7980,买盘
575,10:02:27,7.98,0.0,400,318884,买盘
576,10:02:30,7.98,0.0,10,7980,卖盘
577,10:02:33,7.98,0.0,31,24738,卖盘
578,10:02:36,7.99,0.01,35,27964,买盘
579,10:02:39,7.98,-0.01,100,79800,卖盘
580,10:02:48,7.99,0.01,61,48739,买盘
581,10:02:57,7.99,0.0,56,44744,买盘
582,10:03:00,7.99,0.0,4,3195,买盘
583,10:03:04,7.99,0.0,69,55131,买盘
584,10:03:06,7.99,0.0,142,113448,买盘
585,10:03:10,7.99,0.0,1,799,卖盘
586,10:03:18,8.0,0.01,75,59995,买盘
587,10:03:21,7.99,-0.01,6,4794,卖盘
588,10:03:30,7.99,0.0,52,41548,卖盘
589,10:03:33,8.0,0.01,118,94400,买盘
590,10:03:36,8.0,0.0,66,52800,买盘
591,10:03:42,7.99,-0.01,23,18377,卖盘
592,10:03:45,8.0,0.01,3,2400,买盘
593,10:03:48,7.99,-0.01,40,31960,卖盘
594,10:03:51,8.0,0.01,50,40000,买盘
595,10:03:54,7.99,-0.01,49,39151,卖盘
596,10:03:57,8.0,0.01,2,1600,买盘
597,10:04:00,7.99,-0.01,17,13583,卖盘
598,10:04:06,8.0,0.01,2,1600,买盘
599,10:04:10,7.99,-0.01,49,39152,卖盘
600,10:04:12,7.99,0.0,44,35156,买盘
601,10:04:16,7.98,-0.01,16,12783,卖盘
602,10:04:18,7.99,0.01,49,39151,买盘
603,10:04:21,7.99,0.0,54,43150,卖盘
604,10:04:27,7.99,0.0,1,799,卖盘
605,10:04:30,7.99,0.0,32,25571,卖盘
606,10:04:33,7.99,0.0,18,14382,卖盘
607,10:04:36,7.99,0.0,39,31173,卖盘
608,10:04:39,7.99,0.0,52,41548,卖盘
609,10:04:45,7.99,0.0,56,44747,卖盘
610,10:04:48,7.99,0.0,2,1598,买盘
611,10:04:51,7.99,0.0,12,9588,买盘
612,10:04:57,7.99,0.0,43,34357,买盘
613,10:05:06,7.99,0.0,32,25568,卖盘
614,10:05:09,7.99,0.0,23,18377,买盘
615,10:05:12,7.99,0.0,52,41550,卖盘
616,10:05:18,7.99,0.0,21,16799,卖盘
617,10:05:22,8.0,0.01,9,7195,买盘
618,10:05:25,7.99,-0.01,39,31161,卖盘
619,10:05:27,8.0,0.01,78,62394,买盘
620,10:05:42,7.99,-0.01,163,130237,卖盘
621,10:05:45,7.99,0.0,20,15980,卖盘
622,10:05:48,8.0,0.01,4,3200,买盘
623,10:05:57,7.99,-0.01,40,31960,卖盘
624,10:06:00,8.0,0.01,6,4799,买盘
625,10:06:04,7.99,-0.01,10,7990,卖盘
626,10:06:09,7.99,0.0,25,19975,卖盘
627,10:06:12,7.99,0.0,20,15980,卖盘
628,10:06:15,8.0,0.01,6,4800,买盘
629,10:06:18,8.0,0.0,5,4000,买盘
630,10:06:21,8.0,0.0,32,25600,买盘
631,10:06:27,8.0,0.0,3,2400,买盘
632,10:06:39,7.99,-0.01,83,66317,卖盘
633,10:06:45,8.0,0.01,44,35164,买盘
634,10:06:55,8.0,0.0,150,119920,买盘
635,10:06:57,8.0,0.0,1,800,买盘
636,10:07:01,7.99,-0.01,5,3995,卖盘
637,10:07:04,7.99,0.0,44,35156,卖盘
638,10:07:09,7.99,0.0,24,19176,卖盘
639,10:07:12,7.99,0.0,74,59131,卖盘
640,10:07:16,7.99,0.0,95,75905,卖盘
641,10:07:22,7.99,0.0,29,23171,买盘
642,10:07:27,7.98,-0.01,90,71840,卖盘
643,10:07:54,7.98,0.0,4,3192,卖盘
644,10:07:57,7.99,0.01,50,39950,买盘
645,10:08:04,7.98,-0.01,22,17556,卖盘
646,10:08:10,7.99,0.01,223,178177,买盘
647,10:08:18,7.98,-0.01,3,2394,卖盘
648,10:08:21,7.99,0.01,30,23970,买盘
649,10:08:24,7.98,-0.01,54,43127,卖盘
650,10:08:31,7.98,0.0,10,7980,卖盘
651,10:08:33,7.99,0.01,25,19975,买盘
652,10:08:36,7.98,-0.01,6,4788,卖盘
653,10:08:45,7.98,0.0,260,207480,卖盘
654,10:08:51,7.98,0.0,50,39900,卖盘
655,10:08:54,7.98,0.0,121,96558,卖盘
656,10:08:58,7.98,0.0,11,8778,卖盘
657,10:09:01,7.98,0.0,138,110124,卖盘
658,10:09:04,7.98,0.0,130,103740,卖盘
659,10:09:09,7.98,0.0,30,23940,卖盘
660,10:09:12,7.98,0.0,34,27132,卖盘
661,10:09:16,7.97,-0.01,162,129182,卖盘
662,10:09:18,7.99,0.02,5,3992,买盘
663,10:09:21,7.98,-0.01,6,4788,中性盘
664,10:09:27,7.98,0.0,151,120498,买盘
665,10:09:30,7.97,-0.01,46,36703,卖盘
666,10:09:33,7.98,0.01,1,798,买盘
667,10:09:37,7.97,-0.01,86,68542,卖盘
668,10:09:48,7.97,0.0,10,7970,卖盘
669,10:09:54,7.97,0.0,53,42246,卖盘
670,10:10:06,7.97,0.0,15,11955,卖盘
671,10:10:09,7.97,0.0,70,55280,卖盘
672,10:10:12,7.97,0.0,10,7970,买盘
673,10:10:15,7.98,0.01,5,3986,买盘
674,10:10:27,7.97,-0.01,8,6376,中性盘
675,10:10:33,7.97,0.0,58,46226,卖盘
676,10:10:39,7.97,0.0,33,26301,卖盘
677,10:10:42,7.97,0.0,27,21519,卖盘
678,10:10:45,7.98,0.01,20,15960,买盘
679,10:10:49,7.97,-0.01,64,51008,卖盘
680,10:10:52,7.97,0.0,15,11960,卖盘
681,10:11:06,7.97,0.0,10,7970,卖盘
682,10:11:13,7.97,0.0,29,23113,买盘
683,10:11:16,7.97,0.0,46,36662,买盘
684,10:11:18,7.96,-0.01,392,312094,卖盘
685,10:11:21,7.96,0.0,38,30276,卖盘
686,10:11:24,7.96,0.0,109,86764,卖盘
687,10:11:34,7.96,0.0,45,35820,卖盘
688,10:11:36,7.96,0.0,10,7960,卖盘
689,10:11:46,7.95,-0.01,18,14310,卖盘
690,10:11:48,7.95,0.0,109,86655,卖盘
691,10:11:51,7.95,0.0,500,397500,卖盘
692,10:11:57,7.95,0.0,7,5565,卖盘
693,10:12:00,7.93,-0.02,565,448253,卖盘
694,10:12:06,7.94,0.01,48,38067,买盘
695,10:12:09,7.94,0.0,39,30940,买盘
696,10:12:13,7.92,-0.02,8,6336,卖盘
697,10:12:16,7.94,0.02,104,82376,买盘
698,10:12:21,7.93,-0.01,2,1586,卖盘
699,10:12:28,7.93,0.0,50,39650,卖盘
700,10:12:31,7.93,0.0,71,56303,卖盘
701,10:12:33,7.92,-0.01,109,86337,卖盘
702,10:12:37,7.93,0.01,81,64163,买盘
703,10:12:40,7.93,0.0,16,12688,买盘
704,10:12:51,7.92,-0.01,6,4752,卖盘
705,10:12:55,7.9,-0.02,564,445990,卖盘
706,10:12:58,7.92,0.02,2,1584,中性盘
707,10:13:04,7.9,-0.02,49,38775,卖盘
708,10:13:09,7.91,0.01,14,11074,中性盘
709,10:13:16,7.91,0.0,72,56952,卖盘
710,10:13:19,7.92,0.01,5,3960,买盘
711,10:13:25,7.91,-0.01,186,147126,卖盘
712,10:13:28,7.91,0.0,73,57756,卖盘
713,10:13:31,7.91,0.0,1,791,卖盘
714,10:13:33,7.91,0.0,146,115486,卖盘
715,10:13:36,7.91,0.0,6,4746,卖盘
716,10:13:39,7.92,0.01,30,23737,买盘
717,10:13:42,7.91,-0.01,7,5537,卖盘
718,10:13:46,7.92,0.01,47,37204,买盘
719,10:13:49,7.92,0.0,203,160776,买盘
720,10:13:52,7.9,-0.02,746,589879,卖盘
721,10:13:57,7.92,0.02,130,102933,买盘
722,10:14:00,7.91,-0.01,14,11074,卖盘
723,10:14:04,7.91,0.0,2,1582,买盘
724,10:14:07,7.91,0.0,57,45087,卖盘
725,10:14:09,7.91,0.0,73,57714,买盘
726,10:14:12,7.91,0.0,30,23730,买盘
727,10:14:16,7.91,0.0,95,75174,卖盘
728,10:14:18,7.91,0.0,26,20589,卖盘
729,10:14:25,7.91,0.0,29,22939,卖盘
730,10:14:27,7.92,0.01,4,3168,买盘
731,10:14:31,7.92,0.0,126,99739,买盘
732,10:14:33,7.91,-0.01,41,32432,卖盘
733,10:14:36,7.91,0.0,10,7910,卖盘
734,10:14:39,7.92,0.01,100,79200,买盘
735,10:14:42,7.91,-0.01,26,20566,卖盘
736,10:14:48,7.91,0.0,133,105203,卖盘
737,10:14:51,7.91,0.0,3,2373,卖盘
738,10:15:04,7.91,0.0,72,56952,卖盘
739,10:15:09,7.91,0.0,6,4746,卖盘
740,10:15:12,7.92,0.01,2,1584,买盘
741,10:15:15,7.91,-0.01,76,60116,卖盘
742,10:15:18,7.92,0.01,2,1584,买盘
743,10:15:21,7.92,0.0,26,20592,买盘
744,10:15:24,7.92,0.0,101,79892,买盘
745,10:15:27,7.92,0.0,200,158400,买盘
746,10:15:30,7.92,0.0,28,22176,买盘
747,10:15:36,7.92,0.0,5,3960,卖盘
748,10:15:39,7.92,0.0,13,10296,卖盘
749,10:15:42,7.93,0.01,5,3965,买盘
750,10:15:45,7.93,0.0,58,45994,买盘
751,10:15:54,7.93,0.0,11,8716,买盘
752,10:16:04,7.93,0.0,111,88023,买盘
753,10:16:06,7.93,0.0,10,7930,买盘
754,10:16:09,7.93,0.0,6,4758,买盘
755,10:16:12,7.92,-0.01,32,25352,卖盘
756,10:16:18,7.93,0.01,50,39650,买盘
757,10:16:21,7.92,-0.01,165,130680,卖盘
758,10:16:27,7.92,0.0,12,9504,买盘
759,10:16:30,7.92,0.0,11,8712,买盘
760,10:16:33,7.93,0.01,50,39608,买盘
761,10:16:36,7.91,-0.02,77,60974,卖盘
762,10:16:39,7.92,0.01,20,15840,买盘
763,10:16:43,7.91,-0.01,39,30849,卖盘
764,10:16:48,7.91,0.0,14,11084,卖盘
765,10:16:51,7.92,0.01,33,26136,买盘
766,10:16:54,7.91,-0.01,48,37968,卖盘
767,10:16:57,7.91,0.0,1,791,卖盘
768,10:17:00,7.92,0.01,52,41133,买盘
769,10:17:06,7.92,0.0,26,20592,买盘
770,10:17:09,7.92,0.0,4,3168,买盘
771,10:17:25,7.92,0.0,11,8712,买盘
772,10:17:27,7.91,-0.01,6,4746,卖盘
773,10:17:30,7.91,0.0,400,316400,卖盘
774,10:17:36,7.9,-0.01,312,246490,卖盘
775,10:17:42,7.9,0.0,40,31601,卖盘
776,10:17:51,7.92,0.02,27,21384,买盘
777,10:17:55,7.9,-0.02,8,6320,卖盘
778,10:17:57,7.9,0.0,18,14220,卖盘
779,10:18:00,7.91,0.01,25,19775,买盘
780,10:18:03,7.91,0.0,205,162127,买盘
781,10:18:06,7.9,-0.01,79,62420,卖盘
782,10:18:15,7.91,0.01,8,6328,买盘
783,10:18:18,7.91,0.0,16,12656,卖盘
784,10:18:27,7.91,0.0,59,46669,买盘
785,10:18:33,7.92,0.01,15,11880,买盘
786,10:18:37,7.91,-0.01,10,7910,卖盘
787,10:18:48,7.91,0.0,1,791,卖盘
788,10:18:57,7.91,0.0,114,90274,卖盘
789,10:19:12,7.93,0.02,44,34884,买盘
790,10:19:15,7.92,-0.01,10,7920,卖盘
791,10:19:18,7.93,0.01,5,3965,买盘
792,10:19:21,7.93,0.0,21,16653,买盘
793,10:19:36,7.93,0.0,191,151463,买盘
794,10:19:39,7.93,0.0,1,793,卖盘
795,10:19:42,7.93,0.0,30,23790,卖盘
796,10:19:48,7.93,0.0,2,1586,卖盘
797,10:20:06,7.94,0.01,113,89722,买盘
798,10:20:09,7.94,0.0,10,7940,卖盘
799,10:20:16,7.94,0.0,158,125452,卖盘
800,10:20:21,7.94,0.0,10,7940,买盘
801,10:20:24,7.94,0.0,19,15086,买盘
802,10:20:27,7.93,-0.01,10,7930,卖盘
803,10:20:39,7.93,0.0,6,4758,卖盘
804,10:20:42,7.93,0.0,17,13481,卖盘
805,10:20:45,7.93,0.0,2,1475,卖盘
806,10:20:48,7.93,0.0,134,106269,卖盘
807,10:20:51,7.93,0.0,23,18239,卖盘
808,10:20:54,7.94,0.01,6,4764,买盘
809,10:20:57,7.94,0.0,35,27790,买盘
810,10:21:01,7.93,-0.01,82,65026,卖盘
811,10:21:04,7.94,0.01,9,7146,买盘
812,10:21:06,7.93,-0.01,6,4758,卖盘
813,10:21:12,7.93,0.0,2,1697,卖盘
814,10:21:24,7.93,0.0,305,241371,买盘
815,10:21:33,7.92,-0.01,10,7920,买盘
816,10:21:36,7.92,0.0,14,11077,买盘
817,10:21:45,7.91,-0.01,4,3164,卖盘
818,10:21:48,7.91,0.0,9,7119,卖盘
819,10:21:54,7.91,0.0,12,9492,卖盘
820,10:21:57,7.92,0.01,4,3168,买盘
821,10:22:01,7.92,0.0,19,15048,买盘
822,10:22:06,7.93,0.01,101,80084,买盘
823,10:22:15,7.91,-0.02,300,237421,卖盘
824,10:22:18,7.91,0.0,401,317191,卖盘
825,10:22:24,7.91,0.0,6,4746,买盘
826,10:22:36,7.91,0.0,184,145381,买盘
827,10:22:42,7.91,0.0,8,6328,买盘
828,10:22:45,7.91,0.0,3,2373,买盘
829,10:22:48,7.9,-0.01,5,3950,卖盘
830,10:22:51,7.9,0.0,600,474000,卖盘
831,10:22:54,7.91,0.01,41,32431,买盘
832,10:23:10,7.9,-0.01,10,7900,卖盘
833,10:23:15,7.9,0.0,10,7900,卖盘
834,10:23:18,7.9,0.0,32,25280,卖盘
835,10:23:21,7.9,0.0,94,74260,卖盘
836,10:23:24,7.9,0.0,10,7900,卖盘
837,10:23:27,7.91,0.01,23,18193,买盘
838,10:23:30,7.9,-0.01,100,79000,卖盘
839,10:23:37,7.91,0.01,10,7910,买盘
840,10:23:48,7.91,0.0,38,30058,买盘
841,10:23:54,7.91,0.0,10,7910,买盘
842,10:24:01,7.9,-0.01,7,5532,卖盘
843,10:24:09,7.9,0.0,31,24490,卖盘
844,10:24:12,7.91,0.01,15,11865,买盘
845,10:24:22,7.9,-0.01,10,7900,卖盘
846,10:24:25,7.9,0.0,17,13430,卖盘
847,10:24:27,7.91,0.01,8,6328,买盘
848,10:24:51,7.91,0.0,18,14238,买盘
849,10:24:54,7.91,0.0,103,81472,买盘
850,10:25:00,7.91,0.0,19,15017,买盘
851,10:25:07,7.91,0.0,5,3955,买盘
852,10:25:09,7.91,0.0,9,7119,买盘
853,10:25:12,7.91,0.0,50,39550,买盘
854,10:25:18,7.91,0.0,10,7910,买盘
855,10:25:21,7.91,0.0,64,50624,买盘
856,10:25:24,7.91,0.0,184,145544,买盘
857,10:25:27,7.92,0.01,1,792,买盘
858,10:25:33,7.92,0.0,10,7920,卖盘
859,10:25:48,7.92,0.0,10,7920,买盘
860,10:25:54,7.92,0.0,30,23775,卖盘
861,10:26:00,7.93,0.01,36,28548,买盘
862,10:26:04,7.92,-0.01,2,1584,卖盘
863,10:26:06,7.92,0.0,1,792,卖盘
864,10:26:12,7.92,0.0,11,8712,卖盘
865,10:26:15,7.93,0.01,44,34781,买盘
866,10:26:27,7.94,0.01,44,34936,买盘
867,10:26:34,7.94,0.0,43,34142,买盘
868,10:26:42,7.94,0.0,10,7940,卖盘
869,10:26:48,7.94,0.0,50,39730,卖盘
870,10:26:51,7.95,0.01,20,15900,买盘
871,10:27:04,7.94,-0.01,8,6352,卖盘
872,10:27:06,7.95,0.01,363,288585,买盘
873,10:27:12,7.95,0.0,120,95400,卖盘
874,10:27:15,7.96,0.01,16,12736,买盘
875,10:27:18,7.95,-0.01,20,15900,卖盘
876,10:27:21,7.96,0.01,69,54924,买盘
877,10:27:24,7.96,0.0,4,3184,卖盘
878,10:27:33,7.97,0.01,97,77309,买盘
879,10:27:37,7.97,0.0,5,3985,买盘
880,10:27:42,7.97,0.0,10,7970,买盘
881,10:27:51,7.97,0.0,167,133099,买盘
882,10:27:54,7.97,0.0,19,15143,买盘
883,10:27:57,7.97,0.0,12,9564,卖盘
884,10:28:00,7.97,0.0,10,7970,卖盘
885,10:28:06,7.97,0.0,1,797,卖盘
886,10:28:09,7.97,0.0,32,25504,卖盘
887,10:28:27,7.96,-0.01,97,77212,卖盘
888,10:28:30,7.97,0.01,239,190283,买盘
889,10:28:33,7.98,0.01,97,77344,买盘
890,10:28:37,7.97,-0.01,1,797,中性盘
891,10:28:40,7.97,0.0,17,13549,卖盘
892,10:28:48,7.97,0.0,13,10361,卖盘
893,10:28:51,7.97,0.0,6,4782,卖盘
894,10:28:54,7.97,0.0,20,15940,卖盘
895,10:28:57,7.97,0.0,91,72527,卖盘
896,10:29:00,7.97,0.0,12,10305,卖盘
897,10:29:04,7.97,0.0,37,29489,卖盘
898,10:29:18,7.97,0.0,10,7970,卖盘
899,10:29:22,7.97,0.0,18,13605,卖盘
900,10:29:36,7.97,0.0,30,23880,买盘
901,10:29:39,7.97,0.0,105,83680,买盘
902,10:29:46,7.96,-0.01,2,1592,中性盘
903,10:29:48,7.95,-0.01,20,15900,卖盘
904,10:29:57,7.95,0.0,1,795,卖盘
905,10:30:04,7.95,0.0,10,7950,卖盘
906,10:30:09,7.95,0.0,200,159000,卖盘
907,10:30:18,7.95,0.0,1,795,卖盘
908,10:30:21,7.96,0.01,12,9552,买盘
909,10:30:25,7.96,0.0,174,138404,买盘
910,10:30:39,7.94,-0.02,30,23820,卖盘
911,10:30:42,7.94,0.0,2,1588,卖盘
912,10:30:46,7.95,0.01,10,7950,买盘
913,10:30:57,7.94,-0.01,16,12704,卖盘
914,10:31:00,7.93,-0.01,44,34892,中性盘
915,10:31:06,7.93,0.0,2,1586,卖盘
916,10:31:10,7.93,0.0,13,10309,买盘
917,10:31:15,7.93,0.0,4,3172,卖盘
918,10:31:21,7.92,-0.01,50,39633,卖盘
919,10:31:39,7.93,0.01,10,7930,买盘
920,10:31:45,7.93,0.0,2,1586,卖盘
921,10:31:54,7.93,0.0,4,3172,卖盘
922,10:31:57,7.94,0.01,5,3968,买盘
923,10:32:01,7.94,0.0,13,10322,买盘
924,10:32:06,7.94,0.0,1,794,买盘
925,10:32:09,7.94,0.0,2,1588,买盘
926,10:32:45,7.93,-0.01,132,104681,卖盘
927,10:32:51,7.93,0.0,3,2379,卖盘
928,10:33:00,7.93,0.0,5,3965,买盘
929,10:33:04,7.93,0.0,20,15860,买盘
930,10:33:09,7.92,-0.01,16,12672,卖盘
931,10:33:21,7.93,0.01,8,6344,买盘
932,10:33:39,7.93,0.0,48,38064,买盘
933,10:33:42,7.92,-0.01,13,10296,卖盘
934,10:33:54,7.92,0.0,53,41980,卖盘
935,10:33:57,7.93,0.01,10,7930,买盘
936,10:34:12,7.92,-0.01,10,7920,卖盘
937,10:34:15,7.93,0.01,17,13481,买盘
938,10:34:18,7.93,0.0,6,4758,买盘
939,10:34:27,7.93,0.0,10,7930,买盘
940,10:34:36,7.93,0.0,13,10309,买盘
941,10:34:39,7.93,0.0,15,11895,卖盘
942,10:34:45,7.93,0.0,20,15860,卖盘
943,10:34:54,7.93,0.0,8,6344,卖盘
944,10:34:57,7.94,0.01,5,3970,买盘
945,10:35:00,7.93,-0.01,10,7930,卖盘
946,10:35:06,7.93,0.0,19,15067,卖盘
947,10:35:13,7.93,0.0,1,793,买盘
948,10:35:21,7.93,0.0,12,9516,买盘
949,10:35:24,7.92,-0.01,105,83165,卖盘
950,10:35:36,7.93,0.01,3,2379,买盘
951,10:35:39,7.92,-0.01,9,7128,卖盘
952,10:35:48,7.92,0.0,84,66528,卖盘
953,10:35:51,7.92,0.0,100,79200,卖盘
954,10:35:54,7.92,0.0,6,4752,卖盘
955,10:35:58,7.92,0.0,20,15840,卖盘
956,10:36:00,7.92,0.0,4,3168,卖盘
957,10:36:04,7.91,-0.01,209,165324,卖盘
958,10:36:18,7.91,0.0,10,7910,卖盘
959,10:36:21,7.9,-0.01,495,391074,卖盘
960,10:36:31,7.91,0.01,10,7910,买盘
961,10:36:33,7.9,-0.01,224,176960,卖盘
962,10:36:45,7.9,0.0,6,4740,买盘
963,10:36:48,7.9,0.0,60,47350,买盘
964,10:36:57,7.89,-0.01,5,3945,卖盘
965,10:37:00,7.9,0.01,3,2370,买盘
966,10:37:07,7.89,-0.01,2,1578,卖盘
967,10:37:09,7.89,0.0,50,39450,卖盘
968,10:37:18,7.9,0.01,1,790,买盘
969,10:37:30,7.9,0.0,1,790,买盘
970,10:37:37,7.9,0.0,165,130220,买盘
971,10:37:42,7.89,-0.01,11,8679,卖盘
972,10:37:45,7.89,0.0,121,95569,卖盘
973,10:37:48,7.9,0.01,100,79000,买盘
974,10:37:54,7.9,0.0,13,10270,买盘
975,10:38:15,7.91,0.01,10,7910,买盘
976,10:38:24,7.91,0.0,27,21357,买盘
977,10:38:27,7.91,0.0,180,142211,买盘
978,10:38:42,7.92,0.01,29,22949,买盘
979,10:38:45,7.91,-0.01,11,8701,卖盘
980,10:39:00,7.91,0.0,1,791,卖盘
981,10:39:06,7.92,0.01,4,3168,买盘
982,10:39:09,7.91,-0.01,5,3955,卖盘
983,10:39:15,7.91,0.0,30,23730,卖盘
984,10:39:31,7.91,0.0,25,19785,卖盘
985,10:39:51,7.92,0.01,13,10296,买盘
986,10:39:54,7.92,0.0,88,69696,买盘
987,10:39:57,7.92,0.0,2,1584,卖盘
988,10:40:04,7.92,0.0,10,7920,卖盘
989,10:40:21,7.92,0.0,10,7920,买盘
990,10:40:39,7.93,0.01,50,39650,买盘
991,10:40:43,7.92,-0.01,5,3960,卖盘
992,10:41:00,7.93,0.01,4,3172,买盘
993,10:41:04,7.92,-0.01,2,1584,卖盘
994,10:41:06,7.93,0.01,10,7930,买盘
995,10:41:18,7.93,0.0,14,11102,买盘
996,10:41:30,7.92,-0.01,52,41184,卖盘
997,10:41:42,7.92,0.0,10,7920,买盘
998,10:41:45,7.92,0.0,33,26136,买盘
999,10:41:48,7.92,0.0,10,7920,卖盘
1000,10:41:54,7.92,0.0,10,7920,卖盘
1001,10:41:57,7.93,0.01,3,2379,买盘
1002,10:42:18,7.93,0.0,87,68991,买盘
1003,10:42:24,7.93,0.0,13,10309,卖盘
1004,10:42:36,7.93,0.0,3,2379,买盘
1005,10:42:45,7.92,-0.01,13,10296,卖盘
1006,10:42:51,7.93,0.01,9,7137,买盘
1007,10:43:03,7.93,0.0,9,7137,卖盘
1008,10:43:15,7.93,0.0,1,793,买盘
1009,10:43:27,7.94,0.01,100,79400,买盘
1010,10:44:24,7.93,-0.01,10,7930,卖盘
1011,10:44:33,7.94,0.01,146,115924,买盘
1012,10:44:45,7.94,0.0,5,3970,买盘
1013,10:44:51,7.93,-0.01,33,26169,卖盘
1014,10:45:01,7.92,-0.01,193,152856,卖盘
1015,10:45:10,7.92,0.0,8,6336,卖盘
1016,10:45:15,7.93,0.01,10,7930,买盘
1017,10:45:27,7.93,0.0,25,19825,买盘
1018,10:45:33,7.93,0.0,3,2379,买盘
1019,10:45:48,7.93,0.0,35,27755,买盘
1020,10:46:45,7.92,-0.01,5,3960,卖盘
1021,10:46:48,7.93,0.01,4,3172,买盘
1022,10:46:54,7.92,-0.01,20,15840,卖盘
1023,10:47:07,7.93,0.01,153,121329,买盘
1024,10:47:27,7.92,-0.01,1,792,卖盘
1025,10:47:51,7.92,0.0,10,7920,卖盘
1026,10:48:06,7.92,0.0,30,23760,卖盘
1027,10:48:18,7.92,0.0,10,7920,卖盘
1028,10:48:21,7.92,0.0,16,12672,卖盘
1029,10:48:30,7.92,0.0,8,6336,卖盘
1030,10:48:33,7.93,0.01,70,55510,买盘
1031,10:48:40,7.92,-0.01,2,1584,卖盘
1032,10:48:42,7.92,0.0,10,7920,卖盘
1033,10:48:51,7.92,0.0,50,39600,卖盘
1034,10:49:12,7.92,0.0,10,7920,卖盘
1035,10:49:21,7.92,0.0,20,15840,卖盘
1036,10:49:45,7.93,0.01,5,3965,买盘
1037,10:49:51,7.92,-0.01,20,15840,卖盘
1038,10:49:57,7.92,0.0,100,79200,卖盘
1039,10:50:09,7.92,0.0,2,1584,中性盘
1040,10:50:13,7.92,0.0,20,15840,买盘
1041,10:50:31,7.92,0.0,5,3960,买盘
1042,10:50:36,7.92,0.0,56,44352,买盘
1043,10:50:42,7.92,0.0,42,33264,买盘
1044,10:50:45,7.91,-0.01,22,17402,卖盘
1045,10:50:48,7.92,0.01,20,15830,买盘
1046,10:50:51,7.91,-0.01,8,6328,卖盘
1047,10:50:57,7.92,0.01,34,26928,买盘
1048,10:51:01,7.92,0.0,8,6336,卖盘
1049,10:51:06,7.92,0.0,3,2376,卖盘
1050,10:51:09,7.92,0.0,23,18216,卖盘
1051,10:51:18,7.92,0.0,50,39600,卖盘
1052,10:51:30,7.93,0.01,82,65026,买盘
1053,10:51:42,7.92,-0.01,40,31690,卖盘
1054,10:51:48,7.92,0.0,80,63360,卖盘
1055,10:51:57,7.92,0.0,4,3171,卖盘
1056,10:52:04,7.93,0.01,4,3172,买盘
1057,10:52:06,7.92,-0.01,12,9514,卖盘
1058,10:52:15,7.92,0.0,8,6336,卖盘
1059,10:52:27,7.92,0.0,10,7920,卖盘
1060,10:52:43,7.93,0.01,20,15860,买盘
1061,10:52:57,7.93,0.0,5,3965,买盘
1062,10:53:04,7.92,-0.01,30,23760,卖盘
1063,10:53:06,7.93,0.01,15,11895,买盘
1064,10:53:10,7.93,0.0,50,39650,买盘
1065,10:53:21,7.93,0.0,11,8723,买盘
1066,10:53:33,7.94,0.01,5,3970,买盘
1067,10:53:39,7.93,-0.01,2,1586,卖盘
1068,10:53:46,7.94,0.01,17,13498,买盘
1069,10:54:19,7.94,0.0,61,48434,买盘
1070,10:54:36,7.94,0.0,9,7144,买盘
1071,10:54:39,7.94,0.0,12,9528,买盘
1072,10:54:43,7.93,-0.01,45,35715,卖盘
1073,10:54:48,7.94,0.01,60,47640,买盘
1074,10:54:54,7.94,0.0,10,7940,买盘
1075,10:54:57,7.93,-0.01,4,3172,卖盘
1076,10:55:00,7.94,0.01,49,38906,买盘
1077,10:55:12,7.95,0.01,7,5562,买盘
1078,10:55:19,7.94,-0.01,1,794,卖盘
1079,10:55:21,7.94,0.0,9,7146,卖盘
1080,10:55:30,7.94,0.0,10,7940,买盘
1081,10:55:34,7.94,0.0,1,794,买盘
1082,10:55:37,7.94,0.0,20,15880,买盘
1083,10:55:57,7.94,0.0,15,11910,买盘
1084,10:56:04,7.94,0.0,9,7146,买盘
1085,10:56:12,7.93,-0.01,35,27755,卖盘
1086,10:56:15,7.94,0.01,6,4764,买盘
1087,10:56:25,7.94,0.0,10,7940,买盘
1088,10:56:27,7.93,-0.01,20,15860,卖盘
1089,10:56:30,7.94,0.01,40,31760,买盘
1090,10:56:37,7.93,-0.01,27,21411,卖盘
1091,10:56:45,7.93,0.0,10,7930,卖盘
1092,10:56:48,7.94,0.01,8,6351,买盘
1093,10:57:07,7.94,0.0,30,23820,买盘
1094,10:57:12,7.93,-0.01,43,34099,卖盘
1095,10:57:18,7.93,0.0,6,4762,卖盘
1096,10:57:48,7.93,0.0,10,7930,卖盘
1097,10:58:09,7.94,0.01,28,22232,买盘
1098,10:58:15,7.94,0.0,28,22232,买盘
1099,10:58:27,7.93,-0.01,30,23790,卖盘
1100,10:58:36,7.93,0.0,5,3965,卖盘
1101,10:58:48,7.93,0.0,1,793,卖盘
1102,10:59:00,7.93,0.0,51,40443,卖盘
1103,10:59:03,7.94,0.01,15,11910,买盘
1104,10:59:24,7.94,0.0,40,31760,买盘
1105,10:59:30,7.94,0.0,6,4764,买盘
1106,10:59:33,7.94,0.0,55,43670,买盘
1107,10:59:36,7.94,0.0,61,48434,买盘
1108,10:59:42,7.94,0.0,1,794,卖盘
1109,10:59:45,7.93,-0.01,40,31758,卖盘
1110,10:59:51,7.94,0.01,2,1588,中性盘
1111,10:59:54,7.94,0.0,1,794,卖盘
1112,11:00:18,7.94,0.0,2,1588,卖盘
1113,11:00:21,7.94,0.0,2,1588,卖盘
1114,11:00:30,7.95,0.01,1,795,买盘
1115,11:00:36,7.94,-0.01,12,9528,卖盘
1116,11:00:43,7.94,0.0,7,5558,卖盘
1117,11:00:45,7.95,0.01,12,9537,买盘
1118,11:00:48,7.93,-0.02,76,60268,卖盘
1119,11:00:54,7.95,0.02,23,18285,买盘
1120,11:00:57,7.94,-0.01,4,3176,买盘
1121,11:01:07,7.94,0.0,21,16674,买盘
1122,11:01:13,7.94,0.0,6,4764,卖盘
1123,11:01:18,7.94,0.0,5,3970,买盘
1124,11:01:33,7.93,-0.01,7,5551,卖盘
1125,11:01:43,7.94,0.01,2,1588,买盘
1126,11:01:45,7.94,0.0,58,46433,卖盘
1127,11:01:48,7.94,0.0,5,3970,卖盘
1128,11:01:51,7.94,0.0,1,794,卖盘
1129,11:01:54,7.95,0.01,28,22260,买盘
1130,11:02:21,7.95,0.0,5,3975,买盘
1131,11:02:30,7.94,-0.01,20,15880,卖盘
1132,11:02:33,7.94,0.0,11,8734,卖盘
1133,11:02:39,7.94,0.0,2,1588,卖盘
1134,11:02:42,7.95,0.01,10,7950,买盘
1135,11:02:45,7.94,-0.01,15,11910,卖盘
1136,11:03:00,7.94,0.0,50,39700,卖盘
1137,11:03:06,7.94,0.0,86,68284,卖盘
1138,11:03:13,7.94,0.0,5,3970,卖盘
1139,11:03:16,7.94,0.0,153,121101,卖盘
1140,11:03:33,7.93,-0.01,100,79300,卖盘
1141,11:03:39,7.94,0.01,25,19850,买盘
1142,11:03:42,7.93,-0.01,294,233142,卖盘
1143,11:03:51,7.92,-0.01,277,219384,卖盘
1144,11:04:00,7.92,0.0,20,15840,买盘
1145,11:04:04,7.91,-0.01,31,24521,卖盘
1146,11:04:12,7.91,0.0,205,162535,卖盘
1147,11:04:15,7.91,0.0,50,39550,卖盘
1148,11:04:18,7.91,0.0,9,6739,卖盘
1149,11:04:24,7.91,0.0,341,269401,买盘
1150,11:04:33,7.89,-0.02,700,552569,卖盘
1151,11:04:36,7.91,0.02,1,791,买盘
1152,11:04:57,7.89,-0.02,9,7101,卖盘
1153,11:05:00,7.89,0.0,52,41032,卖盘
1154,11:05:06,7.9,0.01,10,7900,买盘
1155,11:05:15,7.89,-0.01,35,27627,卖盘
1156,11:05:31,7.89,0.0,3,2367,卖盘
1157,11:05:36,7.9,0.01,9,7110,买盘
1158,11:05:39,7.89,-0.01,309,243811,卖盘
1159,11:05:45,7.89,0.0,15,11835,卖盘
1160,11:05:51,7.9,0.01,2,1580,买盘
1161,11:05:57,7.9,0.0,18,14220,卖盘
1162,11:06:04,7.9,0.0,49,38710,买盘
1163,11:06:06,7.9,0.0,5,3950,买盘
1164,11:06:15,7.9,0.0,3,2370,买盘
1165,11:06:39,7.89,-0.01,13,10257,卖盘
1166,11:06:42,7.9,0.01,10,7900,买盘
1167,11:06:46,7.9,0.0,10,7900,买盘
1168,11:06:48,7.9,0.0,19,15010,买盘
1169,11:06:54,7.9,0.0,100,79000,买盘
1170,11:07:04,7.9,0.0,6,4740,卖盘
1171,11:07:39,7.9,0.0,40,31600,卖盘
1172,11:07:57,7.9,0.0,57,45030,卖盘
1173,11:08:36,7.89,-0.01,392,309288,卖盘
1174,11:08:39,7.89,0.0,3,2367,买盘
1175,11:08:42,7.89,0.0,23,18147,买盘
1176,11:08:48,7.89,0.0,40,31560,买盘
1177,11:08:55,7.88,-0.01,31,24428,卖盘
1178,11:08:57,7.88,0.0,80,63040,卖盘
1179,11:09:03,7.88,0.0,10,7880,卖盘
1180,11:09:07,7.88,0.0,10,7880,卖盘
1181,11:09:21,7.88,0.0,115,90620,卖盘
1182,11:09:24,7.89,0.01,1,789,买盘
1183,11:09:31,7.89,0.0,75,59230,买盘
1184,11:09:43,7.89,0.0,9,7101,卖盘
1185,11:09:51,7.9,0.01,2,1580,买盘
1186,11:10:12,7.89,-0.01,15,11835,卖盘
1187,11:10:15,7.89,0.0,9,7101,卖盘
1188,11:10:27,7.89,0.0,57,44918,卖盘
1189,11:10:36,7.89,0.0,19,14991,买盘
1190,11:10:39,7.89,0.0,2,1578,买盘
1191,11:10:45,7.89,0.0,22,17358,买盘
1192,11:11:06,7.89,0.0,21,16569,买盘
1193,11:11:24,7.89,0.0,3,2367,买盘
1194,11:11:27,7.88,-0.01,80,63070,卖盘
1195,11:11:30,7.88,0.0,9,7092,卖盘
1196,11:11:33,7.89,0.01,5,3945,买盘
1197,11:11:51,7.89,0.0,14,11036,买盘
1198,11:11:54,7.89,0.0,11,8679,买盘
1199,11:11:57,7.89,0.0,20,15780,买盘
1200,11:12:09,7.89,0.0,2,1578,买盘
1201,11:12:12,7.89,0.0,2,1578,买盘
1202,11:12:36,7.89,0.0,2,1578,买盘
1203,11:12:42,7.89,0.0,49,38652,买盘
1204,11:12:45,7.89,0.0,5,3945,买盘
1205,11:13:04,7.88,-0.01,2,1576,卖盘
1206,11:13:15,7.89,0.01,10,7890,买盘
1207,11:13:21,7.88,-0.01,1,788,卖盘
1208,11:13:24,7.89,0.01,3,2367,买盘
1209,11:13:27,7.9,0.01,295,232930,买盘
1210,11:13:39,7.89,-0.01,2,1578,买盘
1211,11:13:42,7.89,0.0,3,2367,买盘
1212,11:13:45,7.89,0.0,9,7101,卖盘
1213,11:13:51,7.89,0.0,10,8324,卖盘
1214,11:14:09,7.89,0.0,7,5523,卖盘
1215,11:14:12,7.89,0.0,100,78900,卖盘
1216,11:14:15,7.89,0.0,20,15780,卖盘
1217,11:14:18,7.89,0.0,36,28404,卖盘
1218,11:14:24,7.89,0.0,10,7890,卖盘
1219,11:14:30,7.89,0.0,18,14202,卖盘
1220,11:14:36,7.89,0.0,30,23670,卖盘
1221,11:14:48,7.89,0.0,22,17358,卖盘
1222,11:14:57,7.89,0.0,40,31560,卖盘
1223,11:15:12,7.89,0.0,30,23695,卖盘
1224,11:15:15,7.89,0.0,67,52429,卖盘
1225,11:15:19,7.88,-0.01,2,1576,卖盘
1226,11:15:24,7.89,0.01,26,20514,买盘
1227,11:15:30,7.88,-0.01,13,10244,卖盘
1228,11:15:33,7.88,0.0,19,14972,卖盘
1229,11:15:42,7.88,0.0,426,335688,卖盘
1230,11:15:48,7.88,0.0,417,328596,卖盘
1231,11:15:57,7.87,-0.01,80,63010,卖盘
1232,11:16:00,7.88,0.01,12,9449,买盘
1233,11:16:07,7.88,0.0,1,788,买盘
1234,11:16:10,7.87,-0.01,448,352576,卖盘
1235,11:16:28,7.86,-0.01,20,15720,卖盘
1236,11:16:31,7.86,0.0,3,2358,卖盘
1237,11:16:33,7.86,0.0,3,2358,卖盘
1238,11:16:36,7.87,0.01,104,81848,买盘
1239,11:16:42,7.86,-0.01,307,241309,卖盘
1240,11:16:45,7.86,0.0,22,17292,卖盘
1241,11:16:48,7.86,0.0,17,13362,卖盘
1242,11:16:51,7.86,0.0,19,14934,卖盘
1243,11:16:54,7.86,0.0,15,11790,卖盘
1244,11:16:57,7.86,0.0,18,14148,卖盘
1245,11:17:00,7.86,0.0,150,117900,卖盘
1246,11:17:04,7.86,0.0,10,7860,卖盘
1247,11:17:06,7.86,0.0,114,89604,卖盘
1248,11:17:15,7.86,0.0,608,477430,买盘
1249,11:17:18,7.85,-0.01,7,5500,卖盘
1250,11:17:24,7.86,0.01,10,7860,买盘
1251,11:17:27,7.85,-0.01,9,7065,卖盘
1252,11:17:33,7.85,0.0,35,27475,卖盘
1253,11:17:37,7.85,0.0,40,31400,卖盘
1254,11:17:42,7.86,0.01,40,31440,买盘
1255,11:17:45,7.85,-0.01,2,1570,卖盘
1256,11:17:48,7.86,0.01,101,79773,买盘
1257,11:17:51,7.85,-0.01,161,126485,卖盘
1258,11:17:55,7.86,0.01,23,18078,买盘
1259,11:18:00,7.86,0.0,10,7860,买盘
1260,11:18:04,7.86,0.0,130,102100,买盘
1261,11:18:06,7.86,0.0,1,786,买盘
1262,11:18:24,7.86,0.0,6,4716,买盘
1263,11:18:27,7.85,-0.01,9,7065,卖盘
1264,11:18:34,7.86,0.01,61,47562,买盘
1265,11:18:42,7.86,0.0,179,141048,卖盘
1266,11:18:45,7.86,0.0,8,6288,买盘
1267,11:18:48,7.86,0.0,12,9432,买盘
1268,11:18:51,7.86,0.0,1,432,卖盘
1269,11:18:54,7.86,0.0,4,3498,卖盘
1270,11:18:57,7.86,0.0,5,3930,买盘
1271,11:19:00,7.86,0.0,18,14148,买盘
1272,11:19:03,7.86,0.0,1,786,买盘
1273,11:19:06,7.85,-0.01,48,37691,卖盘
1274,11:19:09,7.85,0.0,200,156513,卖盘
1275,11:19:21,7.85,0.0,127,99777,卖盘
1276,11:19:30,7.86,0.01,14,11004,买盘
1277,11:19:33,7.86,0.0,2,1572,买盘
1278,11:19:51,7.86,0.0,11,8646,买盘
1279,11:19:54,7.86,0.0,11,8637,买盘
1280,11:20:06,7.85,-0.01,2,1570,卖盘
1281,11:20:09,7.85,0.0,2,1570,卖盘
1282,11:20:18,7.86,0.01,40,31440,买盘
1283,11:20:27,7.86,0.0,10,7860,卖盘
1284,11:20:30,7.86,0.0,4,2712,卖盘
1285,11:20:34,7.86,0.0,9,7506,买盘
1286,11:20:39,7.86,0.0,6,4284,卖盘
1287,11:20:54,7.86,0.0,19,14925,买盘
1288,11:21:00,7.86,0.0,15,11790,买盘
1289,11:21:09,7.86,0.0,20,15720,买盘
1290,11:21:12,7.86,0.0,22,17292,买盘
1291,11:21:16,7.86,0.0,3,2358,买盘
1292,11:21:24,7.85,-0.01,2,1570,卖盘
1293,11:21:33,7.85,0.0,5,3925,卖盘
1294,11:21:42,7.86,0.01,25,20082,买盘
1295,11:21:51,7.86,0.0,2,1572,卖盘
1296,11:22:04,7.86,0.0,75,58950,卖盘
1297,11:22:12,7.86,0.0,9,7074,卖盘
1298,11:22:16,7.87,0.01,2,1574,买盘
1299,11:22:21,7.86,-0.01,4,2712,卖盘
1300,11:22:24,7.86,0.0,13,10218,买盘
1301,11:22:30,7.85,-0.01,3,2355,卖盘
1302,11:22:58,7.85,0.0,2,1570,卖盘
1303,11:23:09,7.85,0.0,8,6280,卖盘
1304,11:23:13,7.85,0.0,87,68295,卖盘
1305,11:23:16,7.85,0.0,146,114628,卖盘
1306,11:23:22,7.86,0.01,16,13008,买盘
1307,11:23:30,7.86,0.0,9,7074,卖盘
1308,11:23:33,7.86,0.0,1,786,卖盘
1309,11:23:42,7.86,0.0,4,3144,卖盘
1310,11:24:12,7.87,0.01,5,3935,买盘
1311,11:24:16,7.87,0.0,23,18101,买盘
1312,11:24:30,7.87,0.0,2,1574,卖盘
1313,11:24:33,7.87,0.0,85,66895,卖盘
1314,11:24:36,7.87,0.0,10,7870,买盘
1315,11:24:40,7.88,0.01,85,66957,买盘
1316,11:24:51,7.88,0.0,15,11823,买盘
1317,11:24:57,7.87,-0.01,34,26771,卖盘
1318,11:25:06,7.88,0.01,2,1576,买盘
1319,11:25:12,7.88,0.0,69,54397,卖盘
1320,11:25:15,7.88,0.0,2,1576,卖盘
1321,11:25:27,7.88,0.0,2,1576,卖盘
1322,11:25:30,7.89,0.01,6,4734,买盘
1323,11:25:33,7.88,-0.01,169,133172,卖盘
1324,11:25:36,7.89,0.01,14,11046,买盘
1325,11:25:48,7.89,0.0,1,789,买盘
1326,11:25:54,7.88,-0.01,19,14982,卖盘
1327,11:26:09,7.88,0.0,2,1576,卖盘
1328,11:26:12,7.88,0.0,9,7099,卖盘
1329,11:26:18,7.88,0.0,40,31520,卖盘
1330,11:26:37,7.88,0.0,13,10244,卖盘
1331,11:26:51,7.88,0.0,9,7092,卖盘
1332,11:26:57,7.89,0.01,7,5523,买盘
1333,11:27:10,7.89,0.0,5,3945,买盘
1334,11:27:27,7.88,-0.01,2,1576,卖盘
1335,11:27:33,7.89,0.01,8,6312,买盘
1336,11:27:48,7.88,-0.01,12,9456,卖盘
1337,11:27:51,7.88,0.0,5,3940,卖盘
1338,11:28:04,7.88,0.0,3,2364,卖盘
1339,11:28:12,7.89,0.01,10,7890,买盘
1340,11:28:15,7.88,-0.01,9,7092,卖盘
1341,11:28:18,7.88,0.0,10,7880,卖盘
1342,11:28:39,7.88,0.0,2,1576,卖盘
1343,11:28:49,7.88,0.0,6,4728,卖盘
1344,11:28:52,7.88,0.0,12,9458,卖盘
1345,11:29:12,7.89,0.01,2,1578,买盘
1346,11:29:15,7.88,-0.01,9,7092,卖盘
1347,11:29:21,7.88,0.0,7,5516,卖盘
1348,11:29:28,7.88,0.0,5,3940,卖盘
1349,11:29:39,7.88,0.0,5,3940,卖盘
1350,11:29:45,7.88,0.0,3,2364,卖盘
1351,13:00:04,7.89,0.01,501,395189,买盘
1352,13:00:27,7.89,0.0,9,7101,卖盘
1353,13:00:30,7.9,0.01,10,7900,买盘
1354,13:00:36,7.9,0.0,5,3950,买盘
1355,13:00:42,7.9,0.0,9,7110,买盘
1356,13:00:51,7.9,0.0,10,7900,买盘
1357,13:00:54,7.89,-0.01,2,1578,卖盘
1358,13:01:12,7.89,0.0,5,3945,卖盘
1359,13:01:15,7.89,0.0,3,2367,卖盘
1360,13:01:42,7.89,0.0,9,7101,卖盘
1361,13:02:07,7.89,0.0,11,8688,卖盘
1362,13:02:39,7.89,0.0,10,7890,卖盘
1363,13:02:48,7.89,0.0,500,394500,卖盘
1364,13:02:51,7.89,0.0,290,228810,卖盘
1365,13:02:54,7.88,-0.01,13,10244,卖盘
1366,13:02:57,7.88,0.0,40,31520,卖盘
1367,13:03:00,7.88,0.0,39,30732,卖盘
1368,13:03:07,7.87,-0.01,1,787,卖盘
1369,13:03:15,7.87,0.0,33,25971,卖盘
1370,13:03:21,7.87,0.0,35,27545,买盘
1371,13:03:30,7.87,0.0,2,1574,买盘
1372,13:03:33,7.87,0.0,3,2361,买盘
1373,13:03:57,7.86,-0.01,9,7074,卖盘
1374,13:04:00,7.86,0.0,67,52230,卖盘
1375,13:04:09,7.85,-0.01,1,785,卖盘
1376,13:04:12,7.85,0.0,31,24357,卖盘
1377,13:04:24,7.86,0.01,11,8646,买盘
1378,13:04:30,7.84,-0.02,500,392255,卖盘
1379,13:04:33,7.86,0.02,5,4357,买盘
1380,13:04:39,7.84,-0.02,468,366495,卖盘
1381,13:04:45,7.84,0.0,2,1568,买盘
1382,13:04:54,7.84,0.0,8,6272,买盘
1383,13:05:06,7.84,0.0,1,784,买盘
1384,13:05:12,7.84,0.0,7,5488,买盘
1385,13:05:15,7.84,0.0,1,784,买盘
1386,13:05:18,7.83,-0.01,16,12528,卖盘
1387,13:05:30,7.83,0.0,19,14877,卖盘
1388,13:05:33,7.83,0.0,35,27405,卖盘
1389,13:05:39,7.84,0.01,75,58730,买盘
1390,13:05:42,7.83,-0.01,3,2349,卖盘
1391,13:05:48,7.84,0.01,507,397481,买盘
1392,13:05:51,7.84,0.0,13,10623,买盘
1393,13:05:57,7.84,0.0,1,784,卖盘
1394,13:06:06,7.84,0.0,16,12544,卖盘
1395,13:06:15,7.84,0.0,10,7840,卖盘
1396,13:06:27,7.84,0.0,8,6272,卖盘
1397,13:06:42,7.84,0.0,9,7056,卖盘
1398,13:06:54,7.84,0.0,50,39203,卖盘
1399,13:07:06,7.84,0.0,500,392000,卖盘
1400,13:07:18,7.86,0.02,5,3928,买盘
1401,13:07:45,7.85,-0.01,15,11775,卖盘
1402,13:07:55,7.85,0.0,9,7065,卖盘
1403,13:08:04,7.86,0.01,60,47160,买盘
1404,13:08:06,7.86,0.0,6,4713,买盘
1405,13:08:09,7.86,0.0,7,5502,买盘
1406,13:08:15,7.85,-0.01,12,9420,卖盘
1407,13:08:42,7.84,-0.01,40,31398,卖盘
1408,13:08:45,7.86,0.02,3,2358,买盘
1409,13:08:48,7.86,0.0,10,7860,买盘
1410,13:09:00,7.86,0.0,35,27510,买盘
1411,13:09:06,7.86,0.0,15,11780,买盘
1412,13:09:09,7.86,0.0,5,3930,买盘
1413,13:09:12,7.86,0.0,59,46374,买盘
1414,13:09:18,7.85,-0.01,12,9430,卖盘
1415,13:09:21,7.85,0.0,3,2355,卖盘
1416,13:09:48,7.86,0.01,73,57378,买盘
1417,13:09:51,7.86,0.0,10,7860,买盘
1418,13:10:03,7.85,-0.01,9,7065,卖盘
1419,13:10:12,7.86,0.01,1,786,买盘
1420,13:10:27,7.85,-0.01,80,62800,卖盘
1421,13:10:30,7.85,0.0,2,1570,卖盘
1422,13:10:42,7.85,0.0,5,3925,卖盘
1423,13:10:57,7.86,0.01,10,7860,买盘
1424,13:11:00,7.86,0.0,10,7860,买盘
1425,13:11:09,7.85,-0.01,158,124090,卖盘
1426,13:11:12,7.85,0.0,16,12560,卖盘
1427,13:11:28,7.84,-0.01,9,7056,卖盘
1428,13:11:33,7.85,0.01,6,4710,买盘
1429,13:11:40,7.83,-0.02,824,645356,卖盘
1430,13:12:09,7.82,-0.01,323,252608,卖盘
1431,13:12:15,7.83,0.01,9,7047,卖盘
1432,13:12:24,7.82,-0.01,20,15651,卖盘
1433,13:12:30,7.82,0.0,30,23460,卖盘
1434,13:12:39,7.83,0.01,7,5481,卖盘
1435,13:12:45,7.83,0.0,2,1566,买盘
1436,13:12:51,7.84,0.01,10,7840,买盘
1437,13:12:57,7.82,-0.02,67,52407,卖盘
1438,13:13:04,7.82,0.0,2,1564,卖盘
1439,13:13:12,7.83,0.01,3,2349,买盘
1440,13:13:15,7.82,-0.01,3,2346,卖盘
1441,13:13:18,7.85,0.03,100,78410,买盘
1442,13:13:42,7.83,-0.02,5,3915,卖盘
1443,13:13:45,7.83,0.0,1,783,买盘
1444,13:13:54,7.83,0.0,3,2349,买盘
1445,13:14:04,7.85,0.02,30,23550,买盘
1446,13:14:33,7.84,-0.01,4,3136,买盘
1447,13:14:39,7.85,0.01,10,7850,买盘
1448,13:15:06,7.84,-0.01,1,784,卖盘
1449,13:15:09,7.84,0.0,1,784,卖盘
1450,13:15:12,7.84,0.0,10,7840,卖盘
1451,13:15:15,7.84,0.0,1,784,卖盘
1452,13:15:18,7.84,0.0,1,784,卖盘
1453,13:15:22,7.84,0.0,2,1568,卖盘
1454,13:15:25,7.83,-0.01,2,1566,卖盘
1455,13:15:33,7.83,0.0,4,3132,卖盘
1456,13:15:36,7.83,0.0,6,4698,卖盘
1457,13:15:39,7.83,0.0,9,7047,卖盘
1458,13:15:42,7.83,0.0,7,5481,卖盘
1459,13:15:45,7.83,0.0,3,2349,卖盘
1460,13:15:48,7.83,0.0,7,5481,卖盘
1461,13:15:51,7.83,0.0,25,19585,卖盘
1462,13:15:55,7.83,0.0,5,3915,卖盘
1463,13:15:58,7.83,0.0,4,3132,卖盘
1464,13:16:00,7.84,0.01,14,10973,买盘
1465,13:16:04,7.84,0.0,3,2352,卖盘
1466,13:16:06,7.84,0.0,2,1568,卖盘
1467,13:16:16,7.85,0.01,24,18826,买盘
1468,13:16:37,7.84,-0.01,21,16464,买盘
1469,13:16:39,7.83,-0.01,2,1566,卖盘
1470,13:16:51,7.84,0.01,1,784,买盘
1471,13:16:57,7.83,-0.01,138,108054,卖盘
1472,13:17:06,7.83,0.0,18,14094,买盘
1473,13:17:12,7.83,0.0,9,7047,买盘
1474,13:17:21,7.82,-0.01,9,7038,卖盘
1475,13:17:33,7.83,0.01,19,14877,买盘
1476,13:17:42,7.83,0.0,3,2349,买盘
1477,13:17:51,7.82,-0.01,43,33626,卖盘
1478,13:18:00,7.83,0.01,10,7830,买盘
1479,13:18:06,7.83,0.0,49,38328,买盘
1480,13:18:09,7.83,0.0,10,7830,买盘
1481,13:18:28,7.82,-0.01,9,7038,卖盘
1482,13:18:42,7.82,0.0,3,2346,卖盘
1483,13:18:51,7.82,0.0,3,2346,卖盘
1484,13:19:04,7.82,0.0,2,1564,卖盘
1485,13:19:09,7.82,0.0,40,31280,卖盘
1486,13:19:27,7.82,0.0,1,782,卖盘
1487,13:19:30,7.83,0.01,61,47763,买盘
1488,13:19:51,7.83,0.0,14,10967,卖盘
1489,13:19:57,7.83,0.0,51,39933,卖盘
1490,13:20:04,7.83,0.0,6,4698,卖盘
1491,13:20:06,7.83,0.0,10,7830,买盘
1492,13:20:15,7.82,-0.01,10,7820,卖盘
1493,13:20:24,7.83,0.01,12,9389,买盘
1494,13:20:33,7.82,-0.01,100,78200,卖盘
1495,13:20:39,7.82,0.0,239,186898,卖盘
1496,13:20:42,7.82,0.0,50,39100,卖盘
1497,13:20:54,7.83,0.01,4,3132,买盘
1498,13:20:58,7.82,-0.01,9,7038,卖盘
1499,13:21:12,7.82,0.0,127,99314,卖盘
1500,13:21:15,7.82,0.0,26,19902,卖盘
1501,13:21:24,7.81,-0.01,2,1562,卖盘
1502,13:21:33,7.82,0.01,25,19535,买盘
1503,13:21:36,7.82,0.0,10,7820,买盘
1504,13:21:42,7.82,0.0,8,6686,买盘
1505,13:22:04,7.82,0.0,5,3910,卖盘
1506,13:22:06,7.83,0.01,209,163638,买盘
1507,13:22:18,7.82,-0.01,50,39100,卖盘
1508,13:22:24,7.82,0.0,549,428888,卖盘
1509,13:22:36,7.81,-0.01,3,2344,卖盘
1510,13:22:42,7.81,0.0,20,15620,卖盘
1511,13:22:55,7.82,0.01,200,156400,买盘
1512,13:22:58,7.82,0.0,20,15640,买盘
1513,13:23:00,7.82,0.0,22,17634,买盘
1514,13:23:16,7.83,0.01,10,7830,买盘
1515,13:23:21,7.82,-0.01,20,15640,卖盘
1516,13:23:24,7.82,0.0,9,7038,卖盘
1517,13:23:51,7.82,0.0,2,1564,卖盘
1518,13:24:12,7.82,0.0,2,1564,卖盘
1519,13:24:27,7.82,0.0,9,7038,卖盘
1520,13:24:42,7.83,0.01,50,39150,买盘
1521,13:24:45,7.82,-0.01,30,23480,卖盘
1522,13:25:03,7.82,0.0,3,2346,卖盘
1523,13:25:15,7.82,0.0,11,8602,卖盘
1524,13:25:18,7.82,0.0,142,111044,卖盘
1525,13:25:24,7.83,0.01,10,7830,买盘
1526,13:25:34,7.82,-0.01,12,9384,卖盘
1527,13:25:40,7.82,0.0,28,21896,卖盘
1528,13:25:54,7.82,0.0,9,7038,卖盘
1529,13:26:06,7.83,0.01,37,28936,买盘
1530,13:26:09,7.82,-0.01,8,6256,卖盘
1531,13:26:15,7.82,0.0,72,55874,卖盘
1532,13:26:30,7.82,0.0,200,156400,买盘
1533,13:26:37,7.81,-0.01,35,27335,卖盘
1534,13:26:42,7.82,0.01,100,78200,买盘
1535,13:27:04,7.82,0.0,57,44574,买盘
1536,13:27:10,7.81,-0.01,9,7029,卖盘
1537,13:27:28,7.81,0.0,2,1562,卖盘
1538,13:27:36,7.81,0.0,24,18744,卖盘
1539,13:27:49,7.81,0.0,300,234300,卖盘
1540,13:28:03,7.81,0.0,48,37488,卖盘
1541,13:28:09,7.81,0.0,10,7810,卖盘
1542,13:28:15,7.81,0.0,300,234300,卖盘
1543,13:28:27,7.81,0.0,26,20306,卖盘
1544,13:28:30,7.81,0.0,5,3905,买盘
1545,13:28:33,7.81,0.0,42,32802,买盘
1546,13:28:36,7.8,-0.01,30,23418,卖盘
1547,13:28:54,7.81,0.01,30,23430,买盘
1548,13:29:24,7.82,0.01,9,7038,买盘
1549,13:29:30,7.8,-0.02,139,108545,卖盘
1550,13:29:39,7.8,0.0,72,56160,卖盘
1551,13:29:42,7.8,0.0,1,780,卖盘
1552,13:29:48,7.8,0.0,12,9360,卖盘
1553,13:29:51,7.8,0.0,2,1560,卖盘
1554,13:30:37,7.81,0.01,50,39050,卖盘
1555,13:30:42,7.81,0.0,49,38269,卖盘
1556,13:30:45,7.81,0.0,35,27335,买盘
1557,13:31:00,7.8,-0.01,5,3900,卖盘
1558,13:31:04,7.8,0.0,3,2340,卖盘
1559,13:31:06,7.81,0.01,2,1562,买盘
1560,13:31:21,7.81,0.0,6,4686,买盘
1561,13:31:24,7.81,0.0,44,34364,买盘
1562,13:31:36,7.81,0.0,380,296780,买盘
1563,13:31:51,7.82,0.01,112,87572,买盘
1564,13:31:57,7.81,-0.01,9,7029,卖盘
1565,13:32:09,7.82,0.01,100,78200,买盘
1566,13:32:16,7.81,-0.01,2,1562,卖盘
1567,13:32:31,7.81,0.0,15,11715,卖盘
1568,13:32:33,7.81,0.0,52,40612,卖盘
1569,13:32:48,7.82,0.01,100,78200,买盘
1570,13:32:51,7.81,-0.01,9,7029,卖盘
1571,13:32:58,7.81,0.0,30,23430,卖盘
1572,13:33:00,7.81,0.0,8,6248,卖盘
1573,13:33:06,7.81,0.0,20,15620,卖盘
1574,13:33:09,7.81,0.0,36,28116,卖盘
1575,13:33:12,7.81,0.0,222,173382,卖盘
1576,13:33:15,7.81,0.0,10,7810,买盘
1577,13:33:27,7.81,0.0,12,9370,买盘
1578,13:33:30,7.8,-0.01,10,7800,卖盘
1579,13:33:34,7.8,0.0,96,74900,卖盘
1580,13:33:37,7.81,0.01,12,9372,买盘
1581,13:33:45,7.8,-0.01,11,8580,卖盘
1582,13:33:57,7.81,0.01,10,7810,买盘
1583,13:34:09,7.8,-0.01,9,7020,卖盘
1584,13:34:12,7.8,0.0,1,780,卖盘
1585,13:34:24,7.8,0.0,1,780,卖盘
1586,13:34:27,7.8,0.0,132,102960,卖盘
1587,13:34:30,7.8,0.0,210,163810,卖盘
1588,13:34:33,7.8,0.0,279,217620,卖盘
1589,13:34:36,7.8,0.0,400,312002,卖盘
1590,13:34:40,7.8,0.0,82,63960,卖盘
1591,13:34:42,7.8,0.0,36,28089,卖盘
1592,13:34:45,7.8,0.0,70,54600,买盘
1593,13:34:51,7.79,-0.01,67,52193,卖盘
1594,13:34:54,7.79,0.0,24,18696,卖盘
1595,13:35:00,7.79,0.0,33,25707,卖盘
1596,13:35:06,7.79,0.0,120,93366,买盘
1597,13:35:15,7.78,-0.01,453,352445,卖盘
1598,13:35:18,7.77,-0.01,105,81585,卖盘
1599,13:35:21,7.77,0.0,3,2331,买盘
1600,13:35:24,7.76,-0.01,109,84584,卖盘
1601,13:35:27,7.75,-0.01,567,439516,卖盘
1602,13:35:33,7.75,0.0,20,15500,买盘
1603,13:35:36,7.74,-0.01,139,107661,卖盘
1604,13:35:39,7.75,0.01,20,15500,买盘
1605,13:35:49,7.73,-0.02,114,88169,卖盘
1606,13:35:57,7.73,0.0,24,18552,卖盘
1607,13:36:00,7.73,0.0,98,75812,卖盘
1608,13:36:03,7.73,0.0,4,3095,中性盘
1609,13:36:06,7.74,0.01,8,6190,买盘
1610,13:36:09,7.74,0.0,19,14706,买盘
1611,13:36:13,7.74,0.0,81,62694,买盘
1612,13:36:15,7.75,0.01,7,5425,买盘
1613,13:36:18,7.75,0.0,46,35624,买盘
1614,13:36:21,7.75,0.0,1,775,买盘
1615,13:36:27,7.76,0.01,10,7751,买盘
1616,13:36:31,7.76,0.0,1,776,买盘
1617,13:36:33,7.76,0.0,35,27160,买盘
1618,13:36:42,7.78,0.02,11,8558,买盘
1619,13:36:48,7.78,0.0,1,778,买盘
1620,13:36:51,7.76,-0.02,10,7760,卖盘
1621,13:36:58,7.77,0.01,10,7770,买盘
1622,13:37:01,7.78,0.01,5,3888,买盘
1623,13:37:04,7.77,-0.01,23,17871,中性盘
1624,13:37:12,7.77,0.0,10,7770,卖盘
1625,13:37:21,7.77,0.0,5,3885,卖盘
1626,13:37:27,7.77,0.0,5,3885,卖盘
1627,13:37:30,7.77,0.0,2,1554,卖盘
1628,13:37:57,7.77,0.0,9,6993,卖盘
1629,13:38:09,7.77,0.0,4,3108,卖盘
1630,13:38:13,7.77,0.0,23,17871,买盘
1631,13:38:16,7.77,0.0,2,1554,卖盘
1632,13:38:21,7.77,0.0,7,5439,卖盘
1633,13:38:33,7.77,0.0,17,13209,卖盘
1634,13:38:36,7.77,0.0,9,6993,卖盘
1635,13:38:48,7.76,-0.01,11,8536,卖盘
1636,13:38:52,7.77,0.01,41,31857,买盘
1637,13:38:54,7.77,0.0,10,7770,买盘
1638,13:39:06,7.77,0.0,27,20979,买盘
1639,13:39:09,7.76,-0.01,9,6984,卖盘
1640,13:39:12,7.77,0.01,3,2331,买盘
1641,13:39:15,7.76,-0.01,30,23280,卖盘
1642,13:39:18,7.77,0.01,15,11655,买盘
1643,13:39:22,7.76,-0.01,27,20959,卖盘
1644,13:39:28,7.77,0.01,18,13984,买盘
1645,13:39:48,7.77,0.0,5,3885,卖盘
1646,13:40:06,7.77,0.0,19,14763,卖盘
1647,13:40:09,7.77,0.0,152,118104,卖盘
1648,13:40:12,7.77,0.0,9,6993,买盘
1649,13:40:21,7.76,-0.01,9,6984,卖盘
1650,13:40:33,7.77,0.01,20,15540,买盘
1651,13:40:36,7.77,0.0,1,777,买盘
1652,13:40:39,7.77,0.0,2,1554,卖盘
1653,13:40:48,7.76,-0.01,13,10088,卖盘
1654,13:40:52,7.77,0.01,13,10101,卖盘
1655,13:40:58,7.77,0.0,204,158518,卖盘
1656,13:41:00,7.77,0.0,20,15540,买盘
1657,13:41:12,7.77,0.0,26,20202,买盘
1658,13:41:15,7.76,-0.01,215,166840,卖盘
1659,13:41:21,7.76,0.0,113,87688,卖盘
1660,13:41:24,7.76,0.0,52,40352,买盘
1661,13:41:33,7.76,0.0,4,3104,买盘
1662,13:41:36,7.76,0.0,19,14735,买盘
1663,13:41:51,7.75,-0.01,2,1550,卖盘
1664,13:42:00,7.76,0.01,2,1552,买盘
1665,13:42:09,7.76,0.0,19,14744,买盘
1666,13:42:24,7.77,0.01,22,17094,买盘
1667,13:42:27,7.77,0.0,132,102564,买盘
1668,13:42:30,7.77,0.0,25,19425,买盘
1669,13:42:33,7.77,0.0,5,3885,买盘
1670,13:42:39,7.77,0.0,34,26418,买盘
1671,13:42:42,7.77,0.0,10,7770,卖盘
1672,13:42:45,7.77,0.0,9,6993,卖盘
1673,13:42:52,7.77,0.0,89,69153,卖盘
1674,13:42:57,7.77,0.0,2,1554,卖盘
1675,13:43:04,7.78,0.01,22,17113,买盘
1676,13:43:12,7.78,0.0,17,13226,买盘
1677,13:43:21,7.78,0.0,388,301558,买盘
1678,13:43:39,7.78,0.0,85,66121,买盘
1679,13:43:45,7.78,0.0,10,7780,买盘
1680,13:43:48,7.78,0.0,4,3112,买盘
1681,13:43:54,7.77,-0.01,16,12432,卖盘
1682,13:44:00,7.78,0.01,2,1556,买盘
1683,13:44:06,7.78,0.0,54,42012,买盘
1684,13:44:15,7.78,0.0,2,1556,卖盘
1685,13:44:27,7.78,0.0,1,778,卖盘
1686,13:44:30,7.79,0.01,15,11685,买盘
1687,13:44:54,7.78,-0.01,5,3890,卖盘
1688,13:44:57,7.79,0.01,17,13234,买盘
1689,13:45:09,7.79,0.0,13,10127,买盘
1690,13:45:15,7.79,0.0,110,85690,买盘
1691,13:45:21,7.79,0.0,9,7011,买盘
1692,13:45:27,7.78,-0.01,2,1556,卖盘
1693,13:45:33,7.79,0.01,15,11685,买盘
1694,13:45:40,7.79,0.0,5,3895,买盘
1695,13:45:49,7.79,0.0,25,19475,买盘
1696,13:45:51,7.79,0.0,47,36613,买盘
1697,13:46:10,7.8,0.01,34,26520,买盘
1698,13:46:16,7.79,-0.01,1,779,卖盘
1699,13:46:18,7.79,0.0,1,779,卖盘
1700,13:46:21,7.79,0.0,10,7790,卖盘
1701,13:46:24,7.79,0.0,1,779,卖盘
1702,13:46:27,7.79,0.0,1,779,卖盘
1703,13:46:30,7.79,0.0,6,4674,卖盘
1704,13:46:33,7.79,0.0,1,779,卖盘
1705,13:46:37,7.79,0.0,1,779,卖盘
1706,13:46:39,7.79,0.0,53,41287,卖盘
1707,13:46:42,7.8,0.01,6,4679,买盘
1708,13:46:45,7.79,-0.01,18,14022,卖盘
1709,13:46:51,7.78,-0.01,8,6229,卖盘
1710,13:47:00,7.78,0.0,17,13226,卖盘
1711,13:47:24,7.79,0.01,24,18696,买盘
1712,13:47:39,7.83,0.04,2222,1738820,买盘
1713,13:47:46,7.83,0.0,1,783,卖盘
1714,13:47:48,7.83,0.0,6,4698,卖盘
1715,13:48:00,7.83,0.0,2,1566,买盘
1716,13:48:03,7.83,0.0,1,783,卖盘
1717,13:48:06,7.83,0.0,19,14877,卖盘
1718,13:48:12,7.83,0.0,2,1566,卖盘
1719,13:48:16,7.83,0.0,23,18009,卖盘
1720,13:48:21,7.83,0.0,7,5481,买盘
1721,13:48:30,7.83,0.0,1,783,买盘
1722,13:48:39,7.83,0.0,15,11745,买盘
1723,13:48:42,7.83,0.0,15,11745,买盘
1724,13:48:45,7.79,-0.04,9,7011,卖盘
1725,13:48:54,7.82,0.03,20,15640,买盘
1726,13:48:57,7.82,0.0,10,7820,买盘
1727,13:49:04,7.82,0.0,2,1564,卖盘
1728,13:49:33,7.82,0.0,15,11730,卖盘
1729,13:49:36,7.83,0.01,1506,1178165,买盘
1730,13:49:51,7.84,0.01,96,75264,买盘
1731,13:49:54,7.83,-0.01,10,7830,卖盘
1732,13:49:58,7.83,0.0,9,7047,卖盘
1733,13:50:01,7.83,0.0,50,39150,卖盘
1734,13:50:04,7.84,0.01,99,77616,买盘
1735,13:50:06,7.84,0.0,1,784,买盘
1736,13:50:09,7.84,0.0,5,3920,买盘
1737,13:50:12,7.84,0.0,88,68992,买盘
1738,13:50:15,7.83,-0.01,3,2349,卖盘
1739,13:50:18,7.84,0.01,2,1568,买盘
1740,13:50:24,7.83,-0.01,124,97102,卖盘
1741,13:50:31,7.84,0.01,5,3920,买盘
1742,13:50:33,7.84,0.0,10,7840,买盘
1743,13:50:42,7.84,0.0,20,15680,买盘
1744,13:50:48,7.84,0.0,10,7840,买盘
1745,13:50:54,7.84,0.0,100,78400,买盘
1746,13:50:57,7.84,0.0,13,10192,买盘
1747,13:51:00,7.84,0.0,69,54096,买盘
1748,13:51:06,7.84,0.0,9,7056,卖盘
1749,13:51:12,7.84,0.0,19,14896,卖盘
1750,13:51:21,7.84,0.0,50,39200,卖盘
1751,13:51:27,7.84,0.0,2,1568,卖盘
1752,13:51:39,7.84,0.0,15,11763,卖盘
1753,13:51:42,7.85,0.01,1,785,买盘
1754,13:52:15,7.84,-0.01,1,784,卖盘
1755,13:52:21,7.84,0.0,47,36848,卖盘
1756,13:52:28,7.84,0.0,2,1568,买盘
1757,13:52:39,7.84,0.0,2,1568,卖盘
1758,13:52:45,7.84,0.0,24,18816,卖盘
1759,13:52:48,7.84,0.0,10,7840,买盘
1760,13:52:51,7.84,0.0,7,5488,买盘
1761,13:52:57,7.83,-0.01,10,7839,卖盘
1762,13:53:06,7.84,0.01,10,7840,买盘
1763,13:53:09,7.84,0.0,5,3920,买盘
1764,13:53:12,7.84,0.0,6,4704,买盘
1765,13:53:15,7.83,-0.01,6,4698,卖盘
1766,13:53:25,7.83,0.0,9,7047,卖盘
1767,13:53:42,7.84,0.01,60,47040,买盘
1768,13:53:51,7.83,-0.01,2,1566,卖盘
1769,13:53:57,7.84,0.01,1,784,买盘
1770,13:54:21,7.84,0.0,22,17248,买盘
1771,13:54:40,7.84,0.0,1,784,买盘
1772,13:54:48,7.83,-0.01,9,7047,卖盘
1773,13:54:54,7.83,0.0,13,10182,卖盘
1774,13:54:57,7.84,0.01,10,7840,买盘
1775,13:55:03,7.83,-0.01,2,1566,卖盘
1776,13:55:24,7.83,0.0,5,3915,卖盘
1777,13:55:39,7.83,0.0,37,28971,卖盘
1778,13:55:45,7.83,0.0,178,139374,卖盘
1779,13:55:52,7.83,0.0,15,11745,卖盘
1780,13:55:57,7.83,0.0,57,44631,卖盘
1781,13:56:01,7.83,0.0,1,783,买盘
1782,13:56:15,7.82,-0.01,7,5478,卖盘
1783,13:56:33,7.83,0.01,22,17206,买盘
1784,13:56:36,7.82,-0.01,111,86802,卖盘
1785,13:56:39,7.83,0.01,10,7830,买盘
1786,13:57:12,7.83,0.0,21,16434,买盘
1787,13:57:15,7.82,-0.01,24,18768,卖盘
1788,13:57:21,7.83,0.01,10,7830,买盘
1789,13:57:27,7.82,-0.01,2,1564,卖盘
1790,13:57:48,7.82,0.0,36,28152,卖盘
1791,13:57:54,7.82,0.0,2,1564,卖盘
1792,13:57:57,7.83,0.01,10,7830,买盘
1793,13:58:00,7.82,-0.01,9,7038,卖盘
1794,13:58:07,7.82,0.0,9,7038,卖盘
1795,13:58:13,7.82,0.0,7,5474,卖盘
1796,13:58:19,7.82,0.0,50,39100,卖盘
1797,13:58:21,7.83,0.01,3,2347,买盘
1798,13:58:30,7.82,-0.01,50,39100,卖盘
1799,13:58:39,7.82,0.0,2,1564,卖盘
1800,13:58:48,7.82,0.0,51,39882,卖盘
1801,13:59:12,7.82,0.0,328,256496,卖盘
1802,13:59:33,7.81,-0.01,9,7029,卖盘
1803,13:59:51,7.81,0.0,2,1562,卖盘
1804,13:59:54,7.81,0.0,3,2343,卖盘
1805,14:00:03,7.81,0.0,20,15620,卖盘
1806,14:00:15,7.81,0.0,7,5467,卖盘
1807,14:00:48,7.81,0.0,9,7029,卖盘
1808,14:00:54,7.82,0.01,6,4692,买盘
1809,14:00:57,7.81,-0.01,2,1562,卖盘
1810,14:01:04,7.81,0.0,2,1562,卖盘
1811,14:01:06,7.82,0.01,20,15640,买盘
1812,14:01:21,7.82,0.0,122,95404,买盘
1813,14:01:28,7.81,-0.01,163,127303,卖盘
1814,14:02:00,7.81,0.0,39,30459,卖盘
1815,14:02:15,7.81,0.0,3,2343,卖盘
1816,14:02:33,7.82,0.01,27,21114,买盘
1817,14:02:51,7.81,-0.01,339,265089,卖盘
1818,14:02:54,7.8,-0.01,91,71005,卖盘
1819,14:03:00,7.8,0.0,9,7020,买盘
1820,14:03:12,7.81,0.01,1,781,卖盘
1821,14:03:27,7.8,-0.01,2,1560,卖盘
1822,14:03:36,7.8,0.0,2,1560,卖盘
1823,14:03:46,7.81,0.01,48,37488,买盘
1824,14:04:00,7.81,0.0,37,28897,卖盘
1825,14:04:06,7.81,0.0,19,14839,卖盘
1826,14:04:21,7.81,0.0,9,7029,卖盘
1827,14:04:39,7.81,0.0,2,1562,卖盘
1828,14:05:27,7.81,0.0,202,157962,卖盘
1829,14:05:36,7.81,0.0,9,7029,卖盘
1830,14:05:42,7.81,0.0,38,29678,卖盘
1831,14:05:51,7.81,0.0,2,1562,卖盘
1832,14:06:00,7.81,0.0,10,7810,卖盘
1833,14:06:04,7.82,0.01,321,251022,买盘
1834,14:06:12,7.82,0.0,50,39100,卖盘
1835,14:06:27,7.82,0.0,15,11730,卖盘
1836,14:06:42,7.83,0.01,42,32886,买盘
1837,14:06:46,7.83,0.0,27,21141,买盘
1838,14:06:51,7.83,0.0,66,51678,买盘
1839,14:06:54,7.83,0.0,31,24273,买盘
1840,14:07:04,7.82,-0.01,2,1564,卖盘
1841,14:07:06,7.83,0.01,5,3915,买盘
1842,14:07:12,7.83,0.0,66,51678,买盘
1843,14:07:22,7.83,0.0,21,16443,卖盘
1844,14:07:39,7.83,0.0,9,7047,卖盘
1845,14:07:48,7.84,0.01,15,11760,买盘
1846,14:08:04,7.84,0.0,27,21168,买盘
1847,14:08:15,7.83,-0.01,25,19585,卖盘
1848,14:08:21,7.84,0.01,13,10192,买盘
1849,14:08:30,7.84,0.0,34,26656,买盘
1850,14:08:33,7.84,0.0,5,3920,买盘
1851,14:08:36,7.84,0.0,50,39200,买盘
1852,14:08:39,7.84,0.0,67,52528,买盘
1853,14:08:57,7.84,0.0,10,7840,卖盘
1854,14:09:12,7.84,0.0,8,6272,卖盘
1855,14:09:18,7.85,0.01,123,96555,买盘
1856,14:09:24,7.85,0.0,30,23550,买盘
1857,14:09:27,7.84,-0.01,3,2352,卖盘
1858,14:09:30,7.84,0.0,35,27473,卖盘
1859,14:09:34,7.85,0.01,10,7850,买盘
1860,14:09:37,7.85,0.0,8,6280,买盘
1861,14:09:54,7.84,-0.01,10,7840,卖盘
1862,14:09:57,7.85,0.01,198,155430,买盘
1863,14:10:09,7.85,0.0,2,1570,卖盘
1864,14:10:30,7.85,0.0,13,10205,买盘
1865,14:10:39,7.84,-0.01,2,1568,卖盘
1866,14:11:04,7.85,0.01,30,23550,买盘
1867,14:11:15,7.85,0.0,11,8635,买盘
1868,14:11:21,7.85,0.0,10,7850,买盘
1869,14:11:24,7.85,0.0,1,785,买盘
1870,14:11:30,7.85,0.0,6,4710,买盘
1871,14:11:36,7.85,0.0,5,3925,卖盘
1872,14:11:45,7.85,0.0,8,6280,买盘
1873,14:11:51,7.85,0.0,2,1570,卖盘
1874,14:12:09,7.85,0.0,30,23550,卖盘
1875,14:12:12,7.85,0.0,1,785,卖盘
1876,14:12:21,7.86,0.01,14,11004,买盘
1877,14:12:43,7.86,0.0,2,1572,买盘
1878,14:12:45,7.85,-0.01,9,7065,卖盘
1879,14:12:51,7.86,0.01,9,7074,买盘
1880,14:12:54,7.85,-0.01,10,7850,卖盘
1881,14:13:03,7.85,0.0,2,1570,卖盘
1882,14:13:18,7.86,0.01,14,11004,买盘
1883,14:13:21,7.85,-0.01,20,15700,卖盘
1884,14:13:24,7.86,0.01,140,110040,买盘
1885,14:13:39,7.85,-0.01,9,7065,卖盘
1886,14:13:42,7.86,0.01,6,4716,买盘
1887,14:13:46,7.86,0.0,14,11004,买盘
1888,14:13:51,7.86,0.0,17,13362,买盘
1889,14:14:15,7.85,-0.01,2,1570,卖盘
1890,14:14:19,7.86,0.01,3,2358,买盘
1891,14:14:30,7.85,-0.01,100,78500,卖盘
1892,14:14:33,7.85,0.0,5,3925,卖盘
1893,14:14:36,7.86,0.01,1,786,买盘
1894,14:14:39,7.85,-0.01,23,18055,卖盘
1895,14:14:45,7.86,0.01,3,2358,买盘
1896,14:14:51,7.86,0.0,5,3930,买盘
1897,14:14:54,7.85,-0.01,100,78500,卖盘
1898,14:15:09,7.85,0.0,54,42390,卖盘
1899,14:15:21,7.85,0.0,2,1570,买盘
1900,14:15:27,7.84,-0.01,3,2352,卖盘
1901,14:15:33,7.85,0.01,45,35325,买盘
1902,14:15:39,7.85,0.0,26,20410,卖盘
1903,14:15:45,7.84,-0.01,50,39200,卖盘
1904,14:16:21,7.84,0.0,18,14112,卖盘
1905,14:16:39,7.84,0.0,2,1568,卖盘
1906,14:16:42,7.85,0.01,350,274750,买盘
1907,14:17:24,7.84,-0.01,10,7841,卖盘
1908,14:17:27,7.85,0.01,3,2355,买盘
1909,14:17:39,7.85,0.0,10,7850,买盘
1910,14:17:46,7.85,0.0,13,10205,买盘
1911,14:17:51,7.84,-0.01,2,1568,卖盘
1912,14:18:18,7.84,0.0,20,15680,卖盘
1913,14:18:37,7.84,0.0,31,24304,卖盘
1914,14:18:45,7.84,0.0,9,7056,卖盘
1915,14:18:48,7.84,0.0,5,3920,卖盘
1916,14:19:04,7.84,0.0,2,1568,卖盘
1917,14:19:06,7.84,0.0,10,7840,卖盘
1918,14:19:18,7.84,0.0,125,98000,卖盘
1919,14:19:42,7.84,0.0,14,10976,卖盘
1920,14:19:45,7.84,0.0,11,8624,卖盘
1921,14:19:57,7.84,0.0,6,4704,卖盘
1922,14:20:15,7.83,-0.01,2,1566,卖盘
1923,14:21:00,7.83,0.0,131,102573,卖盘
1924,14:21:09,7.83,0.0,9,7047,卖盘
1925,14:21:13,7.83,0.0,33,25839,卖盘
1926,14:21:30,7.82,-0.01,3,2346,卖盘
1927,14:22:21,7.82,0.0,9,7038,卖盘
1928,14:22:27,7.83,0.01,10,7830,买盘
1929,14:22:39,7.82,-0.01,2,1564,卖盘
1930,14:23:15,7.82,0.0,9,7038,卖盘
1931,14:23:18,7.83,0.01,20,15660,买盘
1932,14:23:30,7.83,0.0,6,4698,买盘
1933,14:23:36,7.82,-0.01,12,9384,卖盘
1934,14:23:48,7.82,0.0,100,78200,卖盘
1935,14:23:51,7.82,0.0,2,1564,卖盘
1936,14:23:54,7.83,0.01,4,3132,买盘
1937,14:23:57,7.83,0.0,10,7830,买盘
1938,14:24:12,7.83,0.0,3,2349,买盘
1939,14:24:39,7.82,-0.01,9,7038,卖盘
1940,14:25:04,7.82,0.0,2,1564,卖盘
1941,14:25:07,7.83,0.01,20,15660,买盘
1942,14:25:15,7.84,0.01,211,165419,买盘
1943,14:25:42,7.85,0.01,30,23550,买盘
1944,14:25:57,7.84,-0.01,9,7056,卖盘
1945,14:26:04,7.84,0.0,60,47040,卖盘
1946,14:26:06,7.85,0.01,6,4710,买盘
1947,14:26:15,7.84,-0.01,2,1568,卖盘
1948,14:26:27,7.84,0.0,180,141120,卖盘
1949,14:26:30,7.84,0.0,3,2352,买盘
1950,14:26:36,7.84,0.0,1,784,买盘
1951,14:26:39,7.84,0.0,59,46256,买盘
1952,14:26:54,7.84,0.0,27,21168,买盘
1953,14:27:00,7.84,0.0,13,10192,买盘
1954,14:27:03,7.83,-0.01,9,7047,卖盘
1955,14:27:27,7.83,0.0,3,2349,卖盘
1956,14:28:12,7.84,0.01,42,32928,买盘
1957,14:28:15,7.83,-0.01,50,39150,卖盘
1958,14:28:21,7.83,0.0,9,7047,卖盘
1959,14:28:30,7.84,0.01,24,18816,买盘
1960,14:28:37,7.84,0.0,20,15680,买盘
1961,14:28:39,7.83,-0.01,2,1566,卖盘
1962,14:28:42,7.84,0.01,42,32928,买盘
1963,14:28:45,7.84,0.0,13,10192,买盘
1964,14:29:00,7.84,0.0,24,18812,买盘
1965,14:29:21,7.83,-0.01,9,7047,卖盘
1966,14:29:30,7.83,0.0,20,15670,卖盘
1967,14:29:42,7.84,0.01,13,10192,买盘
1968,14:29:45,7.84,0.0,25,19600,买盘
1969,14:29:51,7.84,0.0,2,1568,卖盘
1970,14:30:24,7.85,0.01,27,21195,买盘
1971,14:30:30,7.84,-0.01,20,15680,卖盘
1972,14:30:49,7.84,0.0,9,7056,卖盘
1973,14:31:04,7.84,0.0,2,1568,卖盘
1974,14:31:12,7.85,0.01,35,27475,买盘
1975,14:31:21,7.85,0.0,44,34540,买盘
1976,14:31:27,7.85,0.0,48,37680,买盘
1977,14:31:36,7.85,0.0,1,785,买盘
1978,14:32:00,7.86,0.01,17,13353,买盘
1979,14:32:03,7.85,-0.01,10,7850,卖盘
1980,14:32:06,7.85,0.0,10,7850,卖盘
1981,14:32:10,7.86,0.01,5,3930,买盘
1982,14:32:15,7.85,-0.01,2,1570,卖盘
1983,14:32:18,7.85,0.0,20,15700,卖盘
1984,14:32:21,7.86,0.01,24,18864,买盘
1985,14:32:33,7.85,-0.01,20,15700,卖盘
1986,14:32:45,7.86,0.01,25,19650,买盘
1987,14:32:51,7.85,-0.01,13,10209,卖盘
1988,14:33:03,7.86,0.01,7,5502,买盘
1989,14:33:18,7.86,0.0,100,78600,买盘
1990,14:33:27,7.85,-0.01,12,9420,卖盘
1991,14:33:30,7.85,0.0,30,23550,卖盘
1992,14:33:33,7.85,0.0,48,37700,卖盘
1993,14:33:36,7.86,0.01,13,10218,买盘
1994,14:33:40,7.85,-0.01,11,8635,卖盘
1995,14:33:45,7.85,0.0,30,23550,卖盘
1996,14:34:00,7.85,0.0,50,39250,卖盘
1997,14:34:09,7.85,0.0,3,2355,卖盘
1998,14:34:12,7.85,0.0,63,49455,卖盘
1999,14:34:15,7.85,0.0,66,51810,卖盘
2000,14:34:18,7.86,0.01,100,78577,买盘
2001,14:34:21,7.85,-0.01,10,7850,中性盘
2002,14:34:27,7.85,0.0,13,10205,卖盘
2003,14:34:30,7.84,-0.01,40,31360,卖盘
2004,14:34:36,7.85,0.01,9,7065,买盘
2005,14:34:39,7.84,-0.01,3,2352,卖盘
2006,14:34:45,7.84,0.0,40,31360,卖盘
2007,14:34:48,7.84,0.0,50,39200,卖盘
2008,14:34:51,7.84,0.0,70,54880,卖盘
2009,14:34:54,7.84,0.0,11,8624,卖盘
2010,14:34:57,7.84,0.0,38,29792,卖盘
2011,14:35:09,7.83,-0.01,94,73686,卖盘
2012,14:35:12,7.83,0.0,793,620919,卖盘
2013,14:35:15,7.84,0.01,30,23520,买盘
2014,14:35:18,7.83,-0.01,9,7047,卖盘
2015,14:35:21,7.83,0.0,190,148770,卖盘
2016,14:35:33,7.82,-0.01,11,8602,卖盘
2017,14:35:42,7.83,0.01,20,15660,买盘
2018,14:35:45,7.83,0.0,8,6264,买盘
2019,14:35:54,7.83,0.0,52,40714,买盘
2020,14:36:06,7.82,-0.01,27,21136,卖盘
2021,14:36:21,7.83,0.01,29,22700,买盘
2022,14:36:30,7.83,0.0,5,3915,买盘
2023,14:36:34,7.82,-0.01,10,7820,卖盘
2024,14:36:36,7.82,0.0,4,3128,卖盘
2025,14:36:42,7.82,0.0,2,1564,卖盘
2026,14:36:51,7.82,0.0,9,7038,卖盘
2027,14:36:57,7.82,0.0,50,39100,卖盘
2028,14:37:00,7.82,0.0,30,23460,卖盘
2029,14:37:06,7.82,0.0,2,1564,卖盘
2030,14:37:09,7.82,0.0,10,7820,卖盘
2031,14:37:15,7.83,0.01,50,39150,买盘
2032,14:37:27,7.82,-0.01,25,19552,卖盘
2033,14:37:39,7.82,0.0,42,32849,卖盘
2034,14:37:46,7.82,0.0,90,70380,卖盘
2035,14:38:00,7.82,0.0,28,21896,卖盘
2036,14:38:15,7.82,0.0,8,6256,买盘
2037,14:38:21,7.82,0.0,5,3910,买盘
2038,14:38:24,7.81,-0.01,80,62486,卖盘
2039,14:38:36,7.82,0.01,17,13294,买盘
2040,14:38:45,7.81,-0.01,27,21087,卖盘
2041,14:38:48,7.82,0.01,38,29716,买盘
2042,14:38:54,7.82,0.0,10,7820,卖盘
2043,14:39:06,7.81,-0.01,50,39052,卖盘
2044,14:39:39,7.81,0.0,100,78100,卖盘
2045,14:40:21,7.81,0.0,45,35145,卖盘
2046,14:40:24,7.81,0.0,12,9372,买盘
2047,14:40:27,7.81,0.0,91,70993,买盘
2048,14:40:30,7.81,0.0,15,11715,买盘
2049,14:40:48,7.81,0.0,20,15620,卖盘
2050,14:40:51,7.83,0.02,1,783,买盘
2051,14:41:00,7.81,-0.02,3,2343,卖盘
2052,14:41:04,7.8,-0.01,238,186218,卖盘
2053,14:41:18,7.8,0.0,170,132609,卖盘
2054,14:41:30,7.8,0.0,23,17940,卖盘
2055,14:41:33,7.82,0.02,34,26588,买盘
2056,14:41:42,7.8,-0.02,10,7800,卖盘
2057,14:41:57,7.8,0.0,95,74100,卖盘
2058,14:42:00,7.8,0.0,1,780,卖盘
2059,14:42:03,7.82,0.02,6,4692,买盘
2060,14:42:18,7.82,0.0,9,7038,卖盘
2061,14:42:39,7.82,0.0,14,10948,卖盘
2062,14:42:52,7.83,0.01,103,80646,买盘
2063,14:43:04,7.82,-0.01,10,7820,卖盘
2064,14:43:24,7.82,0.0,27,21114,买盘
2065,14:43:33,7.82,0.0,2,1564,买盘
2066,14:43:36,7.81,-0.01,1,781,卖盘
2067,14:43:39,7.81,0.0,3,2343,卖盘
2068,14:44:09,7.81,0.0,14,10923,买盘
2069,14:44:15,7.81,0.0,14,10934,买盘
2070,14:44:24,7.81,0.0,6,4686,卖盘
2071,14:44:27,7.82,0.01,22,17204,买盘
2072,14:44:42,7.82,0.0,15,11725,买盘
2073,14:44:48,7.81,-0.01,18,14058,卖盘
2074,14:44:51,7.81,0.0,7,5467,卖盘
2075,14:45:13,7.82,0.01,9,7038,买盘
2076,14:45:16,7.81,-0.01,10,7810,卖盘
2077,14:45:30,7.81,0.0,5,3905,卖盘
2078,14:45:33,7.82,0.01,30,23460,买盘
2079,14:45:37,7.82,0.0,41,32062,买盘
2080,14:45:51,7.82,0.0,11,8602,买盘
2081,14:46:10,7.82,0.0,21,16422,买盘
2082,14:46:30,7.83,0.01,25,19555,买盘
2083,14:46:39,7.81,-0.02,150,117279,卖盘
2084,14:46:42,7.81,0.0,17,13307,卖盘
2085,14:46:54,7.81,0.0,2,1562,卖盘
2086,14:47:09,7.82,0.01,10,7820,买盘
2087,14:47:13,7.81,-0.01,106,82786,卖盘
2088,14:47:36,7.82,0.01,18,14076,买盘
2089,14:47:42,7.81,-0.01,1,781,卖盘
2090,14:48:06,7.82,0.01,42,32822,买盘
2091,14:48:15,7.81,-0.01,192,149952,卖盘
2092,14:48:21,7.81,0.0,45,35145,卖盘
2093,14:48:39,7.82,0.01,10,7820,买盘
2094,14:48:48,7.81,-0.01,40,31240,卖盘
2095,14:48:54,7.81,0.0,12,9372,买盘
2096,14:49:01,7.81,0.0,14,10934,买盘
2097,14:49:06,7.81,0.0,15,11715,买盘
2098,14:49:09,7.81,0.0,15,11715,买盘
2099,14:49:15,7.81,0.0,5,3905,买盘
2100,14:49:24,7.81,0.0,4,3124,买盘
2101,14:49:39,7.8,-0.01,60,46800,卖盘
2102,14:49:45,7.81,0.01,7,5467,买盘
2103,14:49:48,7.81,0.0,20,15620,买盘
2104,14:50:00,7.8,-0.01,15,11700,卖盘
2105,14:50:06,7.8,0.0,2,1560,卖盘
2106,14:50:12,7.81,0.01,20,15610,买盘
2107,14:50:18,7.8,-0.01,15,11700,卖盘
2108,14:50:21,7.8,0.0,142,110760,卖盘
2109,14:50:24,7.8,0.0,45,35100,买盘
2110,14:50:33,7.79,-0.01,7,5453,卖盘
2111,14:50:48,7.79,0.0,152,118486,卖盘
2112,14:50:51,7.8,0.01,18,14040,买盘
2113,14:50:57,7.79,-0.01,9,7011,卖盘
2114,14:51:06,7.79,0.0,128,99712,卖盘
2115,14:51:12,7.79,0.0,14,10913,卖盘
2116,14:51:16,7.8,0.01,186,144919,买盘
2117,14:51:25,7.8,0.0,7,5460,买盘
2118,14:51:42,7.8,0.0,41,31980,买盘
2119,14:51:54,7.8,0.0,38,29640,卖盘
2120,14:51:58,7.8,0.0,2,1560,买盘
2121,14:52:00,7.8,0.0,10,7800,卖盘
2122,14:52:04,7.79,-0.01,28,21825,卖盘
2123,14:52:15,7.8,0.01,127,99031,买盘
2124,14:52:18,7.8,0.0,20,15600,卖盘
2125,14:52:21,7.8,0.0,20,15600,卖盘
2126,14:52:46,7.8,0.0,61,47580,卖盘
2127,14:52:49,7.81,0.01,10,7810,买盘
2128,14:53:03,7.81,0.0,24,18744,买盘
2129,14:53:15,7.8,-0.01,47,36660,卖盘
2130,14:53:19,7.8,0.0,151,117780,卖盘
2131,14:53:25,7.8,0.0,15,11700,买盘
2132,14:53:27,7.8,0.0,30,23400,买盘
2133,14:53:30,7.79,-0.01,10,7790,卖盘
2134,14:53:36,7.79,0.0,10,7790,卖盘
2135,14:53:39,7.8,0.01,14,10920,买盘
2136,14:53:45,7.79,-0.01,238,185402,卖盘
2137,14:53:48,7.79,0.0,4,3116,买盘
2138,14:53:51,7.79,0.0,48,37392,买盘
2139,14:53:58,7.8,0.01,100,77950,买盘
2140,14:54:06,7.79,-0.01,59,45961,卖盘
2141,14:54:09,7.79,0.0,24,18686,买盘
2142,14:54:12,7.79,0.0,23,17904,买盘
2143,14:54:16,7.78,-0.01,49,38152,卖盘
2144,14:54:22,7.79,0.01,7,5453,买盘
2145,14:54:24,7.79,0.0,10,7790,买盘
2146,14:54:27,7.79,0.0,11,8569,买盘
2147,14:54:33,7.79,0.0,274,213446,买盘
2148,14:54:40,7.78,-0.01,160,124630,卖盘
2149,14:54:42,7.79,0.01,16,12464,买盘
2150,14:54:46,7.79,0.0,2,1558,买盘
2151,14:54:51,7.79,0.0,312,243005,买盘
2152,14:54:54,7.79,0.0,13,10127,卖盘
2153,14:54:57,7.79,0.0,20,15575,买盘
2154,14:55:00,7.78,-0.01,25,19450,卖盘
2155,14:55:04,7.79,0.01,40,31160,买盘
2156,14:55:06,7.79,0.0,17,13243,买盘
2157,14:55:13,7.79,0.0,22,17138,卖盘
2158,14:55:22,7.79,0.0,30,23370,卖盘
2159,14:55:24,7.79,0.0,29,22591,卖盘
2160,14:55:27,7.79,0.0,4,3116,卖盘
2161,14:55:30,7.79,0.0,124,96596,卖盘
2162,14:55:33,7.79,0.0,39,30381,买盘
2163,14:55:36,7.79,0.0,271,211350,卖盘
2164,14:55:39,7.8,0.01,39,30384,买盘
2165,14:55:46,7.79,-0.01,16,12464,卖盘
2166,14:55:48,7.79,0.0,1,779,买盘
2167,14:55:51,7.79,0.0,11,8569,买盘
2168,14:55:58,7.79,0.0,35,27265,卖盘
2169,14:56:00,7.78,-0.01,65,50630,卖盘
2170,14:56:15,7.78,0.0,106,82487,卖盘
2171,14:56:18,7.79,0.01,1379,1073105,中性盘
2172,14:56:21,7.79,0.0,158,122848,卖盘
2173,14:56:24,7.78,-0.01,3,2334,买盘
2174,14:56:27,7.78,0.0,8,6224,买盘
2175,14:56:30,7.77,-0.01,30,23310,卖盘
2176,14:56:34,7.78,0.01,1,778,买盘
2177,14:56:37,7.77,-0.01,75,58275,卖盘
2178,14:56:39,7.78,0.01,22,17116,买盘
2179,14:56:48,7.77,-0.01,113,87894,卖盘
2180,14:56:57,7.78,0.01,198,154044,买盘
2181,14:57:00,7.78,0.0,36,27975,买盘
2182,15:00:05,7.77,-0.01,1143,888111,卖盘
