,time,price,change,volume,amount,type
0,09:25:04,8.0,0.02,885,708000,卖盘
1,09:30:01,8.0,0.0,10,8000,买盘
2,09:30:04,7.98,-0.02,1507,1203634,卖盘
3,09:30:07,7.98,0.0,142,113405,卖盘
4,09:30:10,7.95,-0.03,43,34216,中性盘
5,09:30:12,7.95,0.0,2,1590,买盘
6,09:30:15,7.94,-0.01,28,22235,卖盘
7,09:30:19,7.94,0.0,1,794,买盘
8,09:30:22,7.94,0.0,8,6352,买盘
9,09:30:24,7.94,0.0,10,7941,卖盘
10,09:30:27,7.95,0.01,35,27819,买盘
11,09:30:30,7.96,0.01,16,12723,买盘
12,09:30:34,7.96,0.0,4,3184,买盘
13,09:30:40,7.96,0.0,13,10348,买盘
14,09:30:43,7.96,0.0,82,65250,买盘
15,09:30:45,7.96,0.0,1,796,买盘
16,09:30:49,7.96,0.0,17,13588,买盘
17,09:30:57,7.96,0.0,2,1592,卖盘
18,09:31:04,7.98,0.02,11,8777,买盘
19,09:31:06,7.97,-0.01,1,797,卖盘
20,09:31:10,7.99,0.02,191,152190,买盘
21,09:31:13,7.98,-0.01,2,1596,中性盘
22,09:31:16,7.98,0.0,46,36708,买盘
23,09:31:18,7.98,0.0,6,4788,买盘
24,09:31:21,7.99,0.01,354,282820,买盘
25,09:31:24,7.98,-0.01,78,62288,卖盘
26,09:31:28,7.98,0.0,26,20748,买盘
27,09:31:34,7.98,0.0,15,11970,买盘
28,09:31:37,7.98,0.0,5,3990,买盘
29,09:31:39,7.98,0.0,21,16758,买盘
30,09:31:42,7.99,0.01,77,61523,买盘
31,09:31:45,7.99,0.0,20,15970,买盘
32,09:31:49,7.98,-0.01,14,11172,卖盘
33,09:31:55,7.98,0.0,17,13566,买盘
34,09:31:57,7.98,0.0,18,14364,买盘
35,09:32:10,7.99,0.01,28,22367,买盘
36,09:32:13,7.99,0.0,7,5593,买盘
37,09:32:15,7.99,0.0,22,17574,买盘
38,09:32:18,7.98,-0.01,6,4788,卖盘
39,09:32:21,7.99,0.01,99,79046,买盘
40,09:32:24,8.0,0.01,413,330386,买盘
41,09:32:28,8.0,0.0,32,25582,买盘
42,09:32:30,7.99,-0.01,15,11985,卖盘
43,09:32:33,8.0,0.01,22,17600,买盘
44,09:32:36,8.0,0.0,10,8000,买盘
45,09:32:42,8.0,0.0,36,29016,买盘
46,09:32:49,8.01,0.01,20,16020,买盘
47,09:32:51,8.01,0.0,38,30430,买盘
48,09:32:54,8.01,0.0,46,36835,买盘
49,09:32:57,8.01,0.0,15,12015,买盘
50,09:33:00,8.03,0.02,282,226153,买盘
51,09:33:04,8.02,-0.01,26,20854,卖盘
52,09:33:06,8.04,0.02,280,224845,买盘
53,09:33:12,8.03,-0.01,16,12849,卖盘
54,09:33:15,8.04,0.01,213,171242,买盘
55,09:33:18,8.03,-0.01,77,61920,卖盘
56,09:33:21,8.05,0.02,21,16893,买盘
57,09:33:24,8.05,0.0,40,32200,买盘
58,09:33:27,8.05,0.0,143,115038,买盘
59,09:33:30,8.05,0.0,79,63580,买盘
60,09:33:33,8.04,-0.01,55,44232,卖盘
61,09:33:36,8.05,0.01,173,139253,买盘
62,09:33:39,8.04,-0.01,341,273888,卖盘
63,09:33:42,8.02,-0.02,23,18452,卖盘
64,09:33:45,8.03,0.01,32,25698,中性盘
65,09:33:49,8.04,0.01,263,211444,买盘
66,09:33:52,8.04,0.0,6,4824,买盘
67,09:33:55,8.04,0.0,6,4824,买盘
68,09:33:58,8.03,-0.01,2,1606,卖盘
69,09:34:01,8.04,0.01,38,30521,买盘
70,09:34:04,8.03,-0.01,29,23280,买盘
71,09:34:06,8.03,0.0,79,63396,买盘
72,09:34:09,8.01,-0.02,200,160311,卖盘
73,09:34:12,8.03,0.02,30,24090,买盘
74,09:34:19,8.0,-0.03,10,8003,卖盘
75,09:34:22,8.01,0.01,10,8010,买盘
76,09:34:24,8.01,0.0,13,10413,买盘
77,09:34:30,8.0,-0.01,83,66425,卖盘
78,09:34:33,8.01,0.01,33,26433,买盘
79,09:34:36,8.01,0.0,10,8010,买盘
80,09:34:39,8.0,-0.01,16,12812,卖盘
81,09:34:42,8.01,0.01,23,18408,买盘
82,09:34:45,8.0,-0.01,6,4800,卖盘
83,09:34:48,8.01,0.01,41,32841,买盘
84,09:34:51,8.0,-0.01,51,40800,卖盘
85,09:34:54,8.0,0.0,8,6400,卖盘
86,09:34:57,8.0,0.0,23,18407,卖盘
87,09:35:00,8.0,0.0,15,12000,卖盘
88,09:35:04,8.01,0.01,147,117671,买盘
89,09:35:06,8.01,0.0,669,535575,买盘
90,09:35:09,8.01,0.0,6,4806,买盘
91,09:35:12,8.0,-0.01,7,5600,中性盘
92,09:35:15,8.01,0.01,5,4005,买盘
93,09:35:18,8.01,0.0,105,83916,买盘
94,09:35:21,8.0,-0.01,6,4800,卖盘
95,09:35:28,8.0,0.0,22,17600,买盘
96,09:35:31,8.01,0.01,20,16020,买盘
97,09:35:36,8.01,0.0,52,41650,买盘
98,09:35:39,8.01,0.0,47,37618,买盘
99,09:35:42,8.01,0.0,67,53667,卖盘
100,09:35:51,8.02,0.01,151,121094,买盘
101,09:35:54,8.02,0.0,5,4010,卖盘
102,09:36:03,8.03,0.01,202,162206,买盘
103,09:36:06,8.03,0.0,59,47377,卖盘
104,09:36:09,8.02,-0.01,92,73794,卖盘
105,09:36:13,8.02,0.0,15,12030,买盘
106,09:36:15,8.02,0.0,12,9624,买盘
107,09:36:19,8.01,-0.01,42,33664,卖盘
108,09:36:21,8.0,-0.01,289,231379,卖盘
109,09:36:24,8.01,0.01,82,65682,卖盘
110,09:36:27,8.01,0.0,5,4005,买盘
111,09:36:30,8.0,-0.01,92,73600,卖盘
112,09:36:34,8.0,0.0,2,1600,买盘
113,09:36:37,7.99,-0.01,3,2397,卖盘
114,09:36:39,7.99,0.0,52,41568,卖盘
115,09:36:42,8.0,0.01,1,800,买盘
116,09:36:45,7.98,-0.02,409,326583,卖盘
117,09:36:48,7.98,0.0,328,261744,卖盘
118,09:36:51,7.98,0.0,10,7980,买盘
119,09:36:54,7.98,0.0,18,14364,买盘
120,09:36:58,7.97,-0.01,63,50211,卖盘
121,09:37:00,7.97,0.0,142,113174,卖盘
122,09:37:03,7.97,0.0,15,11947,买盘
123,09:37:06,7.97,0.0,2,1594,买盘
124,09:37:09,7.97,0.0,87,69273,买盘
125,09:37:12,7.96,-0.01,310,247060,卖盘
126,09:37:16,7.97,0.01,43,34351,买盘
127,09:37:18,7.97,0.0,30,23910,卖盘
128,09:37:21,7.97,0.0,25,19925,卖盘
129,09:37:24,7.98,0.01,61,48603,买盘
130,09:37:27,7.97,-0.01,2,1594,卖盘
131,09:37:30,7.95,-0.02,261,207800,卖盘
132,09:37:33,7.98,0.03,1,798,买盘
133,09:37:42,7.97,-0.01,47,37427,买盘
134,09:37:45,7.95,-0.02,39,31008,卖盘
135,09:37:54,7.95,0.0,200,159000,卖盘
136,09:37:57,7.95,0.0,25,19895,卖盘
137,09:38:01,7.95,0.0,32,25456,卖盘
138,09:38:04,7.96,0.01,2,1592,中性盘
139,09:38:06,7.95,-0.01,9,7155,卖盘
140,09:38:10,7.95,0.0,5,3975,卖盘
141,09:38:15,7.96,0.01,17,13520,买盘
142,09:38:18,7.95,-0.01,35,27825,卖盘
143,09:38:21,7.96,0.01,15,11938,买盘
144,09:38:24,7.96,0.0,85,67660,买盘
145,09:38:28,7.96,0.0,30,23880,卖盘
146,09:38:33,7.96,0.0,2,1592,卖盘
147,09:38:39,7.97,0.01,52,41394,买盘
148,09:38:42,7.97,0.0,10,7970,买盘
149,09:38:45,7.96,-0.01,74,58944,卖盘
150,09:38:48,7.96,0.0,45,35820,卖盘
151,09:38:51,7.96,0.0,16,12736,卖盘
152,09:38:57,7.96,0.0,42,33432,卖盘
153,09:39:00,7.96,0.0,5,3980,买盘
154,09:39:04,7.96,0.0,53,42188,买盘
155,09:39:13,7.96,0.0,130,103480,买盘
156,09:39:15,7.96,0.0,14,11144,卖盘
157,09:39:24,7.96,0.0,4,3184,卖盘
158,09:39:30,7.97,0.01,57,45398,买盘
159,09:39:33,7.96,-0.01,60,47760,卖盘
160,09:39:39,7.96,0.0,15,11940,卖盘
161,09:39:42,7.96,0.0,1,796,卖盘
162,09:39:45,7.96,0.0,46,36618,卖盘
163,09:39:48,7.97,0.01,8,6376,买盘
164,09:39:51,7.96,-0.01,1,796,卖盘
165,09:39:57,7.97,0.01,61,48602,买盘
166,09:40:00,7.97,0.0,60,47820,买盘
167,09:40:04,7.97,0.0,11,8759,买盘
168,09:40:09,7.97,0.0,13,10361,卖盘
169,09:40:15,7.97,0.0,59,47033,卖盘
170,09:40:21,7.97,0.0,112,89264,卖盘
171,09:40:24,7.98,0.01,1,798,买盘
172,09:40:27,7.97,-0.01,120,95640,卖盘
173,09:40:39,7.97,0.0,6,4782,买盘
174,09:40:42,7.97,0.0,17,13549,买盘
175,09:40:46,7.97,0.0,13,10361,买盘
176,09:40:49,7.97,0.0,11,8767,买盘
177,09:40:54,7.96,-0.01,20,15920,卖盘
178,09:41:00,7.97,0.01,99,78903,买盘
179,09:41:04,7.97,0.0,2,1594,买盘
180,09:41:06,7.97,0.0,6,4782,买盘
181,09:41:12,7.97,0.0,2,1594,买盘
182,09:41:15,7.97,0.0,88,70111,买盘
183,09:41:19,7.97,0.0,15,11955,买盘
184,09:41:21,7.96,-0.01,16,12736,卖盘
185,09:41:24,7.96,0.0,50,39800,卖盘
186,09:41:27,7.97,0.01,12,9556,买盘
187,09:41:30,7.97,0.0,1,797,卖盘
188,09:41:39,7.98,0.01,16,12768,买盘
189,09:41:48,7.98,0.0,51,40691,买盘
190,09:41:51,7.98,0.0,157,125283,买盘
191,09:41:54,7.98,0.0,12,9576,卖盘
192,09:41:57,7.98,0.0,43,34320,卖盘
193,09:42:12,7.98,0.0,17,13566,买盘
194,09:42:15,7.98,0.0,74,59052,买盘
195,09:42:18,7.98,0.0,10,7980,卖盘
196,09:42:25,7.99,0.01,2,1598,买盘
197,09:42:28,7.99,0.0,116,92594,买盘
198,09:42:31,7.99,0.0,15,11985,买盘
199,09:42:33,7.98,-0.01,90,71820,卖盘
200,09:42:36,7.98,0.0,20,15960,卖盘
201,09:42:42,7.98,0.0,40,31920,卖盘
202,09:42:45,7.98,0.0,34,27132,卖盘
203,09:42:54,7.98,0.0,371,296058,卖盘
204,09:42:57,7.98,0.0,2,1596,卖盘
205,09:43:01,7.98,0.0,7,5591,卖盘
206,09:43:04,7.99,0.01,10,7987,买盘
207,09:43:06,7.98,-0.01,12,9576,卖盘
208,09:43:09,7.98,0.0,95,75810,卖盘
209,09:43:15,7.98,0.0,46,36708,卖盘
210,09:43:21,7.98,0.0,26,20748,买盘
211,09:43:24,7.98,0.0,15,11970,买盘
212,09:43:27,7.97,-0.01,12,9564,卖盘
213,09:43:40,7.97,0.0,2,1594,卖盘
214,09:43:42,7.97,0.0,52,41446,卖盘
215,09:43:45,7.97,0.0,13,10361,卖盘
216,09:43:48,7.96,-0.01,37,29467,卖盘
217,09:43:51,7.97,0.01,46,36662,买盘
218,09:43:54,7.96,-0.01,12,9552,卖盘
219,09:43:58,7.97,0.01,21,16722,买盘
220,09:44:00,7.97,0.0,3,2390,买盘
221,09:44:04,7.96,-0.01,30,23880,卖盘
222,09:44:06,7.97,0.01,28,22316,买盘
223,09:44:09,7.97,0.0,197,157001,买盘
224,09:44:18,7.97,0.0,11,8767,卖盘
225,09:44:21,7.97,0.0,7,5579,卖盘
226,09:44:24,7.97,0.0,75,59775,卖盘
227,09:44:27,7.97,0.0,1,797,卖盘
228,09:44:30,7.98,0.01,125,99750,买盘
229,09:44:33,7.98,0.0,19,15155,买盘
230,09:44:36,7.98,0.0,2,1596,卖盘
231,09:44:48,7.98,0.0,46,36708,卖盘
232,09:44:52,7.99,0.01,10,7990,买盘
233,09:45:00,7.98,-0.01,10,7985,卖盘
234,09:45:03,7.99,0.01,335,267665,买盘
235,09:45:06,7.99,0.0,45,35955,卖盘
236,09:45:13,8.0,0.01,38,30367,买盘
237,09:45:18,7.98,-0.02,30,23940,卖盘
238,09:45:21,7.99,0.01,25,19975,买盘
239,09:45:24,7.99,0.0,31,24769,卖盘
240,09:45:27,7.99,0.0,1,799,卖盘
241,09:45:30,8.0,0.01,32,25569,买盘
242,09:45:33,7.99,-0.01,7,5596,卖盘
243,09:45:36,8.0,0.01,10,8000,买盘
244,09:45:42,8.0,0.0,6,4800,买盘
245,09:45:57,7.99,-0.01,75,59930,卖盘
246,09:46:03,7.99,0.0,80,63922,卖盘
247,09:46:09,7.99,0.0,11,8789,买盘
248,09:46:12,7.99,0.0,2,1598,买盘
249,09:46:18,7.99,0.0,50,39950,买盘
250,09:46:21,7.99,0.0,10,7990,卖盘
251,09:46:24,7.99,0.0,25,19975,卖盘
252,09:46:28,7.99,0.0,4,3196,卖盘
253,09:46:30,7.99,0.0,10,7990,卖盘
254,09:46:33,7.99,0.0,2,1598,买盘
255,09:46:36,7.99,0.0,2,1598,买盘
256,09:46:39,7.98,-0.01,193,154014,卖盘
257,09:46:42,7.98,0.0,4,3192,买盘
258,09:46:48,7.99,0.01,38,30302,买盘
259,09:47:00,7.98,-0.01,97,77408,卖盘
260,09:47:06,7.99,0.01,7,5593,买盘
261,09:47:09,7.98,-0.01,10,7980,卖盘
262,09:47:12,7.98,0.0,36,28728,买盘
263,09:47:15,7.98,0.0,5,3990,买盘
264,09:47:18,7.98,0.0,100,79800,买盘
265,09:47:21,7.98,0.0,48,38269,买盘
266,09:47:27,7.98,0.0,58,46284,卖盘
267,09:47:30,7.99,0.01,6,4794,买盘
268,09:47:36,7.98,-0.01,10,7980,卖盘
269,09:47:43,7.98,0.0,12,9578,卖盘
270,09:47:45,7.98,0.0,26,20748,卖盘
271,09:47:54,7.98,0.0,86,68587,买盘
272,09:47:57,7.97,-0.01,2,1739,卖盘
273,09:48:04,7.97,0.0,90,71587,卖盘
274,09:48:09,7.97,0.0,19,15286,买盘
275,09:48:18,7.97,0.0,28,22316,卖盘
276,09:48:24,7.98,0.01,14,11163,买盘
277,09:48:34,7.98,0.0,5,3990,买盘
278,09:48:36,7.98,0.0,70,55860,买盘
279,09:48:39,7.97,-0.01,5,3985,卖盘
280,09:48:46,7.97,0.0,23,18331,卖盘
281,09:48:51,7.97,0.0,57,45429,卖盘
282,09:48:54,7.97,0.0,105,83685,卖盘
283,09:48:57,7.97,0.0,323,257731,卖盘
284,09:49:06,7.98,0.01,23,18354,中性盘
285,09:49:09,7.97,-0.01,43,34304,卖盘
286,09:49:12,7.98,0.01,2,1596,买盘
287,09:49:15,7.98,0.0,3,2394,买盘
288,09:49:18,7.98,0.0,6,4788,买盘
289,09:49:25,7.98,0.0,8,6382,买盘
290,09:49:30,7.99,0.01,394,314806,买盘
291,09:49:39,7.99,0.0,113,90288,卖盘
292,09:49:42,7.99,0.0,6,4794,买盘
293,09:49:48,7.99,0.0,8,6392,买盘
294,09:49:51,7.98,-0.01,47,37506,卖盘
295,09:49:54,7.99,0.01,8,6392,买盘
296,09:50:00,7.98,-0.01,124,98952,卖盘
297,09:50:21,7.99,0.01,20,15980,买盘
298,09:50:27,7.99,0.0,5,3995,买盘
299,09:50:37,7.99,0.0,20,15980,买盘
300,09:50:42,7.99,0.0,57,45493,买盘
301,09:50:45,7.98,-0.01,6,4788,卖盘
302,09:50:48,7.99,0.01,10,7990,买盘
303,09:50:51,7.98,-0.01,2,1596,卖盘
304,09:50:54,7.99,0.01,20,15980,买盘
305,09:50:57,7.99,0.0,20,15980,买盘
306,09:51:00,7.99,0.0,10,7990,买盘
307,09:51:04,7.99,0.0,6,4794,买盘
308,09:51:06,7.98,-0.01,28,22344,卖盘
309,09:51:09,7.99,0.01,1,799,买盘
310,09:51:12,7.99,0.0,37,29530,买盘
311,09:51:15,7.99,0.0,5,3995,买盘
312,09:51:24,7.99,0.0,55,43916,买盘
313,09:51:30,7.99,0.0,2,1598,买盘
314,09:51:34,7.99,0.0,6,4794,买盘
315,09:51:45,7.99,0.0,6,4789,买盘
316,09:51:48,7.99,0.0,38,30362,买盘
317,09:51:54,7.98,-0.01,21,16758,卖盘
318,09:52:00,7.99,0.01,50,39950,买盘
319,09:52:04,7.99,0.0,50,39950,买盘
320,09:52:06,7.99,0.0,7,5593,买盘
321,09:52:09,7.99,0.0,30,23970,买盘
322,09:52:12,7.99,0.0,20,15980,买盘
323,09:52:15,7.99,0.0,8,6392,买盘
324,09:52:24,7.99,0.0,4,3196,卖盘
325,09:52:27,8.0,0.01,6,4800,买盘
326,09:52:34,8.0,0.0,32,25596,买盘
327,09:52:36,8.0,0.0,12,9590,买盘
328,09:52:39,8.0,0.0,51,40800,买盘
329,09:52:45,8.0,0.0,419,335200,买盘
330,09:52:48,8.0,0.0,18,14400,卖盘
331,09:52:51,8.01,0.01,101,80901,买盘
332,09:52:54,8.01,0.0,5,4005,卖盘
333,09:52:57,8.01,0.0,9,7209,卖盘
334,09:53:00,8.02,0.01,158,126716,买盘
335,09:53:04,8.02,0.0,31,24862,买盘
336,09:53:06,8.03,0.01,50,40150,买盘
337,09:53:09,8.03,0.0,249,199761,买盘
338,09:53:12,8.03,0.0,40,32120,买盘
339,09:53:15,8.03,0.0,107,85921,买盘
340,09:53:18,8.03,0.0,49,39347,买盘
341,09:53:21,8.03,0.0,40,32120,卖盘
342,09:53:24,8.04,0.01,172,138277,买盘
343,09:53:27,8.04,0.0,333,267732,买盘
344,09:53:30,8.04,0.0,140,112556,买盘
345,09:53:33,8.04,0.0,121,97246,买盘
346,09:53:36,8.04,0.0,11,8844,卖盘
347,09:53:39,8.04,0.0,334,268849,卖盘
348,09:53:42,8.05,0.01,38,30590,买盘
349,09:53:45,8.05,0.0,88,70840,买盘
350,09:53:48,8.05,0.0,101,81283,买盘
351,09:53:52,8.05,0.0,100,80500,买盘
352,09:53:54,8.05,0.0,502,404110,买盘
353,09:53:57,8.05,0.0,252,202860,买盘
354,09:54:01,8.05,0.0,98,78890,买盘
355,09:54:03,8.05,0.0,2,1610,买盘
356,09:54:06,8.05,0.0,230,185150,买盘
357,09:54:09,8.05,0.0,53,42655,买盘
358,09:54:13,8.05,0.0,13,10457,买盘
359,09:54:16,8.06,0.01,161,129629,买盘
360,09:54:18,8.05,-0.01,77,61985,卖盘
361,09:54:21,8.04,-0.01,24,19323,卖盘
362,09:54:24,8.05,0.01,60,48306,买盘
363,09:54:27,8.05,0.0,6,4830,买盘
364,09:54:30,8.05,0.0,67,53935,买盘
365,09:54:33,8.05,0.0,118,94986,买盘
366,09:54:36,8.05,0.0,298,239830,买盘
367,09:54:39,8.04,-0.01,241,193764,卖盘
368,09:54:42,8.04,0.0,1,804,买盘
369,09:54:45,8.05,0.01,143,115064,买盘
370,09:54:48,8.03,-0.02,33,26529,卖盘
371,09:54:51,8.03,0.0,23,18475,卖盘
372,09:54:54,8.03,0.0,185,148578,卖盘
373,09:54:57,8.03,0.0,151,121253,买盘
374,09:55:00,8.04,0.01,93,74703,买盘
375,09:55:06,8.04,0.0,47,37782,买盘
376,09:55:09,8.03,-0.01,30,24110,卖盘
377,09:55:12,8.04,0.01,83,66732,买盘
378,09:55:15,8.04,0.0,1,804,买盘
379,09:55:24,8.04,0.0,43,34572,买盘
380,09:55:30,8.04,0.0,22,17688,买盘
381,09:55:33,8.04,0.0,20,16062,买盘
382,09:55:36,8.04,0.0,31,24904,买盘
383,09:55:39,8.04,0.0,9,7236,买盘
384,09:55:42,8.04,0.0,5,4020,买盘
385,09:55:52,8.04,0.0,64,51456,买盘
386,09:55:54,8.04,0.0,66,53064,买盘
387,09:55:57,8.04,0.0,62,49848,买盘
388,09:56:00,8.04,0.0,15,12055,买盘
389,09:56:03,8.03,-0.01,11,8833,卖盘
390,09:56:07,8.03,0.0,72,57858,卖盘
391,09:56:09,8.04,0.01,57,45826,买盘
392,09:56:12,8.04,0.0,25,20095,买盘
393,09:56:15,8.03,-0.01,285,228559,卖盘
394,09:56:18,8.03,0.0,21,17224,卖盘
395,09:56:24,8.03,0.0,6,4818,买盘
396,09:56:27,8.03,0.0,2,1606,买盘
397,09:56:31,8.03,0.0,9,7227,买盘
398,09:56:34,8.03,0.0,168,134844,买盘
399,09:56:37,8.02,-0.01,40,32080,卖盘
400,09:56:42,8.02,0.0,39,31278,买盘
401,09:56:45,8.02,0.0,13,10426,卖盘
402,09:56:48,8.02,0.0,1,802,卖盘
403,09:57:00,8.03,0.01,8,6422,买盘
404,09:57:06,8.03,0.0,119,95196,买盘
405,09:57:12,8.04,0.01,12,9648,买盘
406,09:57:15,8.04,0.0,1,804,买盘
407,09:57:18,8.04,0.0,25,20100,买盘
408,09:57:21,8.04,0.0,531,427372,买盘
409,09:57:30,8.05,0.01,9,7245,买盘
410,09:57:33,8.05,0.0,15,12075,买盘
411,09:57:36,8.06,0.01,1018,820437,买盘
412,09:57:42,8.05,-0.01,395,318062,卖盘
413,09:57:45,8.06,0.01,30,24180,中性盘
414,09:57:49,8.07,0.01,1295,1045002,买盘
415,09:57:52,8.07,0.0,56,45157,买盘
416,09:57:54,8.07,0.0,18,14526,买盘
417,09:57:57,8.06,-0.01,288,232406,卖盘
418,09:58:00,8.08,0.02,245,197561,买盘
419,09:58:04,8.06,-0.02,61,49217,卖盘
420,09:58:06,8.06,0.0,171,137826,买盘
421,09:58:09,8.06,0.0,107,86242,买盘
422,09:58:12,8.07,0.01,22,17737,买盘
423,09:58:15,8.06,-0.01,25,20160,卖盘
424,09:58:19,8.06,0.0,42,33852,卖盘
425,09:58:21,8.07,0.01,220,177540,买盘
426,09:58:25,8.07,0.0,580,468053,买盘
427,09:58:27,8.07,0.0,16,12912,买盘
428,09:58:31,8.07,0.0,115,92805,买盘
429,09:58:34,8.06,-0.01,139,112064,卖盘
430,09:58:36,8.07,0.01,318,256626,买盘
431,09:58:39,8.07,0.0,425,342675,买盘
432,09:58:42,8.07,0.0,16,12912,买盘
433,09:58:46,8.07,0.0,316,255012,买盘
434,09:58:48,8.07,0.0,14,11298,卖盘
435,09:58:51,8.08,0.01,55,44392,买盘
436,09:58:54,8.08,0.0,26,21008,买盘
437,09:58:57,8.08,0.0,36,29053,买盘
438,09:59:00,8.08,0.0,824,665584,买盘
439,09:59:03,8.08,0.0,8,6464,买盘
440,09:59:07,8.08,0.0,157,126854,买盘
441,09:59:09,8.08,0.0,34,27472,买盘
442,09:59:12,8.08,0.0,127,102616,买盘
443,09:59:16,8.08,0.0,160,129276,买盘
444,09:59:18,8.08,0.0,2,1616,卖盘
445,09:59:21,8.08,0.0,62,50106,卖盘
446,09:59:24,8.08,0.0,195,157665,卖盘
447,09:59:27,8.09,0.01,304,245832,买盘
448,09:59:30,8.08,-0.01,102,82416,卖盘
449,09:59:33,8.08,0.0,99,79992,买盘
450,09:59:36,8.08,0.0,69,55752,买盘
451,09:59:39,8.09,0.01,15,12125,买盘
452,09:59:45,8.08,-0.01,1,808,卖盘
453,09:59:48,8.08,0.0,78,63024,卖盘
454,09:59:51,8.08,0.0,102,82416,卖盘
455,09:59:54,8.09,0.01,81,65509,买盘
456,09:59:57,8.09,0.0,452,365239,买盘
457,10:00:00,8.09,0.0,257,207789,买盘
458,10:00:03,8.08,-0.01,297,240083,买盘
459,10:00:06,8.08,0.0,44,35583,卖盘
460,10:00:09,8.09,0.01,45,36390,买盘
461,10:00:12,8.09,0.0,23,18597,买盘
462,10:00:15,8.09,0.0,136,109988,买盘
463,10:00:18,8.09,0.0,62,50138,买盘
464,10:00:21,8.09,0.0,633,511928,买盘
465,10:00:24,8.08,-0.01,25,20200,卖盘
466,10:00:27,8.09,0.01,10,8090,买盘
467,10:00:30,8.08,-0.01,119,96156,卖盘
468,10:00:33,8.09,0.01,65,52569,买盘
469,10:00:36,8.09,0.0,1,809,买盘
470,10:00:39,8.08,-0.01,20,16160,买盘
471,10:00:42,8.08,0.0,50,40400,买盘
472,10:00:45,8.07,-0.01,147,118759,卖盘
473,10:00:48,8.08,0.01,64,51712,买盘
474,10:00:52,8.07,-0.01,60,48463,卖盘
475,10:00:54,8.07,0.0,8,6456,卖盘
476,10:00:57,8.07,0.0,388,313116,卖盘
477,10:01:00,8.07,0.0,18,14526,买盘
478,10:01:03,8.07,0.0,23,18541,买盘
479,10:01:09,8.07,0.0,20,16140,买盘
480,10:01:12,8.06,-0.01,260,209560,卖盘
481,10:01:15,8.06,0.0,7,5642,卖盘
482,10:01:18,8.07,0.01,59,47613,买盘
483,10:01:21,8.05,-0.02,141,113521,卖盘
484,10:01:24,8.07,0.02,101,81229,买盘
485,10:01:36,8.04,-0.03,17,13682,卖盘
486,10:01:48,8.04,0.0,77,61908,卖盘
487,10:01:54,8.04,0.0,20,16080,卖盘
488,10:02:04,8.04,0.0,12,9658,卖盘
489,10:02:06,8.05,0.01,41,32985,买盘
490,10:02:12,8.05,0.0,2,1610,卖盘
491,10:02:15,8.05,0.0,60,48300,卖盘
492,10:02:18,8.05,0.0,33,26545,买盘
493,10:02:21,8.05,0.0,40,32200,买盘
494,10:02:24,8.05,0.0,98,78930,买盘
495,10:02:27,8.06,0.01,8,6448,买盘
496,10:02:30,8.05,-0.01,11,8855,卖盘
497,10:02:33,8.05,0.0,30,24150,卖盘
498,10:02:36,8.06,0.01,88,70928,买盘
499,10:02:39,8.06,0.0,19,15314,买盘
500,10:02:42,8.06,0.0,2,1611,买盘
501,10:02:46,8.05,-0.01,2,1610,卖盘
502,10:02:48,8.05,0.0,1,805,卖盘
503,10:02:51,8.05,0.0,131,105526,卖盘
504,10:02:54,8.05,0.0,3,2415,卖盘
505,10:02:57,8.06,0.01,60,48360,买盘
506,10:03:00,8.06,0.0,400,322400,买盘
507,10:03:04,8.05,-0.01,101,81306,卖盘
508,10:03:06,8.06,0.01,10,8060,买盘
509,10:03:12,8.06,0.0,15,12080,买盘
510,10:03:15,8.06,0.0,5,4030,买盘
511,10:03:18,8.05,-0.01,74,59620,卖盘
512,10:03:21,8.06,0.01,9,7254,买盘
513,10:03:27,8.05,-0.01,55,44275,卖盘
514,10:03:30,8.06,0.01,79,63674,买盘
515,10:03:33,8.06,0.0,8,6448,买盘
516,10:03:37,8.05,-0.01,90,72450,卖盘
517,10:03:39,8.06,0.01,42,33852,买盘
518,10:03:42,8.05,-0.01,10,8050,卖盘
519,10:03:45,8.05,0.0,112,90190,卖盘
520,10:03:48,8.05,0.0,117,94145,卖盘
521,10:03:54,8.05,0.0,36,28980,买盘
522,10:03:57,8.05,0.0,10,8050,买盘
523,10:04:00,8.05,0.0,18,14490,买盘
524,10:04:04,8.05,0.0,43,34615,买盘
525,10:04:07,8.05,0.0,3,2415,买盘
526,10:04:09,8.05,0.0,59,47495,买盘
527,10:04:12,8.05,0.0,48,38640,买盘
528,10:04:15,8.04,-0.01,9,7236,卖盘
529,10:04:18,8.05,0.01,2,1609,买盘
530,10:04:24,8.05,0.0,39,31395,买盘
531,10:04:30,8.05,0.0,5,4025,买盘
532,10:04:34,8.05,0.0,136,109510,买盘
533,10:04:39,8.05,0.0,133,107025,卖盘
534,10:04:42,8.05,0.0,38,30590,买盘
535,10:04:46,8.05,0.0,273,219765,买盘
536,10:04:54,8.05,0.0,3,2415,买盘
537,10:05:12,8.05,0.0,9,7245,买盘
538,10:05:18,8.04,-0.01,20,16085,卖盘
539,10:05:21,8.05,0.01,50,40250,买盘
540,10:05:24,8.04,-0.01,10,8040,卖盘
541,10:05:39,8.05,0.01,1,805,买盘
542,10:05:42,8.04,-0.01,7,5628,卖盘
543,10:05:51,8.04,0.0,5,4020,卖盘
544,10:05:57,8.04,0.0,59,47437,卖盘
545,10:06:00,8.04,0.0,4,3216,卖盘
546,10:06:09,8.05,0.01,10,8050,买盘
547,10:06:12,8.05,0.0,561,451645,买盘
548,10:06:19,8.05,0.0,2,1610,卖盘
549,10:06:21,8.05,0.0,1,805,卖盘
550,10:06:24,8.06,0.01,270,217550,买盘
551,10:06:27,8.06,0.0,215,173290,买盘
552,10:06:30,8.07,0.01,5,4035,买盘
553,10:06:33,8.06,-0.01,13,10478,卖盘
554,10:06:36,8.06,0.0,54,43539,卖盘
555,10:06:39,8.06,0.0,54,43574,卖盘
556,10:06:45,8.06,0.0,85,68585,卖盘
557,10:06:51,8.06,0.0,130,104880,卖盘
558,10:06:54,8.07,0.01,300,242100,买盘
559,10:06:57,8.07,0.0,395,318765,买盘
560,10:07:00,8.06,-0.01,150,120900,卖盘
561,10:07:06,8.07,0.01,64,51648,买盘
562,10:07:09,8.06,-0.01,63,50791,卖盘
563,10:07:12,8.06,0.0,57,45943,卖盘
564,10:07:15,8.07,0.01,10,8070,买盘
565,10:07:18,8.06,-0.01,392,315962,卖盘
566,10:07:21,8.06,0.0,125,100750,卖盘
567,10:07:25,8.06,0.0,783,631033,卖盘
568,10:07:28,8.06,0.0,4,3224,买盘
569,10:07:30,8.06,0.0,93,74958,买盘
570,10:07:36,8.05,-0.01,355,285771,卖盘
571,10:07:40,8.05,0.0,93,74865,买盘
572,10:07:45,8.04,-0.01,5,4020,卖盘
573,10:07:51,8.05,0.01,10,8050,买盘
574,10:08:00,8.05,0.0,31,24955,买盘
575,10:08:04,8.04,-0.01,50,40200,卖盘
576,10:08:22,8.05,0.01,327,263137,买盘
577,10:08:25,8.04,-0.01,43,34572,卖盘
578,10:08:30,8.05,0.01,10,8050,买盘
579,10:08:33,8.05,0.0,29,23329,买盘
580,10:08:36,8.04,-0.01,100,80400,卖盘
581,10:08:39,8.05,0.01,10,8050,买盘
582,10:08:42,8.05,0.0,10,8050,买盘
583,10:08:45,8.04,-0.01,12,9653,卖盘
584,10:08:55,8.05,0.01,50,40250,买盘
585,10:08:57,8.05,0.0,48,38640,买盘
586,10:09:03,8.04,-0.01,36,28944,卖盘
587,10:09:09,8.05,0.01,85,68425,买盘
588,10:09:15,8.04,-0.01,3,2412,卖盘
589,10:09:18,8.04,0.0,38,30552,卖盘
590,10:09:21,8.04,0.0,133,106932,卖盘
591,10:09:24,8.05,0.01,293,235580,买盘
592,10:09:27,8.04,-0.01,51,41004,卖盘
593,10:09:30,8.04,0.0,87,69948,卖盘
594,10:09:33,8.04,0.0,286,229944,卖盘
595,10:09:39,8.04,0.0,6,4823,买盘
596,10:09:48,8.04,0.0,19,15276,买盘
597,10:09:51,8.04,0.0,23,18489,买盘
598,10:09:54,8.04,0.0,147,118188,买盘
599,10:09:58,8.03,-0.01,40,32120,卖盘
600,10:10:00,8.03,0.0,2,1606,卖盘
601,10:10:06,8.04,0.01,22,17688,买盘
602,10:10:12,8.04,0.0,131,105324,买盘
603,10:10:15,8.04,0.0,22,17688,买盘
604,10:10:18,8.04,0.0,5,4020,买盘
605,10:10:21,8.04,0.0,4,3216,买盘
606,10:10:24,8.04,0.0,37,29748,买盘
607,10:10:27,8.04,0.0,20,16080,买盘
608,10:10:30,8.03,-0.01,20,16060,卖盘
609,10:10:33,8.03,0.0,30,24090,卖盘
610,10:10:36,8.04,0.01,59,47386,买盘
611,10:10:39,8.04,0.0,1,804,买盘
612,10:10:42,8.03,-0.01,100,80300,卖盘
613,10:10:48,8.04,0.01,223,179292,买盘
614,10:10:54,8.04,0.0,5,4020,买盘
615,10:11:07,8.03,-0.01,9,7227,卖盘
616,10:11:13,8.04,0.01,5,4020,买盘
617,10:11:15,8.04,0.0,42,33768,买盘
618,10:11:21,8.04,0.0,111,89244,买盘
619,10:11:33,8.04,0.0,10,8040,卖盘
620,10:11:39,8.04,0.0,20,16080,卖盘
621,10:11:42,8.04,0.0,5,4020,卖盘
622,10:11:45,8.04,0.0,76,61150,卖盘
623,10:11:51,8.04,0.0,10,8040,卖盘
624,10:11:55,8.04,0.0,20,16080,卖盘
625,10:12:04,8.04,0.0,54,43466,卖盘
626,10:12:10,8.04,0.0,2,1608,卖盘
627,10:12:18,8.05,0.01,5,4025,买盘
628,10:12:24,8.04,-0.01,12,9648,卖盘
629,10:12:30,8.04,0.0,37,29748,卖盘
630,10:12:33,8.04,0.0,5,4020,卖盘
631,10:12:36,8.05,0.01,12,9660,买盘
632,10:12:42,8.04,-0.01,2,1608,卖盘
633,10:12:48,8.05,0.01,19,15278,买盘
634,10:12:54,8.05,0.0,22,17710,买盘
635,10:12:57,8.05,0.0,24,19320,买盘
636,10:13:09,8.04,-0.01,20,16080,卖盘
637,10:13:18,8.04,0.0,52,41808,卖盘
638,10:13:21,8.04,0.0,106,85230,卖盘
639,10:13:25,8.04,0.0,5,4020,卖盘
640,10:13:27,8.05,0.01,5,4025,买盘
641,10:13:33,8.05,0.0,47,37835,买盘
642,10:13:36,8.04,-0.01,10,8040,卖盘
643,10:13:45,8.04,0.0,237,190548,卖盘
644,10:13:48,8.04,0.0,179,143921,卖盘
645,10:13:51,8.04,0.0,15,12060,卖盘
646,10:13:54,8.04,0.0,10,8040,卖盘
647,10:14:00,8.04,0.0,37,29748,卖盘
648,10:14:06,8.04,0.0,101,81204,卖盘
649,10:14:09,8.04,0.0,44,35376,卖盘
650,10:14:15,8.04,0.0,115,92360,买盘
651,10:14:21,8.04,0.0,37,29748,买盘
652,10:14:24,8.04,0.0,8,6432,卖盘
653,10:14:27,8.05,0.01,21,16885,买盘
654,10:14:33,8.04,-0.01,65,52260,卖盘
655,10:14:42,8.05,0.01,3,2415,买盘
656,10:14:48,8.04,-0.01,15,12060,卖盘
657,10:14:54,8.04,0.0,7,5628,买盘
658,10:15:04,8.04,0.0,50,40200,买盘
659,10:15:09,8.04,0.0,5,4020,买盘
660,10:15:15,8.04,0.0,22,17688,买盘
661,10:15:18,8.04,0.0,13,10452,买盘
662,10:15:22,8.04,0.0,10,8040,买盘
663,10:15:24,8.04,0.0,11,8844,买盘
664,10:15:33,8.05,0.01,63,50693,买盘
665,10:15:42,8.04,-0.01,25,20100,买盘
666,10:15:48,8.04,0.0,18,14472,卖盘
667,10:15:51,8.05,0.01,78,62761,买盘
668,10:15:57,8.04,-0.01,89,71557,中性盘
669,10:16:09,8.03,-0.01,156,125268,卖盘
670,10:16:15,8.04,0.01,4,3216,买盘
671,10:16:24,8.03,-0.01,598,480194,卖盘
672,10:16:34,8.02,-0.01,100,80200,卖盘
673,10:16:40,8.02,0.0,10,8020,卖盘
674,10:16:52,8.02,0.0,22,17644,卖盘
675,10:16:54,8.03,0.01,11,8831,买盘
676,10:16:57,8.02,-0.01,18,14436,卖盘
677,10:17:00,8.02,0.0,32,25668,卖盘
678,10:17:03,8.02,0.0,20,16040,卖盘
679,10:17:06,8.02,0.0,10,8020,卖盘
680,10:17:10,8.02,0.0,50,40100,卖盘
681,10:17:15,8.02,0.0,56,44913,卖盘
682,10:17:21,8.01,-0.01,2,1602,卖盘
683,10:17:33,8.01,0.0,40,32040,卖盘
684,10:17:36,8.01,0.0,28,22428,卖盘
685,10:17:39,8.01,0.0,38,30438,卖盘
686,10:17:48,8.02,0.01,3,2406,买盘
687,10:17:52,8.01,-0.01,50,40050,卖盘
688,10:17:57,8.01,0.0,13,10413,卖盘
689,10:18:04,8.01,0.0,34,27234,卖盘
690,10:18:06,8.01,0.0,54,43254,卖盘
691,10:18:12,8.01,0.0,14,11217,卖盘
692,10:18:15,8.01,0.0,29,23229,卖盘
693,10:18:21,8.01,0.0,41,32842,卖盘
694,10:18:28,8.01,0.0,100,80100,卖盘
695,10:18:36,8.01,0.0,2,1602,卖盘
696,10:18:39,8.01,0.0,312,249912,卖盘
697,10:18:42,8.01,0.0,8,6408,卖盘
698,10:18:45,8.01,0.0,23,18423,卖盘
699,10:18:48,8.01,0.0,8,6408,买盘
700,10:18:51,8.0,-0.01,100,80050,卖盘
701,10:18:54,8.0,0.0,2,1600,卖盘
702,10:18:57,8.0,0.0,300,240000,卖盘
703,10:19:06,8.01,0.01,75,60075,买盘
704,10:19:09,8.01,0.0,1,801,买盘
705,10:19:12,8.0,-0.01,26,20800,卖盘
706,10:19:16,8.0,0.0,71,56800,卖盘
707,10:19:18,8.0,0.0,69,55200,买盘
708,10:19:21,8.02,0.02,278,222773,买盘
709,10:19:27,8.01,-0.01,35,28035,卖盘
710,10:19:30,8.01,0.0,3,2403,卖盘
711,10:19:33,8.02,0.01,270,216540,买盘
712,10:19:37,8.02,0.0,5,4010,买盘
713,10:19:39,8.02,0.0,468,375336,买盘
714,10:19:42,8.03,0.01,255,204765,买盘
715,10:19:57,8.04,0.01,50,40200,买盘
716,10:20:00,8.04,0.0,189,151817,买盘
717,10:20:03,8.03,-0.01,53,42559,卖盘
718,10:20:09,8.04,0.01,153,123012,买盘
719,10:20:15,8.04,0.0,8,6432,卖盘
720,10:20:21,8.04,0.0,10,8040,卖盘
721,10:20:24,8.05,0.01,24,19305,买盘
722,10:20:27,8.05,0.0,1,805,买盘
723,10:20:31,8.04,-0.01,25,20100,卖盘
724,10:20:33,8.05,0.01,20,16100,买盘
725,10:20:36,8.04,-0.01,10,8040,卖盘
726,10:20:39,8.04,0.0,10,8040,卖盘
727,10:20:42,8.05,0.01,33,26565,买盘
728,10:20:54,8.02,-0.03,100,80226,卖盘
729,10:21:00,8.04,0.02,15,12060,买盘
730,10:21:12,8.04,0.0,11,8834,买盘
731,10:21:22,8.04,0.0,111,89215,买盘
732,10:21:33,8.04,0.0,20,16080,买盘
733,10:21:36,8.04,0.0,526,422904,买盘
734,10:21:43,8.03,-0.01,10,8030,卖盘
735,10:21:45,8.04,0.01,4,3216,买盘
736,10:21:48,8.04,0.0,4,3216,买盘
737,10:21:51,8.04,0.0,25,20100,买盘
738,10:21:57,8.04,0.0,28,22512,买盘
739,10:22:01,8.04,0.0,20,16080,买盘
740,10:22:03,8.04,0.0,100,80400,买盘
741,10:22:06,8.04,0.0,4,3216,买盘
742,10:22:12,8.04,0.0,10,8040,买盘
743,10:22:15,8.04,0.0,4,3216,买盘
744,10:22:18,8.04,0.0,6,4824,卖盘
745,10:22:24,8.04,0.0,10,8040,买盘
746,10:22:30,8.04,0.0,1,804,买盘
747,10:22:33,8.04,0.0,22,17688,买盘
748,10:22:36,8.04,0.0,74,59565,卖盘
749,10:22:39,8.05,0.01,9,7245,买盘
750,10:22:45,8.04,-0.01,16,12864,卖盘
751,10:22:48,8.04,0.0,20,16080,卖盘
752,10:22:51,8.05,0.01,51,41050,买盘
753,10:22:54,8.05,0.0,20,16100,买盘
754,10:22:57,8.05,0.0,2,1610,买盘
755,10:23:04,8.04,-0.01,95,76464,卖盘
756,10:23:06,8.05,0.01,58,46690,买盘
757,10:23:09,8.05,0.0,386,310730,买盘
758,10:23:13,8.05,0.0,255,205275,买盘
759,10:23:15,8.05,0.0,227,182735,买盘
760,10:23:21,8.06,0.01,330,265930,买盘
761,10:23:24,8.06,0.0,72,58032,买盘
762,10:23:27,8.06,0.0,337,271622,买盘
763,10:23:30,8.06,0.0,41,33046,买盘
764,10:23:33,8.06,0.0,159,128154,卖盘
765,10:23:36,8.07,0.01,119,95937,买盘
766,10:23:42,8.06,-0.01,62,49972,卖盘
767,10:23:45,8.07,0.01,53,42769,买盘
768,10:23:48,8.07,0.0,98,79086,买盘
769,10:23:52,8.07,0.0,74,59718,买盘
770,10:23:55,8.07,0.0,22,17754,买盘
771,10:23:57,8.07,0.0,141,113762,买盘
772,10:24:04,8.07,0.0,852,687564,买盘
773,10:24:07,8.06,-0.01,1379,1114064,卖盘
774,10:24:09,8.07,0.01,90,72585,中性盘
775,10:24:12,8.07,0.0,29,23403,卖盘
776,10:24:15,8.08,0.01,62,50035,买盘
777,10:24:18,8.08,0.0,51,41208,买盘
778,10:24:22,8.08,0.0,163,131694,买盘
779,10:24:24,8.08,0.0,10,8080,买盘
780,10:24:27,8.08,0.0,57,46056,买盘
781,10:24:30,8.08,0.0,41,33116,买盘
782,10:24:33,8.07,-0.01,50,40350,卖盘
783,10:24:36,8.08,0.01,97,78376,买盘
784,10:24:39,8.07,-0.01,112,90490,卖盘
785,10:24:45,8.08,0.01,47,37976,买盘
786,10:24:49,8.08,0.0,2,1616,买盘
787,10:24:52,8.08,0.0,50,40400,买盘
788,10:24:54,8.07,-0.01,244,197102,卖盘
789,10:24:57,8.08,0.01,79,63832,买盘
790,10:25:00,8.07,-0.01,295,238078,卖盘
791,10:25:03,8.07,0.0,6,4842,买盘
792,10:25:09,8.07,0.0,8,6456,买盘
793,10:25:12,8.07,0.0,10,8070,买盘
794,10:25:16,8.07,0.0,11,8877,买盘
795,10:25:18,8.07,0.0,22,17754,买盘
796,10:25:21,8.06,-0.01,20,16120,卖盘
797,10:25:24,8.07,0.01,5,4035,中性盘
798,10:25:28,8.08,0.01,24,19377,买盘
799,10:25:30,8.07,-0.01,44,35496,买盘
800,10:25:33,8.07,0.0,1,807,买盘
801,10:25:42,8.07,0.0,190,153330,买盘
802,10:25:48,8.07,0.0,12,9684,卖盘
803,10:25:54,8.08,0.01,205,165640,买盘
804,10:25:57,8.08,0.0,40,32320,买盘
805,10:26:01,8.08,0.0,114,92012,买盘
806,10:26:04,8.08,0.0,10,8080,买盘
807,10:26:06,8.08,0.0,10,8080,买盘
808,10:26:10,8.08,0.0,9,7272,买盘
809,10:26:12,8.07,-0.01,208,167856,卖盘
810,10:26:15,8.07,0.0,67,54069,买盘
811,10:26:19,8.07,0.0,50,40350,买盘
812,10:26:21,8.07,0.0,30,24210,买盘
813,10:26:24,8.07,0.0,58,46806,买盘
814,10:26:30,8.06,-0.01,45,36270,卖盘
815,10:26:33,8.06,0.0,125,100750,卖盘
816,10:26:36,8.06,0.0,27,21769,卖盘
817,10:26:42,8.06,0.0,203,163618,卖盘
818,10:26:45,8.06,0.0,8,6448,买盘
819,10:26:48,8.06,0.0,72,58032,买盘
820,10:26:54,8.05,-0.01,12,9660,卖盘
821,10:26:57,8.06,0.01,75,60450,买盘
822,10:27:04,8.06,0.0,7,5642,买盘
823,10:27:06,8.06,0.0,73,58838,卖盘
824,10:27:09,8.06,0.0,33,26598,买盘
825,10:27:15,8.05,-0.01,5,4025,卖盘
826,10:27:18,8.06,0.01,20,16120,买盘
827,10:27:21,8.06,0.0,8,6448,买盘
828,10:27:24,8.07,0.01,145,116888,买盘
829,10:27:39,8.06,-0.01,4,3224,中性盘
830,10:27:42,8.06,0.0,76,61256,买盘
831,10:27:46,8.06,0.0,1,806,买盘
832,10:27:49,8.06,0.0,15,12090,买盘
833,10:27:51,8.06,0.0,24,19344,买盘
834,10:27:54,8.06,0.0,101,81406,买盘
835,10:27:57,8.06,0.0,41,33046,买盘
836,10:28:04,8.05,-0.01,273,219765,卖盘
837,10:28:09,8.06,0.01,93,74951,买盘
838,10:28:18,8.06,0.0,46,37076,卖盘
839,10:28:21,8.06,0.0,8,6448,卖盘
840,10:28:24,8.05,-0.01,2,1610,卖盘
841,10:28:33,8.05,0.0,20,16100,卖盘
842,10:28:36,8.05,0.0,1,805,卖盘
843,10:28:42,8.05,0.0,70,56390,卖盘
844,10:28:45,8.05,0.0,5,4025,卖盘
845,10:28:48,8.05,0.0,1,805,卖盘
846,10:28:51,8.05,0.0,5,4025,卖盘
847,10:28:57,8.05,0.0,1,805,卖盘
848,10:29:00,8.05,0.0,50,40250,卖盘
849,10:29:04,8.05,0.0,16,12880,卖盘
850,10:29:12,8.05,0.0,24,19320,卖盘
851,10:29:18,8.05,0.0,1,805,卖盘
852,10:29:21,8.06,0.01,22,17732,买盘
853,10:29:27,8.06,0.0,255,205528,买盘
854,10:29:33,8.05,-0.01,33,26568,卖盘
855,10:29:39,8.06,0.01,4,3223,买盘
856,10:29:45,8.06,0.0,4,3224,买盘
857,10:29:48,8.05,-0.01,63,50715,卖盘
858,10:29:51,8.06,0.01,10,8060,买盘
859,10:29:57,8.05,-0.01,73,58766,卖盘
860,10:30:06,8.06,0.01,141,113646,买盘
861,10:30:09,8.06,0.0,35,28210,卖盘
862,10:30:12,8.06,0.0,12,9672,卖盘
863,10:30:15,8.06,0.0,23,18551,卖盘
864,10:30:18,8.07,0.01,994,802158,买盘
865,10:30:24,8.06,-0.01,36,29016,卖盘
866,10:30:27,8.07,0.01,180,145180,买盘
867,10:30:31,8.06,-0.01,55,44335,卖盘
868,10:30:33,8.06,0.0,146,117723,卖盘
869,10:30:36,8.06,0.0,59,47590,卖盘
870,10:30:45,8.07,0.01,30,24210,买盘
871,10:30:52,8.07,0.0,137,110549,买盘
872,10:30:54,8.07,0.0,6,4842,买盘
873,10:30:58,8.07,0.0,95,76665,买盘
874,10:31:00,8.07,0.0,42,33894,卖盘
875,10:31:03,8.07,0.0,35,28245,卖盘
876,10:31:06,8.07,0.0,10,8070,卖盘
877,10:31:09,8.07,0.0,381,307806,卖盘
878,10:31:12,8.07,0.0,10,8070,卖盘
879,10:31:15,8.07,0.0,13,10491,卖盘
880,10:31:18,8.07,0.0,10,8070,卖盘
881,10:31:21,8.07,0.0,45,36325,卖盘
882,10:31:27,8.07,0.0,149,120243,卖盘
883,10:31:31,8.07,0.0,22,17754,买盘
884,10:31:36,8.06,-0.01,78,62905,卖盘
885,10:31:42,8.06,0.0,13,10478,卖盘
886,10:31:46,8.07,0.01,3,2421,买盘
887,10:31:48,8.07,0.0,132,106519,买盘
888,10:31:51,8.06,-0.01,8,6448,卖盘
889,10:31:57,8.07,0.01,3,2421,买盘
890,10:32:00,8.07,0.0,20,16140,买盘
891,10:32:03,8.07,0.0,3,2421,买盘
892,10:32:06,8.07,0.0,96,77472,买盘
893,10:32:09,8.07,0.0,15,12105,卖盘
894,10:32:13,8.07,0.0,7,5649,卖盘
895,10:32:16,8.08,0.01,853,689224,买盘
896,10:32:19,8.08,0.0,421,340147,买盘
897,10:32:21,8.08,0.0,193,155944,买盘
898,10:32:24,8.08,0.0,21,16978,卖盘
899,10:32:27,8.08,0.0,26,21008,卖盘
900,10:32:30,8.08,0.0,26,21008,卖盘
901,10:32:34,8.08,0.0,111,89737,卖盘
902,10:32:36,8.08,0.0,56,45248,卖盘
903,10:32:39,8.08,0.0,87,70328,卖盘
904,10:32:42,8.09,0.01,5,4045,买盘
905,10:32:45,8.09,0.0,5,4045,买盘
906,10:32:48,8.09,0.0,61,49339,买盘
907,10:32:51,8.09,0.0,192,155328,买盘
908,10:32:54,8.09,0.0,326,263679,买盘
909,10:32:58,8.09,0.0,38,30734,买盘
910,10:33:00,8.1,0.01,2307,1866853,买盘
911,10:33:03,8.1,0.0,503,407964,买盘
912,10:33:06,8.1,0.0,434,351538,买盘
913,10:33:09,8.1,0.0,667,540161,买盘
914,10:33:12,8.1,0.0,262,212214,买盘
915,10:33:15,8.11,0.01,182,147451,买盘
916,10:33:18,8.11,0.0,50,40550,买盘
917,10:33:21,8.12,0.01,331,268501,买盘
918,10:33:24,8.12,0.0,1095,889883,买盘
919,10:33:27,8.12,0.0,82,66533,卖盘
920,10:33:31,8.14,0.02,69,56134,买盘
921,10:33:33,8.14,0.0,172,139998,买盘
922,10:33:36,8.14,0.0,247,200878,买盘
923,10:33:39,8.13,-0.01,608,494888,卖盘
924,10:33:42,8.14,0.01,211,171759,卖盘
925,10:33:45,8.14,0.0,155,126215,卖盘
926,10:33:48,8.14,0.0,76,61912,卖盘
927,10:33:52,8.14,0.0,588,478985,卖盘
928,10:33:55,8.14,0.0,142,115665,买盘
929,10:33:57,8.14,0.0,110,89540,买盘
930,10:34:00,8.14,0.0,171,139164,买盘
931,10:34:03,8.14,0.0,83,67552,买盘
932,10:34:06,8.13,-0.01,250,203250,卖盘
933,10:34:09,8.14,0.01,55,44750,买盘
934,10:34:12,8.13,-0.01,157,127667,卖盘
935,10:34:16,8.13,0.0,60,48780,买盘
936,10:34:22,8.13,0.0,10,8130,买盘
937,10:34:25,8.12,-0.01,14,11378,卖盘
938,10:34:28,8.12,0.0,13,10565,卖盘
939,10:34:30,8.12,0.0,113,91756,卖盘
940,10:34:33,8.12,0.0,375,304500,卖盘
941,10:34:42,8.11,-0.01,136,110357,卖盘
942,10:34:45,8.12,0.01,4,3248,买盘
943,10:34:48,8.11,-0.01,3,2435,卖盘
944,10:34:52,8.12,0.01,106,85972,买盘
945,10:34:54,8.12,0.0,238,193187,买盘
946,10:34:57,8.11,-0.01,50,40587,卖盘
947,10:35:01,8.12,0.01,106,86052,买盘
948,10:35:04,8.12,0.0,41,33292,买盘
949,10:35:09,8.12,0.0,35,28420,卖盘
950,10:35:12,8.12,0.0,70,56850,卖盘
951,10:35:15,8.12,0.0,12,9744,卖盘
952,10:35:18,8.13,0.01,114,92587,买盘
953,10:35:21,8.13,0.0,50,40650,买盘
954,10:35:24,8.12,-0.01,22,17874,卖盘
955,10:35:27,8.13,0.01,75,60928,买盘
956,10:35:30,8.13,0.0,87,70711,买盘
957,10:35:34,8.13,0.0,27,21951,买盘
958,10:35:36,8.13,0.0,32,26016,买盘
959,10:35:39,8.13,0.0,114,92682,买盘
960,10:35:42,8.13,0.0,34,27642,买盘
961,10:35:45,8.13,0.0,10,8130,买盘
962,10:35:48,8.13,0.0,59,47967,买盘
963,10:35:51,8.13,0.0,54,43902,买盘
964,10:35:54,8.12,-0.01,14,11379,卖盘
965,10:35:58,8.13,0.01,145,117885,买盘
966,10:36:04,8.13,0.0,292,237392,买盘
967,10:36:06,8.13,0.0,108,87774,买盘
968,10:36:09,8.13,0.0,93,75609,买盘
969,10:36:13,8.13,0.0,60,48778,买盘
970,10:36:15,8.12,-0.01,169,137333,卖盘
971,10:36:19,8.12,0.0,268,217644,卖盘
972,10:36:21,8.12,0.0,177,143754,卖盘
973,10:36:24,8.12,0.0,58,47100,卖盘
974,10:36:27,8.12,0.0,68,55280,卖盘
975,10:36:31,8.12,0.0,153,124290,买盘
976,10:36:39,8.12,0.0,277,224677,买盘
977,10:36:43,8.11,-0.01,21,17031,卖盘
978,10:36:45,8.12,0.01,1,812,买盘
979,10:36:48,8.11,-0.01,43,34873,卖盘
980,10:36:51,8.12,0.01,266,215920,买盘
981,10:36:55,8.12,0.0,44,35666,买盘
982,10:37:04,8.11,-0.01,1,811,中性盘
983,10:37:06,8.12,0.01,559,453899,买盘
984,10:37:09,8.12,0.0,5,4060,买盘
985,10:37:12,8.12,0.0,9,7308,买盘
986,10:37:15,8.13,0.01,100,81246,买盘
987,10:37:18,8.12,-0.01,30,24345,卖盘
988,10:37:21,8.12,0.0,17,13804,买盘
989,10:37:24,8.12,0.0,32,25984,买盘
990,10:37:27,8.12,0.0,129,104748,买盘
991,10:37:30,8.13,0.01,29,23577,买盘
992,10:37:33,8.13,0.0,63,51217,买盘
993,10:37:36,8.13,0.0,571,464152,买盘
994,10:37:39,8.13,0.0,206,166652,买盘
995,10:37:42,8.13,0.0,29,23577,卖盘
996,10:37:48,8.13,0.0,27,21951,卖盘
997,10:37:52,8.13,0.0,75,60975,卖盘
998,10:37:55,8.14,0.01,500,407000,买盘
999,10:37:57,8.14,0.0,95,77652,买盘
1000,10:38:00,8.14,0.0,526,428124,买盘
1001,10:38:04,8.14,0.0,24,19536,买盘
1002,10:38:06,8.14,0.0,196,159520,买盘
1003,10:38:09,8.14,0.0,69,56166,买盘
1004,10:38:12,8.14,0.0,1,814,买盘
1005,10:38:16,8.14,0.0,137,111518,买盘
1006,10:38:19,8.14,0.0,34,27676,买盘
1007,10:38:21,8.13,-0.01,448,364224,卖盘
1008,10:38:24,8.13,0.0,79,64294,卖盘
1009,10:38:27,8.14,0.01,9,7326,买盘
1010,10:38:30,8.14,0.0,31,25223,买盘
1011,10:38:33,8.13,-0.01,252,205058,卖盘
1012,10:38:36,8.14,0.01,90,73260,买盘
1013,10:38:39,8.13,-0.01,65,52908,卖盘
1014,10:38:45,8.14,0.01,202,164276,买盘
1015,10:38:48,8.13,-0.01,133,108419,卖盘
1016,10:38:51,8.13,0.0,89,72342,买盘
1017,10:38:54,8.13,0.0,160,130080,买盘
1018,10:38:57,8.13,0.0,16,13008,买盘
1019,10:39:00,8.13,0.0,10,8130,买盘
1020,10:39:04,8.12,-0.01,10,8120,卖盘
1021,10:39:06,8.12,0.0,49,39799,卖盘
1022,10:39:09,8.12,0.0,11,8932,卖盘
1023,10:39:12,8.12,0.0,163,132356,卖盘
1024,10:39:15,8.13,0.01,23,18699,买盘
1025,10:39:18,8.13,0.0,97,78815,买盘
1026,10:39:21,8.12,-0.01,53,43036,卖盘
1027,10:39:24,8.12,0.0,5,4060,卖盘
1028,10:39:27,8.12,0.0,50,40600,卖盘
1029,10:39:30,8.12,0.0,2,1624,买盘
1030,10:39:33,8.12,0.0,5,4060,买盘
1031,10:39:39,8.11,-0.01,18,14600,卖盘
1032,10:39:45,8.11,0.0,3,2433,卖盘
1033,10:39:48,8.12,0.01,36,29232,买盘
1034,10:39:51,8.11,-0.01,116,94076,卖盘
1035,10:39:58,8.11,0.0,155,125705,卖盘
1036,10:40:00,8.11,0.0,5,4055,买盘
1037,10:40:04,8.11,0.0,3,2433,买盘
1038,10:40:07,8.11,0.0,35,28385,买盘
1039,10:40:09,8.11,0.0,5,4054,买盘
1040,10:40:12,8.11,0.0,47,38117,买盘
1041,10:40:15,8.11,0.0,102,82722,买盘
1042,10:40:18,8.11,0.0,55,44605,卖盘
1043,10:40:21,8.11,0.0,186,150846,卖盘
1044,10:40:24,8.11,0.0,8,6488,卖盘
1045,10:40:27,8.11,0.0,4,3244,卖盘
1046,10:40:31,8.11,0.0,18,14598,买盘
1047,10:40:33,8.11,0.0,75,60825,卖盘
1048,10:40:37,8.11,0.0,148,120028,买盘
1049,10:40:45,8.11,0.0,46,37306,卖盘
1050,10:40:48,8.11,0.0,67,54339,卖盘
1051,10:40:54,8.11,0.0,2,1622,卖盘
1052,10:40:57,8.12,0.01,26,21112,买盘
1053,10:41:00,8.11,-0.01,120,97320,卖盘
1054,10:41:09,8.12,0.01,11,8932,买盘
1055,10:41:13,8.11,-0.01,174,141283,卖盘
1056,10:41:16,8.11,0.0,10,8110,卖盘
1057,10:41:19,8.11,0.0,5,4055,卖盘
1058,10:41:27,8.12,0.01,5,4060,买盘
1059,10:41:33,8.11,-0.01,9,7299,卖盘
1060,10:41:36,8.12,0.01,4,3248,买盘
1061,10:41:42,8.11,-0.01,7,5677,卖盘
1062,10:41:45,8.12,0.01,47,38164,买盘
1063,10:41:48,8.11,-0.01,50,40550,卖盘
1064,10:41:51,8.12,0.01,45,36528,买盘
1065,10:41:54,8.11,-0.01,35,28419,卖盘
1066,10:41:57,8.11,0.0,8,6488,卖盘
1067,10:42:00,8.11,0.0,210,170320,卖盘
1068,10:42:04,8.11,0.0,10,8110,卖盘
1069,10:42:09,8.11,0.0,30,24330,卖盘
1070,10:42:15,8.11,0.0,5,4055,卖盘
1071,10:42:18,8.12,0.01,340,276070,买盘
1072,10:42:24,8.12,0.0,5,4060,买盘
1073,10:42:27,8.11,-0.01,4,3247,卖盘
1074,10:42:30,8.11,0.0,1,811,卖盘
1075,10:42:33,8.11,0.0,122,99014,卖盘
1076,10:42:36,8.11,0.0,100,81100,卖盘
1077,10:42:39,8.11,0.0,3,2433,卖盘
1078,10:42:46,8.11,0.0,20,16230,卖盘
1079,10:42:48,8.12,0.01,119,96588,买盘
1080,10:42:51,8.11,-0.01,33,26764,卖盘
1081,10:42:55,8.12,0.01,10,8120,买盘
1082,10:42:57,8.12,0.0,311,252532,买盘
1083,10:43:06,8.12,0.0,6,4872,买盘
1084,10:43:09,8.12,0.0,10,8120,买盘
1085,10:43:12,8.12,0.0,25,20300,买盘
1086,10:43:21,8.12,0.0,149,120958,买盘
1087,10:43:24,8.12,0.0,16,12992,买盘
1088,10:43:27,8.12,0.0,10,8120,买盘
1089,10:43:30,8.12,0.0,104,84448,买盘
1090,10:43:33,8.12,0.0,34,27608,买盘
1091,10:43:36,8.12,0.0,13,10556,买盘
1092,10:43:40,8.11,-0.01,21,17031,卖盘
1093,10:43:42,8.12,0.01,43,34916,买盘
1094,10:43:46,8.11,-0.01,10,8110,卖盘
1095,10:43:48,8.11,0.0,19,15418,卖盘
1096,10:43:57,8.11,0.0,147,119231,卖盘
1097,10:44:06,8.11,0.0,123,99762,卖盘
1098,10:44:10,8.11,0.0,15,12165,卖盘
1099,10:44:12,8.11,0.0,30,24330,卖盘
1100,10:44:15,8.12,0.01,3,2436,买盘
1101,10:44:18,8.11,-0.01,5,4055,卖盘
1102,10:44:21,8.12,0.01,399,323704,买盘
1103,10:44:24,8.11,-0.01,20,16220,中性盘
1104,10:44:27,8.11,0.0,2,1622,买盘
1105,10:44:30,8.11,0.0,8,6488,买盘
1106,10:44:34,8.11,0.0,20,16220,卖盘
1107,10:44:40,8.12,0.01,58,47041,买盘
1108,10:44:48,8.11,-0.01,185,150040,卖盘
1109,10:44:51,8.11,0.0,35,28385,卖盘
1110,10:44:54,8.11,0.0,20,16220,卖盘
1111,10:44:57,8.11,0.0,1,811,买盘
1112,10:45:00,8.11,0.0,232,187966,买盘
1113,10:45:04,8.1,-0.01,95,77025,卖盘
1114,10:45:06,8.1,0.0,25,20267,卖盘
1115,10:45:09,8.1,0.0,232,187920,卖盘
1116,10:45:12,8.11,0.01,9,7299,买盘
1117,10:45:16,8.1,-0.01,258,208980,卖盘
1118,10:45:18,8.1,0.0,1,810,买盘
1119,10:45:22,8.1,0.0,5,4050,买盘
1120,10:45:24,8.1,0.0,22,17815,买盘
1121,10:45:27,8.1,0.0,15,12150,买盘
1122,10:45:30,8.09,-0.01,10,8090,卖盘
1123,10:45:36,8.09,0.0,63,50967,卖盘
1124,10:45:39,8.09,0.0,296,239473,卖盘
1125,10:45:42,8.08,-0.01,19,15360,卖盘
1126,10:45:48,8.08,0.0,50,40400,卖盘
1127,10:45:54,8.08,0.0,15,12120,卖盘
1128,10:45:58,8.08,0.0,41,33128,卖盘
1129,10:46:01,8.08,0.0,50,40400,卖盘
1130,10:46:04,8.08,0.0,17,13736,卖盘
1131,10:46:06,8.08,0.0,15,12120,卖盘
1132,10:46:09,8.08,0.0,21,16968,卖盘
1133,10:46:12,8.08,0.0,30,24240,卖盘
1134,10:46:15,8.08,0.0,33,26664,卖盘
1135,10:46:19,8.09,0.01,13,10517,买盘
1136,10:46:21,8.08,-0.01,189,152719,卖盘
1137,10:46:25,8.08,0.0,10,8080,卖盘
1138,10:46:27,8.1,0.02,10,8096,买盘
1139,10:46:30,8.09,-0.01,45,36364,中性盘
1140,10:46:39,8.08,-0.01,49,39597,卖盘
1141,10:46:42,8.09,0.01,66,53348,买盘
1142,10:46:46,8.08,-0.01,9,7272,卖盘
1143,10:46:49,8.08,0.0,23,18584,买盘
1144,10:46:52,8.08,0.0,20,16160,买盘
1145,10:46:54,8.08,0.0,17,13736,买盘
1146,10:47:00,8.08,0.0,5,4040,卖盘
1147,10:47:03,8.08,0.0,17,13743,卖盘
1148,10:47:06,8.09,0.01,193,156127,买盘
1149,10:47:12,8.09,0.0,55,44475,买盘
1150,10:47:16,8.08,-0.01,210,169799,卖盘
1151,10:47:21,8.09,0.01,20,16180,卖盘
1152,10:47:24,8.09,0.0,3,2427,卖盘
1153,10:47:27,8.09,0.0,33,26697,买盘
1154,10:47:33,8.09,0.0,111,89799,买盘
1155,10:47:36,8.09,0.0,1,809,买盘
1156,10:47:39,8.09,0.0,35,28315,买盘
1157,10:47:42,8.09,0.0,58,46922,买盘
1158,10:47:45,8.09,0.0,114,92126,买盘
1159,10:47:48,8.09,0.0,3,2427,买盘
1160,10:47:51,8.09,0.0,2,1618,买盘
1161,10:47:55,8.09,0.0,21,16989,买盘
1162,10:48:06,8.1,0.01,50,40500,买盘
1163,10:48:09,8.1,0.0,443,358077,买盘
1164,10:48:18,8.1,0.0,55,44550,买盘
1165,10:48:21,8.1,0.0,28,22680,买盘
1166,10:48:24,8.08,-0.02,6,4858,卖盘
1167,10:48:30,8.1,0.02,5,4046,买盘
1168,10:48:36,8.1,0.0,4,3240,买盘
1169,10:48:42,8.09,-0.01,5,4045,中性盘
1170,10:48:45,8.1,0.01,10,8097,买盘
1171,10:48:57,8.09,-0.01,16,12944,卖盘
1172,10:49:00,8.1,0.01,20,16200,买盘
1173,10:49:04,8.1,0.0,17,13754,买盘
1174,10:49:09,8.09,-0.01,37,29952,卖盘
1175,10:49:12,8.09,0.0,7,5663,买盘
1176,10:49:18,8.09,0.0,3,2427,卖盘
1177,10:49:21,8.09,0.0,3,2427,买盘
1178,10:49:25,8.09,0.0,5,4045,买盘
1179,10:49:27,8.09,0.0,6,4854,买盘
1180,10:49:30,8.09,0.0,5,4045,买盘
1181,10:49:37,8.09,0.0,9,7281,买盘
1182,10:49:42,8.08,-0.01,20,16161,卖盘
1183,10:49:48,8.1,0.02,174,140940,买盘
1184,10:49:54,8.09,-0.01,9,7281,卖盘
1185,10:50:09,8.09,0.0,46,37184,买盘
1186,10:50:12,8.09,0.0,5,4045,买盘
1187,10:50:18,8.08,-0.01,1,808,卖盘
1188,10:50:21,8.08,0.0,52,42021,卖盘
1189,10:50:24,8.08,0.0,12,9706,卖盘
1190,10:50:27,8.09,0.01,102,82418,买盘
1191,10:50:30,8.09,0.0,1,809,买盘
1192,10:50:36,8.08,-0.01,5,4040,卖盘
1193,10:50:45,8.08,0.0,50,40400,卖盘
1194,10:50:48,8.09,0.01,11,8899,买盘
1195,10:50:55,8.09,0.0,100,80900,买盘
1196,10:50:57,8.09,0.0,30,24270,买盘
1197,10:51:01,8.09,0.0,9,7281,买盘
1198,10:51:09,8.08,-0.01,31,25048,卖盘
1199,10:51:15,8.09,0.01,11,8899,买盘
1200,10:51:21,8.09,0.0,20,16180,卖盘
1201,10:51:24,8.08,-0.01,31,25054,卖盘
1202,10:51:27,8.08,0.0,1,808,卖盘
1203,10:51:30,8.08,0.0,20,16170,卖盘
1204,10:51:34,8.08,0.0,2,1616,卖盘
1205,10:51:36,8.07,-0.01,89,71901,卖盘
1206,10:51:48,8.09,0.02,10,8090,买盘
1207,10:52:04,8.09,0.0,1,809,买盘
1208,10:52:06,8.09,0.0,50,40450,买盘
1209,10:52:16,8.07,-0.02,20,16140,卖盘
1210,10:52:36,8.08,0.01,2,1616,买盘
1211,10:52:39,8.07,-0.01,14,11298,卖盘
1212,10:52:57,8.08,0.01,2,1616,卖盘
1213,10:53:06,8.08,0.0,25,20200,卖盘
1214,10:53:09,8.08,0.0,10,8080,卖盘
1215,10:53:15,8.08,0.0,3,2424,卖盘
1216,10:53:18,8.08,0.0,19,15352,卖盘
1217,10:53:21,8.08,0.0,56,45248,卖盘
1218,10:53:27,8.07,-0.01,50,40384,卖盘
1219,10:53:30,8.08,0.01,2,1616,买盘
1220,10:53:36,8.08,0.0,58,46864,卖盘
1221,10:53:40,8.08,0.0,40,32320,卖盘
1222,10:53:43,8.08,0.0,14,11312,卖盘
1223,10:53:45,8.09,0.01,50,40450,买盘
1224,10:54:00,8.09,0.0,26,21034,买盘
1225,10:54:07,8.09,0.0,20,16180,买盘
1226,10:54:09,8.09,0.0,9,7281,买盘
1227,10:54:13,8.09,0.0,100,80900,买盘
1228,10:54:18,8.09,0.0,21,16989,买盘
1229,10:54:27,8.08,-0.01,15,12133,卖盘
1230,10:54:30,8.09,0.01,25,20201,买盘
1231,10:54:33,8.09,0.0,2,1618,买盘
1232,10:54:42,8.09,0.0,46,37170,买盘
1233,10:54:54,8.09,0.0,40,32360,买盘
1234,10:55:00,8.09,0.0,1,809,买盘
1235,10:55:03,8.09,0.0,4,3236,买盘
1236,10:55:12,8.09,0.0,20,16180,买盘
1237,10:55:18,8.08,-0.01,20,16160,卖盘
1238,10:55:21,8.08,0.0,5,4040,卖盘
1239,10:55:31,8.08,0.0,3,2424,卖盘
1240,10:55:36,8.08,0.0,17,13746,卖盘
1241,10:55:39,8.08,0.0,18,14544,卖盘
1242,10:56:00,8.09,0.01,25,20215,买盘
1243,10:56:09,8.09,0.0,10,8090,买盘
1244,10:56:24,8.09,0.0,11,8899,买盘
1245,10:56:27,8.09,0.0,10,8090,买盘
1246,10:56:36,8.09,0.0,250,202250,买盘
1247,10:56:51,8.09,0.0,3,2427,买盘
1248,10:56:58,8.09,0.0,12,9708,买盘
1249,10:57:01,8.09,0.0,44,35596,买盘
1250,10:57:04,8.09,0.0,57,46113,买盘
1251,10:57:15,8.09,0.0,50,40450,卖盘
1252,10:57:18,8.09,0.0,50,40450,卖盘
1253,10:57:27,8.1,0.01,54,43690,买盘
1254,10:57:30,8.09,-0.01,5,4045,中性盘
1255,10:57:36,8.09,0.0,4,3236,卖盘
1256,10:57:42,8.09,0.0,14,11326,买盘
1257,10:57:52,8.09,0.0,3,2427,卖盘
1258,10:58:03,8.1,0.01,33,26730,买盘
1259,10:58:06,8.09,-0.01,5,4045,卖盘
1260,10:58:09,8.09,0.0,5,4045,卖盘
1261,10:58:15,8.09,0.0,10,8090,卖盘
1262,10:58:22,8.1,0.01,9,7284,买盘
1263,10:58:34,8.1,0.0,4,3240,买盘
1264,10:58:36,8.1,0.0,10,8100,买盘
1265,10:58:39,8.1,0.0,20,16200,买盘
1266,10:58:45,8.1,0.0,18,14580,买盘
1267,10:58:49,8.1,0.0,20,16200,买盘
1268,10:58:52,8.1,0.0,1,810,买盘
1269,10:58:54,8.1,0.0,92,74520,买盘
1270,10:58:57,8.1,0.0,3,2430,买盘
1271,10:59:04,8.1,0.0,60,48600,买盘
1272,10:59:06,8.1,0.0,83,67230,买盘
1273,10:59:30,8.1,0.0,33,26730,买盘
1274,10:59:33,8.1,0.0,106,85860,买盘
1275,10:59:36,8.1,0.0,33,26730,买盘
1276,10:59:39,8.1,0.0,22,17820,买盘
1277,10:59:42,8.1,0.0,250,202499,买盘
1278,10:59:45,8.1,0.0,20,16200,买盘
1279,10:59:48,8.09,-0.01,72,58308,卖盘
1280,10:59:51,8.09,0.0,4,3236,卖盘
1281,11:00:00,8.09,0.0,118,95466,卖盘
1282,11:00:27,8.09,0.0,5,4045,卖盘
1283,11:00:33,8.09,0.0,99,80160,卖盘
1284,11:00:42,8.09,0.0,50,40450,卖盘
1285,11:00:48,8.09,0.0,1,809,卖盘
1286,11:01:04,8.1,0.01,11,8900,买盘
1287,11:01:09,8.09,-0.01,27,21843,卖盘
1288,11:01:21,8.08,-0.01,7,5656,卖盘
1289,11:01:30,8.08,0.0,10,8080,卖盘
1290,11:01:39,8.09,0.01,12,9708,买盘
1291,11:01:42,8.08,-0.01,8,6464,卖盘
1292,11:01:48,8.08,0.0,5,4040,卖盘
1293,11:01:57,8.09,0.01,110,88990,买盘
1294,11:02:00,8.08,-0.01,10,8080,卖盘
1295,11:02:06,8.08,0.0,10,8080,卖盘
1296,11:02:25,8.08,0.0,5,4040,卖盘
1297,11:02:27,8.08,0.0,2,1616,卖盘
1298,11:02:33,8.09,0.01,1,809,买盘
1299,11:02:48,8.09,0.0,43,34777,买盘
1300,11:03:06,8.09,0.0,31,25079,买盘
1301,11:03:12,8.08,-0.01,1,808,卖盘
1302,11:03:21,8.09,0.01,10,8090,买盘
1303,11:03:24,8.08,-0.01,15,12120,卖盘
1304,11:03:27,8.09,0.01,5,4045,买盘
1305,11:03:30,8.09,0.0,10,8090,买盘
1306,11:03:33,8.09,0.0,26,21034,买盘
1307,11:03:42,8.09,0.0,184,148856,买盘
1308,11:03:54,8.08,-0.01,12,9696,卖盘
1309,11:04:04,8.09,0.01,4,3236,买盘
1310,11:04:09,8.08,-0.01,60,48480,卖盘
1311,11:04:18,8.08,0.0,5,4040,卖盘
1312,11:04:27,8.09,0.01,56,45304,买盘
1313,11:04:34,8.08,-0.01,8,6464,卖盘
1314,11:04:36,8.09,0.01,50,40450,买盘
1315,11:04:39,8.09,0.0,3,2427,买盘
1316,11:04:42,8.09,0.0,55,44480,买盘
1317,11:04:45,8.09,0.0,3,2427,买盘
1318,11:04:48,8.08,-0.01,62,50096,卖盘
1319,11:05:09,8.09,0.01,6,4854,买盘
1320,11:05:13,8.08,-0.01,2,1616,卖盘
1321,11:05:15,8.09,0.01,8,6472,买盘
1322,11:05:30,8.09,0.0,1,809,买盘
1323,11:05:37,8.09,0.0,10,8090,买盘
1324,11:05:39,8.09,0.0,30,24270,买盘
1325,11:05:51,8.09,0.0,30,24270,买盘
1326,11:05:54,8.1,0.01,632,511722,买盘
1327,11:06:00,8.1,0.0,3,2430,卖盘
1328,11:06:04,8.11,0.01,44,35666,买盘
1329,11:06:09,8.11,0.0,16,12976,买盘
1330,11:06:18,8.11,0.0,207,167877,买盘
1331,11:06:21,8.11,0.0,20,16220,买盘
1332,11:06:28,8.11,0.0,5,4055,买盘
1333,11:06:33,8.11,0.0,78,63258,买盘
1334,11:06:39,8.11,0.0,150,121650,买盘
1335,11:06:42,8.11,0.0,2,1622,买盘
1336,11:06:48,8.11,0.0,250,202750,买盘
1337,11:06:51,8.11,0.0,10,8110,卖盘
1338,11:06:55,8.11,0.0,10,8110,卖盘
1339,11:07:00,8.12,0.01,455,369460,买盘
1340,11:07:06,8.12,0.0,1,812,买盘
1341,11:07:09,8.11,-0.01,108,87349,卖盘
1342,11:07:15,8.12,0.01,472,383264,买盘
1343,11:07:18,8.12,0.0,23,18676,买盘
1344,11:07:21,8.12,0.0,487,395844,买盘
1345,11:07:24,8.11,-0.01,219,177780,卖盘
1346,11:07:28,8.13,0.02,10,8130,买盘
1347,11:07:33,8.13,0.0,13,10569,买盘
1348,11:07:36,8.13,0.0,30,24390,买盘
1349,11:07:39,8.13,0.0,35,28455,买盘
1350,11:07:42,8.13,0.0,60,48770,买盘
1351,11:07:45,8.13,0.0,127,103247,买盘
1352,11:07:51,8.13,0.0,9,7317,买盘
1353,11:07:54,8.13,0.0,94,76422,买盘
1354,11:07:57,8.13,0.0,25,20325,买盘
1355,11:08:00,8.13,0.0,60,48780,买盘
1356,11:08:03,8.12,-0.01,15,12185,卖盘
1357,11:08:06,8.14,0.02,688,559452,买盘
1358,11:08:12,8.13,-0.01,5,4065,卖盘
1359,11:08:15,8.13,0.0,11,8950,卖盘
1360,11:08:24,8.13,0.0,27,21951,卖盘
1361,11:08:27,8.13,0.0,108,87804,卖盘
1362,11:08:30,8.14,0.01,23,18700,买盘
1363,11:08:33,8.13,-0.01,121,98427,卖盘
1364,11:08:36,8.13,0.0,15,12195,买盘
1365,11:08:39,8.13,0.0,18,14634,买盘
1366,11:08:42,8.13,0.0,5,4065,买盘
1367,11:08:45,8.12,-0.01,19,15428,卖盘
1368,11:08:49,8.13,0.01,16,13008,买盘
1369,11:08:51,8.12,-0.01,75,60900,卖盘
1370,11:08:54,8.13,0.01,32,26016,买盘
1371,11:08:57,8.13,0.0,29,23562,买盘
1372,11:09:06,8.12,-0.01,10,8120,卖盘
1373,11:09:09,8.13,0.01,5,4065,买盘
1374,11:09:12,8.12,-0.01,20,16240,卖盘
1375,11:09:15,8.13,0.01,26,21138,买盘
1376,11:09:18,8.13,0.0,5,4065,买盘
1377,11:09:21,8.12,-0.01,28,22736,卖盘
1378,11:09:24,8.13,0.01,5,4065,买盘
1379,11:09:27,8.12,-0.01,100,81200,卖盘
1380,11:09:30,8.12,0.0,67,54404,卖盘
1381,11:09:33,8.12,0.0,51,41412,卖盘
1382,11:09:36,8.13,0.01,579,470652,买盘
1383,11:09:39,8.12,-0.01,15,12180,中性盘
1384,11:09:55,8.13,0.01,5,4061,买盘
1385,11:09:58,8.12,-0.01,54,43898,卖盘
1386,11:10:00,8.12,0.0,18,14616,买盘
1387,11:10:09,8.12,0.0,68,55206,买盘
1388,11:10:15,8.13,0.01,5,4065,买盘
1389,11:10:18,8.12,-0.01,20,16240,卖盘
1390,11:10:28,8.12,0.0,15,12180,卖盘
1391,11:10:33,8.12,0.0,8,6496,卖盘
1392,11:10:36,8.12,0.0,19,15428,卖盘
1393,11:10:39,8.12,0.0,16,12992,卖盘
1394,11:10:42,8.12,0.0,10,8120,卖盘
1395,11:10:45,8.12,0.0,133,108115,卖盘
1396,11:10:48,8.12,0.0,45,36540,卖盘
1397,11:10:51,8.12,0.0,33,26796,卖盘
1398,11:10:54,8.11,-0.01,155,125707,卖盘
1399,11:11:13,8.11,0.0,4,3244,卖盘
1400,11:11:16,8.12,0.01,1,812,买盘
1401,11:11:33,8.12,0.0,49,39788,买盘
1402,11:11:39,8.12,0.0,19,15428,买盘
1403,11:11:42,8.12,0.0,281,228172,买盘
1404,11:11:48,8.12,0.0,5,4060,卖盘
1405,11:11:57,8.12,0.0,2,1624,卖盘
1406,11:12:00,8.12,0.0,15,12193,卖盘
1407,11:12:06,8.12,0.0,114,92582,卖盘
1408,11:12:12,8.12,0.0,130,105560,卖盘
1409,11:12:24,8.12,0.0,4,3248,买盘
1410,11:12:33,8.12,0.0,10,8120,买盘
1411,11:12:39,8.12,0.0,3,2436,买盘
1412,11:12:42,8.12,0.0,99,80303,买盘
1413,11:12:48,8.11,-0.01,50,40550,卖盘
1414,11:12:54,8.11,0.0,87,70841,卖盘
1415,11:12:57,8.11,0.0,10,8110,买盘
1416,11:13:00,8.11,0.0,2,1622,买盘
1417,11:13:03,8.1,-0.01,69,55890,卖盘
1418,11:13:06,8.11,0.01,52,42172,买盘
1419,11:13:12,8.11,0.0,76,61352,买盘
1420,11:13:24,8.12,0.01,342,277704,买盘
1421,11:13:27,8.12,0.0,13,10546,买盘
1422,11:13:31,8.12,0.0,81,65697,买盘
1423,11:13:34,8.12,0.0,137,111240,买盘
1424,11:13:42,8.12,0.0,5,4060,卖盘
1425,11:13:46,8.12,0.0,1,812,买盘
1426,11:13:51,8.13,0.01,598,486069,买盘
1427,11:13:58,8.12,-0.01,6,4872,中性盘
1428,11:14:01,8.13,0.01,287,233327,买盘
1429,11:14:06,8.12,-0.01,3,2436,卖盘
1430,11:14:09,8.13,0.01,10,8130,买盘
1431,11:14:12,8.13,0.0,35,28427,买盘
1432,11:14:18,8.13,0.0,9,7317,买盘
1433,11:14:21,8.12,-0.01,11,8934,卖盘
1434,11:14:31,8.13,0.01,100,81300,买盘
1435,11:14:36,8.13,0.0,20,16260,买盘
1436,11:14:39,8.13,0.0,33,26809,买盘
1437,11:14:42,8.12,-0.01,16,12998,卖盘
1438,11:14:45,8.13,0.01,18,14634,买盘
1439,11:14:48,8.12,-0.01,13,10556,卖盘
1440,11:14:57,8.13,0.01,130,105690,买盘
1441,11:15:00,8.12,-0.01,5,4060,卖盘
1442,11:15:06,8.13,0.01,158,128454,买盘
1443,11:15:12,8.13,0.0,20,16260,买盘
1444,11:15:18,8.13,0.0,16,13008,买盘
1445,11:15:30,8.13,0.0,20,16260,买盘
1446,11:15:36,8.13,0.0,9,7317,买盘
1447,11:15:42,8.13,0.0,6,4878,买盘
1448,11:15:45,8.13,0.0,46,37398,买盘
1449,11:15:54,8.13,0.0,33,26829,买盘
1450,11:16:03,8.13,0.0,15,12195,买盘
1451,11:16:09,8.12,-0.01,130,105580,卖盘
1452,11:16:12,8.13,0.01,491,399183,买盘
1453,11:16:15,8.12,-0.01,13,10556,卖盘
1454,11:16:25,8.13,0.01,5,4065,买盘
1455,11:16:31,8.12,-0.01,20,16240,卖盘
1456,11:16:33,8.13,0.01,8,6504,买盘
1457,11:16:36,8.12,-0.01,11,8932,卖盘
1458,11:16:39,8.12,0.0,5,4060,卖盘
1459,11:16:42,8.12,0.0,9,7308,卖盘
1460,11:16:45,8.12,0.0,9,7308,卖盘
1461,11:16:49,8.13,0.01,50,40650,买盘
1462,11:16:51,8.12,-0.01,10,8120,卖盘
1463,11:17:04,8.12,0.0,42,34104,卖盘
1464,11:17:21,8.12,0.0,12,9744,卖盘
1465,11:17:24,8.12,0.0,10,8120,卖盘
1466,11:17:36,8.11,-0.01,167,135558,卖盘
1467,11:17:54,8.12,0.01,20,16240,买盘
1468,11:18:09,8.12,0.0,20,16240,买盘
1469,11:18:12,8.12,0.0,5,4060,买盘
1470,11:18:27,8.11,-0.01,26,21086,卖盘
1471,11:18:45,8.11,0.0,52,42202,卖盘
1472,11:18:48,8.12,0.01,19,15428,买盘
1473,11:19:06,8.11,-0.01,225,182660,卖盘
1474,11:19:09,8.12,0.01,109,88508,买盘
1475,11:19:12,8.11,-0.01,5,4055,卖盘
1476,11:19:15,8.11,0.0,4,3244,卖盘
1477,11:19:24,8.12,0.01,5,4060,买盘
1478,11:19:27,8.11,-0.01,50,40550,卖盘
1479,11:19:51,8.12,0.01,50,40600,买盘
1480,11:19:57,8.11,-0.01,13,10543,卖盘
1481,11:20:03,8.12,0.01,8,6496,买盘
1482,11:20:06,8.11,-0.01,250,202750,卖盘
1483,11:20:33,8.12,0.01,1,812,买盘
1484,11:20:42,8.12,0.0,9,7308,买盘
1485,11:20:48,8.11,-0.01,50,40550,卖盘
1486,11:20:51,8.12,0.01,22,17850,买盘
1487,11:21:00,8.12,0.0,9,7308,买盘
1488,11:21:10,8.12,0.0,10,8119,买盘
1489,11:21:15,8.11,-0.01,5,4055,卖盘
1490,11:21:21,8.12,0.01,8,6496,买盘
1491,11:21:27,8.11,-0.01,35,28385,卖盘
1492,11:21:33,8.12,0.01,9,7308,买盘
1493,11:21:42,8.12,0.0,8,6496,买盘
1494,11:21:48,8.11,-0.01,1,1095,卖盘
1495,11:21:51,8.11,0.0,39,31345,买盘
1496,11:21:54,8.11,0.0,5,4055,卖盘
1497,11:21:57,8.11,0.0,20,16220,卖盘
1498,11:22:00,8.11,0.0,18,14598,买盘
1499,11:22:03,8.12,0.01,44,35728,买盘
1500,11:22:09,8.11,-0.01,18,14595,卖盘
1501,11:22:19,8.11,0.0,12,9732,买盘
1502,11:22:33,8.12,0.01,9,7308,买盘
1503,11:22:45,8.11,-0.01,5,4055,卖盘
1504,11:22:48,8.12,0.01,8,6496,买盘
1505,11:22:57,8.12,0.0,3,2436,买盘
1506,11:23:00,8.1,-0.02,38,30783,卖盘
1507,11:23:06,8.11,0.01,5,4055,买盘
1508,11:23:12,8.1,-0.01,500,405010,卖盘
1509,11:23:15,8.12,0.02,9,7308,买盘
1510,11:23:19,8.1,-0.02,4,3242,卖盘
1511,11:23:33,8.12,0.02,264,214363,买盘
1512,11:23:42,8.12,0.0,6,4872,买盘
1513,11:23:48,8.12,0.0,9,7308,买盘
1514,11:23:57,8.12,0.0,8,6496,买盘
1515,11:24:00,8.12,0.0,24,19488,买盘
1516,11:24:09,8.1,-0.02,12,9738,卖盘
1517,11:24:18,8.12,0.02,8,6496,买盘
1518,11:24:24,8.12,0.0,8,6496,买盘
1519,11:24:33,8.11,-0.01,9,7299,买盘
1520,11:24:42,8.11,0.0,62,50282,买盘
1521,11:24:45,8.1,-0.01,29,23499,卖盘
1522,11:24:57,8.11,0.01,14,11354,买盘
1523,11:25:15,8.11,0.0,9,7299,买盘
1524,11:25:21,8.1,-0.01,169,137174,卖盘
1525,11:25:25,8.1,0.0,1,810,买盘
1526,11:25:27,8.1,0.0,100,81000,买盘
1527,11:25:30,8.1,0.0,9,7290,买盘
1528,11:25:39,8.09,-0.01,39,31551,卖盘
1529,11:25:42,8.1,0.01,9,7290,买盘
1530,11:25:45,8.1,0.0,20,16200,买盘
1531,11:25:51,8.1,0.0,8,6480,买盘
1532,11:25:54,8.11,0.01,28,22685,买盘
1533,11:26:04,8.11,0.0,9,7299,买盘
1534,11:26:09,8.11,0.0,82,66490,买盘
1535,11:26:15,8.11,0.0,8,6488,买盘
1536,11:26:27,8.11,0.0,9,7299,买盘
1537,11:26:30,8.1,-0.01,235,190350,卖盘
1538,11:26:37,8.11,0.01,29,23499,买盘
1539,11:26:48,8.11,0.0,8,6488,买盘
1540,11:26:52,8.11,0.0,1,811,买盘
1541,11:26:54,8.11,0.0,35,28385,买盘
1542,11:26:57,8.1,-0.01,10,8100,卖盘
1543,11:27:15,8.1,0.0,6,4860,卖盘
1544,11:27:21,8.1,0.0,10,8100,卖盘
1545,11:27:33,8.1,0.0,100,81000,卖盘
1546,11:27:43,8.11,0.01,1,811,买盘
1547,11:27:45,8.1,-0.01,10,8100,卖盘
1548,11:27:48,8.11,0.01,10,8110,买盘
1549,11:27:54,8.1,-0.01,23,18630,卖盘
1550,11:28:09,8.11,0.01,13,10536,买盘
1551,11:28:13,8.1,-0.01,50,40500,卖盘
1552,11:28:18,8.11,0.01,24,19464,买盘
1553,11:28:24,8.11,0.0,36,29196,买盘
1554,11:28:30,8.1,-0.01,2,1620,卖盘
1555,11:28:33,8.11,0.01,26,21086,买盘
1556,11:29:04,8.11,0.0,1,811,买盘
1557,11:29:06,8.1,-0.01,5,4050,卖盘
1558,11:29:42,8.11,0.01,2,1622,买盘
1559,11:29:54,8.1,-0.01,2,1620,卖盘
1560,11:29:57,8.1,0.0,4,3240,卖盘
1561,11:30:01,8.11,0.01,1,811,买盘
1562,13:00:04,8.11,0.0,597,483866,买盘
1563,13:00:07,8.11,0.0,97,78667,卖盘
1564,13:00:12,8.12,0.01,227,184324,买盘
1565,13:00:21,8.11,-0.01,20,16220,卖盘
1566,13:00:30,8.12,0.01,3,2436,买盘
1567,13:00:39,8.11,-0.01,73,59253,卖盘
1568,13:01:04,8.11,0.0,75,60825,卖盘
1569,13:01:06,8.11,0.0,95,77329,卖盘
1570,13:01:09,8.11,0.0,2,1622,买盘
1571,13:01:27,8.11,0.0,21,17031,买盘
1572,13:01:33,8.11,0.0,50,40550,买盘
1573,13:01:39,8.11,0.0,10,8110,买盘
1574,13:01:45,8.11,0.0,1,811,买盘
1575,13:01:57,8.11,0.0,120,97036,买盘
1576,13:02:06,8.11,0.0,3,2433,卖盘
1577,13:02:42,8.11,0.0,3,2433,卖盘
1578,13:02:45,8.11,0.0,1,811,卖盘
1579,13:02:51,8.11,0.0,40,32440,卖盘
1580,13:02:54,8.11,0.0,11,9205,卖盘
1581,13:02:57,8.11,0.0,98,79478,买盘
1582,13:03:00,8.11,0.0,8,6488,买盘
1583,13:03:03,8.11,0.0,26,21086,买盘
1584,13:03:12,8.11,0.0,32,25952,买盘
1585,13:03:18,8.11,0.0,10,8110,买盘
1586,13:03:30,8.11,0.0,1,811,买盘
1587,13:03:48,8.1,-0.01,34,27554,卖盘
1588,13:04:12,8.1,0.0,13,10533,卖盘
1589,13:04:18,8.1,0.0,30,24300,卖盘
1590,13:04:24,8.1,0.0,7,5670,卖盘
1591,13:04:40,8.1,0.0,7,5670,卖盘
1592,13:04:42,8.1,0.0,109,88290,卖盘
1593,13:04:45,8.11,0.01,5,4055,买盘
1594,13:04:51,8.1,-0.01,17,13770,卖盘
1595,13:05:01,8.1,0.0,56,45360,卖盘
1596,13:05:06,8.1,0.0,79,63990,卖盘
1597,13:05:09,8.1,0.0,12,9720,卖盘
1598,13:05:12,8.1,0.0,2,1620,卖盘
1599,13:05:15,8.1,0.0,30,24300,卖盘
1600,13:05:18,8.1,0.0,23,18346,卖盘
1601,13:05:21,8.1,0.0,81,65894,卖盘
1602,13:05:27,8.09,-0.01,5,4045,卖盘
1603,13:05:33,8.09,0.0,10,8090,卖盘
1604,13:05:39,8.1,0.01,3,2430,买盘
1605,13:05:51,8.1,0.0,39,31588,买盘
1606,13:06:00,8.09,-0.01,100,80900,卖盘
1607,13:06:04,8.09,0.0,15,12135,卖盘
1608,13:06:10,8.09,0.0,12,9708,卖盘
1609,13:06:18,8.09,0.0,25,20225,卖盘
1610,13:06:21,8.1,0.01,10,8100,买盘
1611,13:06:30,8.09,-0.01,15,12135,卖盘
1612,13:06:39,8.09,0.0,7,5663,卖盘
1613,13:06:57,8.09,0.0,41,33138,买盘
1614,13:07:00,8.09,0.0,2,1618,买盘
1615,13:07:06,8.09,0.0,1,809,买盘
1616,13:07:15,8.09,0.0,5,4045,买盘
1617,13:07:27,8.09,0.0,7,5658,买盘
1618,13:07:33,8.09,0.0,58,46922,买盘
1619,13:07:54,8.09,0.0,20,16180,买盘
1620,13:08:16,8.08,-0.01,12,9698,卖盘
1621,13:08:19,8.08,0.0,1,808,卖盘
1622,13:08:24,8.08,0.0,429,346632,卖盘
1623,13:08:28,8.08,0.0,36,29088,卖盘
1624,13:08:33,8.08,0.0,2,1616,卖盘
1625,13:08:37,8.08,0.0,45,36360,卖盘
1626,13:08:54,8.07,-0.01,22,17754,卖盘
1627,13:09:03,8.07,0.0,7,5649,卖盘
1628,13:09:09,8.07,0.0,12,9684,卖盘
1629,13:09:12,8.07,0.0,5,4035,卖盘
1630,13:09:24,8.07,0.0,26,20982,卖盘
1631,13:09:27,8.08,0.01,50,40400,买盘
1632,13:09:34,8.07,-0.01,36,29052,卖盘
1633,13:09:36,8.07,0.0,2,1614,卖盘
1634,13:09:42,8.07,0.0,10,8070,卖盘
1635,13:09:54,8.07,0.0,5,4035,卖盘
1636,13:10:04,8.07,0.0,116,93612,卖盘
1637,13:10:06,8.08,0.01,50,40400,买盘
1638,13:10:09,8.08,0.0,3,2424,买盘
1639,13:10:21,8.08,0.0,25,20200,买盘
1640,13:10:27,8.08,0.0,11,8888,买盘
1641,13:10:33,8.07,-0.01,11,8877,卖盘
1642,13:10:36,8.07,0.0,20,16156,卖盘
1643,13:10:43,8.08,0.01,13,10501,买盘
1644,13:10:46,8.07,-0.01,5,4035,卖盘
1645,13:11:03,8.08,0.01,23,18564,买盘
1646,13:11:06,8.07,-0.01,319,257549,卖盘
1647,13:11:12,8.08,0.01,44,35532,买盘
1648,13:11:15,8.07,-0.01,1,807,卖盘
1649,13:11:18,8.07,0.0,5,4035,卖盘
1650,13:11:21,8.07,0.0,1,807,卖盘
1651,13:11:24,8.07,0.0,40,32280,卖盘
1652,13:11:37,8.07,0.0,120,96840,卖盘
1653,13:11:45,8.07,0.0,41,33087,卖盘
1654,13:11:57,8.06,-0.01,272,219233,卖盘
1655,13:12:00,8.07,0.01,35,28245,买盘
1656,13:12:06,8.06,-0.01,1,806,卖盘
1657,13:12:12,8.06,0.0,40,32240,卖盘
1658,13:12:15,8.06,0.0,17,13702,卖盘
1659,13:12:18,8.07,0.01,108,87156,买盘
1660,13:12:27,8.06,-0.01,104,83824,卖盘
1661,13:12:36,8.06,0.0,211,170066,卖盘
1662,13:12:39,8.07,0.01,10,8070,买盘
1663,13:12:42,8.06,-0.01,127,102362,卖盘
1664,13:12:45,8.06,0.0,20,16120,卖盘
1665,13:12:54,8.06,0.0,35,28210,卖盘
1666,13:13:00,8.06,0.0,4,3224,卖盘
1667,13:13:06,8.06,0.0,45,36270,卖盘
1668,13:13:09,8.06,0.0,20,16120,卖盘
1669,13:13:12,8.06,0.0,10,8060,卖盘
1670,13:13:15,8.06,0.0,31,25007,卖盘
1671,13:13:18,8.06,0.0,7,5642,卖盘
1672,13:13:21,8.06,0.0,34,27404,卖盘
1673,13:13:24,8.05,-0.01,13,10465,卖盘
1674,13:13:30,8.05,0.0,30,24150,卖盘
1675,13:13:39,8.05,0.0,48,38640,卖盘
1676,13:13:42,8.06,0.01,5,4030,买盘
1677,13:13:45,8.05,-0.01,384,309070,卖盘
1678,13:13:48,8.05,0.0,15,12075,买盘
1679,13:13:51,8.05,0.0,5,4025,买盘
1680,13:13:54,8.05,0.0,10,8050,买盘
1681,13:14:04,8.04,-0.01,35,28141,卖盘
1682,13:14:06,8.05,0.01,61,49105,买盘
1683,13:14:09,8.04,-0.01,22,17696,卖盘
1684,13:14:24,8.04,0.0,17,13668,卖盘
1685,13:14:33,8.04,0.0,50,40200,卖盘
1686,13:14:36,8.04,0.0,71,57084,卖盘
1687,13:14:46,8.05,0.01,163,131177,买盘
1688,13:14:51,8.04,-0.01,70,56280,卖盘
1689,13:15:00,8.05,0.01,90,72420,买盘
1690,13:15:03,8.05,0.0,35,28175,卖盘
1691,13:15:09,8.04,-0.01,72,57928,卖盘
1692,13:15:18,8.06,0.02,24,19324,买盘
1693,13:15:27,8.06,0.0,20,16120,买盘
1694,13:15:37,8.05,-0.01,7,5635,买盘
1695,13:15:40,8.04,-0.01,31,24924,卖盘
1696,13:15:45,8.05,0.01,9,7248,买盘
1697,13:15:48,8.05,0.0,13,10457,买盘
1698,13:15:54,8.05,0.0,7,5635,买盘
1699,13:15:57,8.06,0.01,153,123318,买盘
1700,13:16:06,8.06,0.0,48,38688,买盘
1701,13:16:15,8.06,0.0,3,2418,卖盘
1702,13:16:30,8.06,0.0,10,8060,买盘
1703,13:16:42,8.06,0.0,7,5642,买盘
1704,13:16:46,8.06,0.0,6,4836,卖盘
1705,13:16:57,8.06,0.0,2,1612,卖盘
1706,13:17:09,8.06,0.0,5,4030,卖盘
1707,13:17:13,8.06,0.0,8,6448,卖盘
1708,13:17:21,8.07,0.01,9,7263,买盘
1709,13:17:28,8.07,0.0,7,5649,买盘
1710,13:17:33,8.07,0.0,22,17754,买盘
1711,13:17:36,8.07,0.0,129,104053,买盘
1712,13:17:42,8.07,0.0,90,72630,买盘
1713,13:17:45,8.07,0.0,6,4842,卖盘
1714,13:17:57,8.08,0.01,10,8080,买盘
1715,13:18:12,8.08,0.0,47,37976,买盘
1716,13:18:15,8.07,-0.01,16,12912,卖盘
1717,13:18:18,8.08,0.01,1,808,买盘
1718,13:18:24,8.09,0.01,226,182676,买盘
1719,13:18:27,8.07,-0.02,41,33157,卖盘
1720,13:18:33,8.1,0.03,121,98010,买盘
1721,13:18:51,8.09,-0.01,3,2427,买盘
1722,13:18:57,8.09,0.0,14,11326,买盘
1723,13:19:00,8.08,-0.01,27,21816,卖盘
1724,13:19:04,8.08,0.0,20,16160,卖盘
1725,13:19:12,8.08,0.0,20,16160,卖盘
1726,13:19:21,8.08,0.0,5,4040,卖盘
1727,13:19:39,8.09,0.01,15,12130,买盘
1728,13:19:45,8.08,-0.01,2,1616,卖盘
1729,13:19:57,8.08,0.0,21,16968,卖盘
1730,13:20:01,8.08,0.0,10,8080,卖盘
1731,13:20:06,8.08,0.0,7,5656,卖盘
1732,13:20:09,8.09,0.01,29,23441,买盘
1733,13:20:13,8.09,0.0,128,103547,买盘
1734,13:20:24,8.09,0.0,1,809,买盘
1735,13:20:40,8.09,0.0,30,24270,买盘
1736,13:20:42,8.09,0.0,2,1618,买盘
1737,13:20:52,8.09,0.0,30,24270,买盘
1738,13:20:57,8.09,0.0,209,169081,买盘
1739,13:21:13,8.1,0.01,9,7290,买盘
1740,13:21:18,8.09,-0.01,111,89819,卖盘
1741,13:21:21,8.1,0.01,63,51030,买盘
1742,13:21:24,8.1,0.0,30,24300,买盘
1743,13:21:30,8.1,0.0,15,12150,买盘
1744,13:21:39,8.1,0.0,120,97200,买盘
1745,13:21:45,8.1,0.0,7,5670,买盘
1746,13:21:54,8.09,-0.01,25,20225,卖盘
1747,13:22:09,8.09,0.0,1,809,卖盘
1748,13:22:15,8.1,0.01,16,12960,买盘
1749,13:22:18,8.09,-0.01,101,81717,卖盘
1750,13:22:21,8.09,0.0,14,11326,中性盘
1751,13:22:27,8.1,0.01,5,4046,买盘
1752,13:22:30,8.09,-0.01,14,11326,中性盘
1753,13:22:36,8.09,0.0,25,20225,买盘
1754,13:22:45,8.09,0.0,2,1618,买盘
1755,13:22:48,8.09,0.0,5,4045,买盘
1756,13:22:57,8.09,0.0,1,809,买盘
1757,13:23:03,8.09,0.0,15,12130,买盘
1758,13:23:12,8.09,0.0,17,13753,买盘
1759,13:23:15,8.09,0.0,10,8090,买盘
1760,13:23:21,8.09,0.0,63,50967,买盘
1761,13:23:27,8.09,0.0,23,18607,买盘
1762,13:23:30,8.09,0.0,10,8090,买盘
1763,13:23:33,8.08,-0.01,17,13736,卖盘
1764,13:23:36,8.09,0.01,3,2427,买盘
1765,13:23:40,8.08,-0.01,23,18593,卖盘
1766,13:23:46,8.09,0.01,31,25079,买盘
1767,13:23:48,8.09,0.0,20,16180,买盘
1768,13:23:51,8.09,0.0,49,39641,买盘
1769,13:24:04,8.09,0.0,67,54203,买盘
1770,13:24:07,8.08,-0.01,13,10504,卖盘
1771,13:24:15,8.09,0.01,50,40450,买盘
1772,13:24:36,8.09,0.0,19,15371,买盘
1773,13:24:39,8.09,0.0,8,6472,买盘
1774,13:24:51,8.08,-0.01,500,404000,卖盘
1775,13:24:54,8.08,0.0,10,8080,卖盘
1776,13:24:57,8.08,0.0,151,122008,卖盘
1777,13:25:00,8.09,0.01,7,5663,买盘
1778,13:25:37,8.09,0.0,10,8090,买盘
1779,13:25:39,8.09,0.0,9,7281,买盘
1780,13:25:45,8.09,0.0,1,809,买盘
1781,13:26:00,8.09,0.0,34,27506,买盘
1782,13:26:18,8.09,0.0,9,7281,买盘
1783,13:26:21,8.09,0.0,50,40450,买盘
1784,13:26:27,8.08,-0.01,24,19392,卖盘
1785,13:26:33,8.09,0.01,30,24270,买盘
1786,13:26:43,8.09,0.0,1,809,买盘
1787,13:27:06,8.08,-0.01,373,301384,卖盘
1788,13:27:09,8.09,0.01,8,6472,买盘
1789,13:27:21,8.08,-0.01,15,12120,卖盘
1790,13:27:28,8.08,0.0,144,116352,卖盘
1791,13:27:33,8.08,0.0,50,40400,卖盘
1792,13:27:36,8.08,0.0,10,8080,卖盘
1793,13:27:48,8.08,0.0,7,5656,卖盘
1794,13:27:51,8.09,0.01,1,809,买盘
1795,13:27:54,8.08,-0.01,361,291688,卖盘
1796,13:27:57,8.08,0.0,25,20200,买盘
1797,13:28:04,8.08,0.0,9,7272,买盘
1798,13:28:06,8.07,-0.01,80,64560,卖盘
1799,13:28:16,8.08,0.01,8,6464,买盘
1800,13:28:18,8.07,-0.01,13,10491,卖盘
1801,13:28:30,8.07,0.0,56,45242,卖盘
1802,13:28:36,8.07,0.0,5,4035,卖盘
1803,13:28:48,8.08,0.01,6,4848,买盘
1804,13:29:04,8.07,-0.01,10,8070,卖盘
1805,13:29:12,8.07,0.0,10,8070,卖盘
1806,13:29:16,8.08,0.01,1,808,买盘
1807,13:29:18,8.07,-0.01,38,30674,卖盘
1808,13:29:27,8.07,0.0,17,13719,卖盘
1809,13:29:45,8.07,0.0,10,8070,卖盘
1810,13:29:54,8.07,0.0,5,4035,卖盘
1811,13:29:57,8.08,0.01,9,7272,买盘
1812,13:30:00,8.07,-0.01,3,2421,卖盘
1813,13:30:04,8.07,0.0,30,24210,卖盘
1814,13:30:10,8.08,0.01,97,78376,买盘
1815,13:30:12,8.08,0.0,1,808,买盘
1816,13:30:15,8.07,-0.01,187,150909,卖盘
1817,13:30:21,8.07,0.0,32,25824,买盘
1818,13:30:24,8.07,0.0,10,8070,买盘
1819,13:30:27,8.07,0.0,6,4842,买盘
1820,13:30:30,8.06,-0.01,61,49166,卖盘
1821,13:30:36,8.06,0.0,9,7254,卖盘
1822,13:30:43,8.06,0.0,148,119288,卖盘
1823,13:30:45,8.07,0.01,9,7263,买盘
1824,13:30:54,8.07,0.0,39,31473,买盘
1825,13:31:00,8.07,0.0,4,3228,买盘
1826,13:31:03,8.07,0.0,10,8070,买盘
1827,13:31:06,8.07,0.0,26,20982,买盘
1828,13:31:09,8.07,0.0,3,2421,买盘
1829,13:31:18,8.06,-0.01,5,4030,卖盘
1830,13:31:21,8.07,0.01,1,807,买盘
1831,13:31:30,8.06,-0.01,26,20956,卖盘
1832,13:31:36,8.07,0.01,2,1614,买盘
1833,13:31:40,8.06,-0.01,2,1612,卖盘
1834,13:31:54,8.06,0.0,1,806,卖盘
1835,13:32:15,8.06,0.0,78,62868,卖盘
1836,13:32:21,8.07,0.01,5,4035,买盘
1837,13:32:27,8.07,0.0,39,31473,买盘
1838,13:32:30,8.07,0.0,59,47563,买盘
1839,13:32:39,8.07,0.0,2,1613,买盘
1840,13:33:04,8.07,0.0,142,114594,买盘
1841,13:33:12,8.07,0.0,3,2421,卖盘
1842,13:33:21,8.07,0.0,4,3228,买盘
1843,13:33:27,8.07,0.0,46,37122,买盘
1844,13:33:30,8.06,-0.01,15,12090,卖盘
1845,13:33:33,8.07,0.01,8,6456,买盘
1846,13:33:39,8.07,0.0,10,8070,买盘
1847,13:33:42,8.07,0.0,51,41157,买盘
1848,13:33:51,8.07,0.0,1,807,买盘
1849,13:33:57,8.07,0.0,7,5649,买盘
1850,13:34:00,8.06,-0.01,294,236964,卖盘
1851,13:34:06,8.06,0.0,9,7254,卖盘
1852,13:34:09,8.06,0.0,220,177320,卖盘
1853,13:34:15,8.06,0.0,10,8060,买盘
1854,13:34:24,8.05,-0.01,27,21760,卖盘
1855,13:34:33,8.06,0.01,8,6448,卖盘
1856,13:34:37,8.06,0.0,4,3224,买盘
1857,13:34:43,8.06,0.0,42,33852,卖盘
1858,13:34:45,8.06,0.0,10,8060,卖盘
1859,13:34:54,8.06,0.0,96,77385,卖盘
1860,13:34:57,8.06,0.0,1,806,买盘
1861,13:35:01,8.06,0.0,9,7254,买盘
1862,13:35:04,8.05,-0.01,125,100625,卖盘
1863,13:35:18,8.03,-0.02,1000,803651,卖盘
1864,13:35:27,8.05,0.02,8,6440,买盘
1865,13:35:36,8.04,-0.01,21,16884,卖盘
1866,13:35:39,8.04,0.0,10,8040,买盘
1867,13:35:42,8.04,0.0,4,3216,买盘
1868,13:35:45,8.04,0.0,15,12060,买盘
1869,13:35:51,8.04,0.0,1,804,卖盘
1870,13:35:54,8.03,-0.01,25,20075,卖盘
1871,13:35:57,8.03,0.0,12,9637,卖盘
1872,13:36:00,8.05,0.02,73,58765,买盘
1873,13:36:03,8.05,0.0,2,1610,卖盘
1874,13:36:09,8.06,0.01,1,806,买盘
1875,13:36:13,8.05,-0.01,30,24150,卖盘
1876,13:36:16,8.05,0.0,10,8050,卖盘
1877,13:36:25,8.05,0.0,5,4025,卖盘
1878,13:36:27,8.06,0.01,8,6448,买盘
1879,13:36:33,8.05,-0.01,22,17710,卖盘
1880,13:36:43,8.04,-0.01,65,52300,卖盘
1881,13:36:45,8.05,0.01,50,40250,买盘
1882,13:36:51,8.05,0.0,4,3220,买盘
1883,13:36:54,8.04,-0.01,17,13674,卖盘
1884,13:37:00,8.05,0.01,1,805,买盘
1885,13:37:04,8.05,0.0,298,239559,买盘
1886,13:37:15,8.04,-0.01,259,208652,卖盘
1887,13:37:21,8.03,-0.01,5,4019,卖盘
1888,13:37:42,8.05,0.02,10,8050,卖盘
1889,13:37:45,8.04,-0.01,3,2412,中性盘
1890,13:37:48,8.04,0.0,96,77172,买盘
1891,13:37:51,8.04,0.0,22,17688,买盘
1892,13:37:54,8.04,0.0,40,32160,买盘
1893,13:38:00,8.04,0.0,9,7236,买盘
1894,13:38:04,8.04,0.0,3,2412,买盘
1895,13:38:06,8.04,0.0,4,3217,中性盘
1896,13:38:09,8.05,0.01,1,805,买盘
1897,13:38:13,8.04,-0.01,5,4020,卖盘
1898,13:38:16,8.03,-0.01,5,4017,卖盘
1899,13:38:21,8.04,0.01,10,8040,买盘
1900,13:38:24,8.04,0.0,1,804,买盘
1901,13:38:45,8.05,0.01,8,6440,买盘
1902,13:39:00,8.05,0.0,7,5630,买盘
1903,13:39:06,8.06,0.01,208,167536,买盘
1904,13:39:09,8.06,0.0,9,7254,买盘
1905,13:39:12,8.04,-0.02,49,39396,卖盘
1906,13:39:27,8.04,0.0,20,16080,卖盘
1907,13:39:30,8.04,0.0,3,2412,卖盘
1908,13:39:33,8.04,0.0,2,1608,买盘
1909,13:39:36,8.05,0.01,2,1610,买盘
1910,13:39:39,8.05,0.0,2,1610,买盘
1911,13:39:42,8.04,-0.01,15,12064,卖盘
1912,13:39:45,8.05,0.01,4,3220,买盘
1913,13:39:48,8.04,-0.01,4,3216,卖盘
1914,13:39:51,8.04,0.0,33,26532,买盘
1915,13:39:54,8.04,0.0,53,42612,买盘
1916,13:39:57,8.04,0.0,28,22517,卖盘
1917,13:40:00,8.04,0.0,190,152760,卖盘
1918,13:40:04,8.04,0.0,44,35376,买盘
1919,13:40:06,8.04,0.0,16,12864,买盘
1920,13:40:10,8.03,-0.01,34,27328,卖盘
1921,13:40:13,8.04,0.01,13,10452,买盘
1922,13:40:15,8.04,0.0,7,5628,买盘
1923,13:40:19,8.04,0.0,95,76288,买盘
1924,13:40:21,8.04,0.0,11,8839,买盘
1925,13:40:24,8.04,0.0,65,52220,买盘
1926,13:40:27,8.04,0.0,5,4020,卖盘
1927,13:40:33,8.04,0.0,2,1608,买盘
1928,13:40:36,8.04,0.0,39,31356,买盘
1929,13:40:39,8.04,0.0,50,40200,买盘
1930,13:40:42,8.04,0.0,39,31356,买盘
1931,13:40:45,8.04,0.0,34,27336,买盘
1932,13:40:48,8.04,0.0,26,20904,买盘
1933,13:40:51,8.04,0.0,44,35376,买盘
1934,13:40:54,8.04,0.0,26,20904,买盘
1935,13:40:57,8.04,0.0,23,18492,买盘
1936,13:41:00,8.04,0.0,22,17688,买盘
1937,13:41:04,8.04,0.0,20,16080,买盘
1938,13:41:06,8.04,0.0,24,19296,买盘
1939,13:41:09,8.04,0.0,33,26532,买盘
1940,13:41:12,8.04,0.0,27,21708,买盘
1941,13:41:15,8.03,-0.01,636,510744,卖盘
1942,13:41:25,8.03,0.0,50,40150,卖盘
1943,13:41:30,8.04,0.01,24,19276,买盘
1944,13:41:36,8.03,-0.01,15,12045,卖盘
1945,13:41:42,8.03,0.0,39,31323,卖盘
1946,13:41:45,8.03,0.0,3,2409,卖盘
1947,13:41:48,8.03,0.0,72,57816,买盘
1948,13:41:51,8.03,0.0,6,4818,买盘
1949,13:41:54,8.03,0.0,45,36135,买盘
1950,13:41:58,8.03,0.0,2,1606,买盘
1951,13:42:01,8.02,-0.01,61,48974,卖盘
1952,13:42:04,8.02,0.0,5,4016,卖盘
1953,13:42:09,8.03,0.01,7,5621,中性盘
1954,13:42:12,8.03,0.0,2,1606,买盘
1955,13:42:15,8.03,0.0,4,3212,买盘
1956,13:42:18,8.03,0.0,2,1606,买盘
1957,13:42:24,8.04,0.01,13,10452,买盘
1958,13:42:28,8.04,0.0,2,1608,买盘
1959,13:42:30,8.04,0.0,13,10452,买盘
1960,13:42:33,8.04,0.0,58,46578,买盘
1961,13:42:39,8.04,0.0,2,1608,买盘
1962,13:42:45,8.04,0.0,4,3216,买盘
1963,13:42:54,8.03,-0.01,152,122056,卖盘
1964,13:42:57,8.03,0.0,8,6424,买盘
1965,13:43:00,8.02,-0.01,8,6423,卖盘
1966,13:43:04,8.03,0.01,14,11242,买盘
1967,13:43:12,8.02,-0.01,8,6423,卖盘
1968,13:43:15,8.03,0.01,18,14454,买盘
1969,13:43:18,8.03,0.0,27,21681,买盘
1970,13:43:21,8.03,0.0,43,34529,买盘
1971,13:43:24,8.03,0.0,20,16060,买盘
1972,13:43:27,8.03,0.0,32,25696,买盘
1973,13:43:31,8.03,0.0,28,22484,买盘
1974,13:43:33,8.03,0.0,24,19272,买盘
1975,13:43:36,8.03,0.0,21,16863,买盘
1976,13:43:39,8.03,0.0,16,12848,买盘
1977,13:43:42,8.02,-0.01,42,33696,卖盘
1978,13:43:45,8.03,0.01,11,8831,买盘
1979,13:43:48,8.03,0.0,13,10439,买盘
1980,13:43:51,8.03,0.0,10,8030,买盘
1981,13:43:54,8.03,0.0,11,8833,买盘
1982,13:43:57,8.03,0.0,7,5621,买盘
1983,13:44:00,8.02,-0.01,29,23267,卖盘
1984,13:44:04,8.03,0.01,27,21681,买盘
1985,13:44:06,8.03,0.0,4,3212,买盘
1986,13:44:09,8.03,0.0,23,18449,买盘
1987,13:44:12,8.02,-0.01,64,51382,卖盘
1988,13:44:15,8.03,0.01,2,1606,买盘
1989,13:44:18,8.02,-0.01,300,240600,卖盘
1990,13:44:21,8.03,0.01,26,20878,买盘
1991,13:44:27,8.03,0.0,6,4818,卖盘
1992,13:44:30,8.04,0.01,7,5628,买盘
1993,13:44:33,8.03,-0.01,41,32923,卖盘
1994,13:44:39,8.03,0.0,5,4015,买盘
1995,13:44:42,8.03,0.0,99,79497,买盘
1996,13:44:48,8.03,0.0,12,9636,卖盘
1997,13:44:54,8.03,0.0,6,4818,买盘
1998,13:44:57,8.03,0.0,33,26471,买盘
1999,13:45:04,8.02,-0.01,28,22456,卖盘
2000,13:45:09,8.02,0.0,5,4010,卖盘
2001,13:45:15,8.03,0.01,27,21681,买盘
2002,13:45:21,8.03,0.0,5,4015,买盘
2003,13:45:24,8.02,-0.01,18,14436,卖盘
2004,13:45:27,8.02,0.0,3,2406,卖盘
2005,13:45:36,8.02,0.0,147,117895,卖盘
2006,13:45:39,8.03,0.01,4,3212,买盘
2007,13:45:45,8.02,-0.01,203,162806,卖盘
2008,13:45:48,8.03,0.01,2,1606,买盘
2009,13:45:51,8.02,-0.01,86,68972,卖盘
2010,13:45:54,8.01,-0.01,79,63345,卖盘
2011,13:45:57,8.02,0.01,88,70576,买盘
2012,13:46:00,8.02,0.0,115,92230,卖盘
2013,13:46:04,8.02,0.0,39,31278,卖盘
2014,13:46:06,8.01,-0.01,5,4005,卖盘
2015,13:46:12,8.01,0.0,22,17629,卖盘
2016,13:46:15,8.02,0.01,2,1604,买盘
2017,13:46:19,8.02,0.0,328,262731,买盘
2018,13:46:21,8.01,-0.01,10,8010,卖盘
2019,13:46:24,8.01,0.0,300,240300,卖盘
2020,13:46:27,8.01,0.0,19,15219,买盘
2021,13:46:30,8.01,0.0,50,40050,买盘
2022,13:46:33,8.0,-0.01,90,72000,卖盘
2023,13:46:36,8.0,0.0,10,8000,卖盘
2024,13:46:45,8.01,0.01,123,98401,买盘
2025,13:46:48,8.01,0.0,4,3204,买盘
2026,13:46:51,8.0,-0.01,8,6400,卖盘
2027,13:46:54,8.0,0.0,30,24000,卖盘
2028,13:47:04,8.01,0.01,2,1602,买盘
2029,13:47:06,8.01,0.0,30,24030,买盘
2030,13:47:09,8.01,0.0,12,9612,买盘
2031,13:47:15,8.01,0.0,69,55269,卖盘
2032,13:47:21,8.02,0.01,164,131378,买盘
2033,13:47:28,8.02,0.0,10,8020,买盘
2034,13:47:33,8.01,-0.01,60,48060,卖盘
2035,13:47:36,8.01,0.0,4,3204,卖盘
2036,13:47:51,8.02,0.01,10,8020,买盘
2037,13:47:57,8.01,-0.01,10,8010,卖盘
2038,13:48:00,8.02,0.01,1,802,买盘
2039,13:48:15,8.01,-0.01,6,4806,卖盘
2040,13:48:21,8.02,0.01,21,16842,买盘
2041,13:48:25,8.02,0.0,3,2406,买盘
2042,13:48:28,8.02,0.0,3,2406,买盘
2043,13:48:30,8.02,0.0,4,3207,买盘
2044,13:48:36,8.01,-0.01,22,17622,卖盘
2045,13:48:43,8.02,0.01,1,802,买盘
2046,13:48:46,8.02,0.0,1,802,买盘
2047,13:48:48,8.02,0.0,4,3208,买盘
2048,13:48:51,8.02,0.0,62,49665,买盘
2049,13:48:54,8.02,0.0,7,5614,买盘
2050,13:48:57,8.02,0.0,15,12029,买盘
2051,13:49:00,8.01,-0.01,18,14421,卖盘
2052,13:49:03,8.02,0.01,2,1604,买盘
2053,13:49:09,8.02,0.0,2,1604,买盘
2054,13:49:12,8.02,0.0,1,802,买盘
2055,13:49:15,8.02,0.0,1,802,买盘
2056,13:49:18,8.01,-0.01,24,19228,卖盘
2057,13:49:21,8.02,0.01,8,6416,买盘
2058,13:49:24,8.02,0.0,49,39298,买盘
2059,13:49:27,8.02,0.0,1,802,买盘
2060,13:49:30,8.02,0.0,2,1604,买盘
2061,13:49:33,8.02,0.0,4,3208,买盘
2062,13:49:36,8.01,-0.01,8,6408,卖盘
2063,13:49:45,8.01,0.0,32,25632,卖盘
2064,13:49:51,8.02,0.01,40,32080,买盘
2065,13:49:57,8.02,0.0,2,1604,买盘
2066,13:50:00,8.02,0.0,4,3208,买盘
2067,13:50:04,8.02,0.0,23,18436,买盘
2068,13:50:09,8.02,0.0,10,8020,买盘
2069,13:50:12,8.02,0.0,6,4812,买盘
2070,13:50:15,8.02,0.0,29,23258,卖盘
2071,13:50:18,8.02,0.0,16,12831,买盘
2072,13:50:40,8.02,0.0,25,20050,买盘
2073,13:50:43,8.02,0.0,24,19248,买盘
2074,13:50:46,8.02,0.0,13,10426,买盘
2075,13:50:49,8.02,0.0,1,802,买盘
2076,13:50:51,8.02,0.0,8,6416,买盘
2077,13:51:04,8.02,0.0,5,4010,卖盘
2078,13:51:16,8.01,-0.01,440,352714,卖盘
2079,13:51:21,8.02,0.01,24,19252,卖盘
2080,13:51:24,8.02,0.0,7,5614,卖盘
2081,13:51:27,8.02,0.0,15,12030,卖盘
2082,13:51:30,8.02,0.0,1,802,买盘
2083,13:51:37,8.02,0.0,1,802,买盘
2084,13:51:40,8.01,-0.01,45,36045,卖盘
2085,13:51:45,8.02,0.01,2,1604,买盘
2086,13:51:48,8.02,0.0,1,802,买盘
2087,13:51:51,8.02,0.0,5,4010,买盘
2088,13:51:54,8.02,0.0,6,4812,买盘
2089,13:51:57,8.02,0.0,5,4010,买盘
2090,13:52:00,8.02,0.0,6,4812,买盘
2091,13:52:04,8.02,0.0,129,103458,买盘
2092,13:52:10,8.02,0.0,1,802,买盘
2093,13:52:13,8.02,0.0,10,8020,买盘
2094,13:52:16,8.02,0.0,11,8822,买盘
2095,13:52:19,8.02,0.0,1,802,买盘
2096,13:52:22,8.02,0.0,1,802,买盘
2097,13:52:24,8.02,0.0,6,4812,买盘
2098,13:52:27,8.01,-0.01,10,8018,卖盘
2099,13:52:33,8.03,0.02,1,803,买盘
2100,13:52:36,8.02,-0.01,30,24060,卖盘
2101,13:52:39,8.01,-0.01,1,801,卖盘
2102,13:52:51,8.01,0.0,4,3204,卖盘
2103,13:52:54,8.02,0.01,17,13624,买盘
2104,13:53:06,8.02,0.0,24,19248,买盘
2105,13:53:10,8.02,0.0,1,802,买盘
2106,13:53:21,8.01,-0.01,14,11222,卖盘
2107,13:53:24,8.02,0.01,1,802,买盘
2108,13:53:27,8.02,0.0,25,20040,买盘
2109,13:53:30,8.02,0.0,11,8822,买盘
2110,13:53:33,8.02,0.0,34,27268,买盘
2111,13:53:45,8.01,-0.01,18,14418,卖盘
2112,13:53:51,8.02,0.01,137,109874,买盘
2113,13:53:54,8.01,-0.01,5,4005,卖盘
2114,13:53:58,8.02,0.01,16,12832,买盘
2115,13:54:12,8.02,0.0,45,36090,买盘
2116,13:54:28,8.02,0.0,4,3208,买盘
2117,13:54:30,8.01,-0.01,9,7209,卖盘
2118,13:54:33,8.02,0.01,20,16040,买盘
2119,13:54:39,8.02,0.0,8,6416,卖盘
2120,13:54:54,8.02,0.0,1,802,买盘
2121,13:55:00,8.02,0.0,14,11228,买盘
2122,13:55:04,8.02,0.0,16,12832,买盘
2123,13:55:12,8.02,0.0,3,2406,买盘
2124,13:55:18,8.02,0.0,1,802,买盘
2125,13:55:21,8.02,0.0,20,16040,买盘
2126,13:55:33,8.01,-0.01,28,22428,卖盘
2127,13:55:42,8.01,0.0,19,15228,卖盘
2128,13:55:48,8.01,0.0,1,801,卖盘
2129,13:55:54,8.01,0.0,62,49662,卖盘
2130,13:56:04,8.02,0.01,40,32080,买盘
2131,13:56:06,8.01,-0.01,130,104130,卖盘
2132,13:56:09,8.01,0.0,20,16020,卖盘
2133,13:56:15,8.02,0.01,1,802,买盘
2134,13:56:18,8.01,-0.01,292,233892,卖盘
2135,13:56:21,8.02,0.01,21,16842,买盘
2136,13:56:24,8.01,-0.01,79,63279,卖盘
2137,13:56:27,8.01,0.0,32,25634,卖盘
2138,13:56:31,8.02,0.01,3,2406,买盘
2139,13:56:33,8.02,0.0,13,10426,买盘
2140,13:56:39,8.02,0.0,2,1604,买盘
2141,13:56:42,8.02,0.0,3,2406,买盘
2142,13:56:48,8.02,0.0,7,5614,买盘
2143,13:56:51,8.01,-0.01,202,161802,卖盘
2144,13:56:54,8.02,0.01,3,2406,买盘
2145,13:56:57,8.02,0.0,9,7218,买盘
2146,13:57:04,8.02,0.0,4,3208,买盘
2147,13:57:21,8.02,0.0,1,802,买盘
2148,13:57:27,8.02,0.0,1,802,买盘
2149,13:57:36,8.02,0.0,16,12832,买盘
2150,13:57:45,8.01,-0.01,50,40050,卖盘
2151,13:57:48,8.01,0.0,40,32040,卖盘
2152,13:57:55,8.02,0.01,18,14436,买盘
2153,13:57:57,8.01,-0.01,101,80909,卖盘
2154,13:58:04,8.01,0.0,12,9612,买盘
2155,13:58:06,8.01,0.0,3,2403,买盘
2156,13:58:09,8.0,-0.01,38,30411,卖盘
2157,13:58:15,8.0,0.0,3,2400,卖盘
2158,13:58:21,8.0,0.0,15,12000,卖盘
2159,13:58:24,8.01,0.01,29,23229,买盘
2160,13:58:27,8.0,-0.01,46,36736,卖盘
2161,13:58:30,8.01,0.01,42,33602,买盘
2162,13:58:33,8.0,-0.01,20,16000,卖盘
2163,13:58:36,8.0,0.0,43,34400,卖盘
2164,13:58:43,8.0,0.0,30,24000,卖盘
2165,13:58:49,8.0,0.0,29,23200,卖盘
2166,13:58:51,8.01,0.01,355,284047,买盘
2167,13:58:54,8.0,-0.01,265,212000,卖盘
2168,13:58:57,8.0,0.0,230,184000,卖盘
2169,13:59:00,8.0,0.0,99,79264,卖盘
2170,13:59:04,8.0,0.0,1,800,买盘
2171,13:59:06,7.99,-0.01,50,39950,卖盘
2172,13:59:09,8.0,0.01,192,153600,买盘
2173,13:59:12,7.99,-0.01,150,119850,卖盘
2174,13:59:18,7.99,0.0,33,26367,卖盘
2175,13:59:21,8.0,0.01,115,91900,买盘
2176,13:59:25,7.99,-0.01,7,5593,卖盘
2177,13:59:28,8.0,0.01,6,4800,买盘
2178,13:59:31,7.99,-0.01,3,2397,卖盘
2179,13:59:36,7.99,0.0,66,52734,卖盘
2180,13:59:39,8.0,0.01,48,38386,买盘
2181,13:59:48,8.0,0.0,10,8000,买盘
2182,13:59:54,8.0,0.0,34,27200,买盘
2183,13:59:57,8.0,0.0,63,50400,买盘
2184,14:00:00,8.0,0.0,1,800,买盘
2185,14:00:03,8.0,0.0,2,1600,买盘
2186,14:00:06,7.99,-0.01,260,207765,卖盘
2187,14:00:10,7.99,0.0,9,7191,买盘
2188,14:00:12,7.99,0.0,579,462621,买盘
2189,14:00:16,7.99,0.0,137,109463,买盘
2190,14:00:18,7.99,0.0,11,8861,买盘
2191,14:00:24,7.99,0.0,2,1534,卖盘
2192,14:00:36,7.99,0.0,2,1599,卖盘
2193,14:00:39,8.0,0.01,11,8793,买盘
2194,14:00:42,7.99,-0.01,7,5594,卖盘
2195,14:00:45,8.0,0.01,31,24800,买盘
2196,14:00:54,7.99,-0.01,80,63920,卖盘
2197,14:00:57,8.0,0.01,78,62400,买盘
2198,14:01:06,7.99,-0.01,1,799,卖盘
2199,14:01:09,8.0,0.01,37,29600,买盘
2200,14:01:12,8.0,0.0,4,3200,买盘
2201,14:01:18,7.99,-0.01,299,238893,卖盘
2202,14:01:21,7.99,0.0,10,7990,买盘
2203,14:01:24,7.99,0.0,54,43146,买盘
2204,14:01:27,7.99,0.0,6,4794,买盘
2205,14:01:30,7.99,0.0,4,3196,买盘
2206,14:01:33,7.99,0.0,59,47116,买盘
2207,14:01:36,7.99,0.0,23,18377,买盘
2208,14:01:43,7.99,0.0,30,23970,买盘
2209,14:01:45,7.99,0.0,2,1598,买盘
2210,14:01:49,7.99,0.0,8,6392,买盘
2211,14:01:51,7.99,0.0,10,7990,买盘
2212,14:01:57,7.99,0.0,86,68714,买盘
2213,14:02:00,7.99,0.0,440,351160,买盘
2214,14:02:04,7.99,0.0,4,3196,买盘
2215,14:02:06,7.99,0.0,150,119858,买盘
2216,14:02:18,8.0,0.01,183,146288,买盘
2217,14:02:30,7.99,-0.01,50,39950,卖盘
2218,14:02:33,8.0,0.01,17,13600,买盘
2219,14:02:36,8.0,0.0,18,14400,卖盘
2220,14:02:39,8.0,0.0,37,29600,卖盘
2221,14:02:42,8.01,0.01,8,6408,买盘
2222,14:02:45,8.01,0.0,3,2403,买盘
2223,14:02:54,8.01,0.0,2,1602,买盘
2224,14:03:00,8.01,0.0,22,17622,买盘
2225,14:03:04,8.01,0.0,31,24808,买盘
2226,14:03:12,8.0,-0.01,94,75200,卖盘
2227,14:03:15,8.01,0.01,3,2403,买盘
2228,14:03:18,8.01,0.0,12,9612,买盘
2229,14:03:21,8.02,0.01,74,59316,买盘
2230,14:03:36,8.02,0.0,37,29674,买盘
2231,14:03:42,8.01,-0.01,39,31269,卖盘
2232,14:03:48,8.02,0.01,29,23238,买盘
2233,14:03:51,8.02,0.0,6,4812,买盘
2234,14:03:57,8.02,0.0,10,8020,买盘
2235,14:04:00,8.02,0.0,1,802,买盘
2236,14:04:12,8.02,0.0,20,16040,买盘
2237,14:04:25,8.01,-0.01,21,16822,卖盘
2238,14:04:34,8.02,0.01,30,24060,买盘
2239,14:04:42,8.01,-0.01,5,4005,卖盘
2240,14:04:48,8.02,0.01,50,40100,买盘
2241,14:05:04,8.02,0.0,2,1604,买盘
2242,14:05:06,8.02,0.0,20,16040,买盘
2243,14:05:09,8.02,0.0,5,4010,买盘
2244,14:05:12,8.02,0.0,3,2406,买盘
2245,14:05:18,8.01,-0.01,50,40050,卖盘
2246,14:05:21,8.02,0.01,25,20045,买盘
2247,14:05:33,8.02,0.0,2,1604,买盘
2248,14:05:39,8.01,-0.01,5,4005,卖盘
2249,14:05:42,8.01,0.0,11,8812,卖盘
2250,14:05:45,8.01,0.0,43,34443,卖盘
2251,14:05:48,8.01,0.0,10,8010,卖盘
2252,14:05:51,8.02,0.01,1,802,买盘
2253,14:05:54,8.01,-0.01,18,14418,卖盘
2254,14:06:00,8.02,0.01,1,802,买盘
2255,14:06:04,8.01,-0.01,58,46458,卖盘
2256,14:06:12,8.02,0.01,91,72949,买盘
2257,14:06:15,8.0,-0.02,124,99281,卖盘
2258,14:06:21,8.0,0.0,150,120000,卖盘
2259,14:06:34,8.0,0.0,12,9600,卖盘
2260,14:06:39,8.0,0.0,112,89617,卖盘
2261,14:06:42,8.0,0.0,30,24001,卖盘
2262,14:06:45,8.0,0.0,34,27230,卖盘
2263,14:06:48,8.02,0.02,47,37694,买盘
2264,14:06:54,8.02,0.0,1,802,买盘
2265,14:07:01,8.0,-0.02,38,30400,卖盘
2266,14:07:06,8.0,0.0,252,201468,卖盘
2267,14:07:12,8.0,0.0,20,16000,卖盘
2268,14:07:18,8.0,0.0,4,3200,卖盘
2269,14:07:24,8.0,0.0,25,20000,买盘
2270,14:07:30,7.99,-0.01,66,52775,卖盘
2271,14:07:42,8.0,0.01,24,19200,卖盘
2272,14:07:45,8.01,0.01,1,801,买盘
2273,14:07:54,8.0,-0.01,3,2400,卖盘
2274,14:07:57,8.01,0.01,13,10402,买盘
2275,14:08:00,8.0,-0.01,18,14408,卖盘
2276,14:08:06,8.0,0.0,20,16000,卖盘
2277,14:08:09,8.0,0.0,11,8800,卖盘
2278,14:08:12,7.99,-0.01,154,123111,卖盘
2279,14:08:31,7.99,0.0,41,32759,卖盘
2280,14:08:33,7.99,0.0,294,235170,卖盘
2281,14:08:36,7.99,0.0,13,10387,卖盘
2282,14:08:45,7.99,0.0,1,799,卖盘
2283,14:08:52,7.99,0.0,20,15980,卖盘
2284,14:09:00,8.0,0.01,1,800,买盘
2285,14:09:04,7.99,-0.01,8,6392,卖盘
2286,14:09:12,7.99,0.0,20,15980,卖盘
2287,14:09:21,8.0,0.01,15,11995,买盘
2288,14:09:30,7.99,-0.01,10,7990,卖盘
2289,14:09:36,7.99,0.0,3,2397,卖盘
2290,14:09:39,8.0,0.01,14,11200,买盘
2291,14:09:42,8.0,0.0,305,244000,买盘
2292,14:09:45,7.99,-0.01,247,197345,卖盘
2293,14:09:48,8.0,0.01,63,50396,买盘
2294,14:10:00,8.0,0.0,206,164417,买盘
2295,14:10:06,8.0,0.0,23,18400,买盘
2296,14:10:24,8.0,0.0,20,16000,买盘
2297,14:10:27,7.99,-0.01,10,7990,卖盘
2298,14:10:31,8.0,0.01,50,40000,买盘
2299,14:10:39,8.0,0.0,20,16000,买盘
2300,14:10:42,7.99,-0.01,26,20774,卖盘
2301,14:10:54,7.99,0.0,3,2397,卖盘
2302,14:11:00,7.99,0.0,8,6392,卖盘
2303,14:11:03,7.99,0.0,10,7990,卖盘
2304,14:11:09,8.0,0.01,9,7200,买盘
2305,14:11:30,7.99,-0.01,30,23970,卖盘
2306,14:11:33,8.0,0.01,10,8000,买盘
2307,14:11:46,8.0,0.0,101,80800,买盘
2308,14:11:48,8.0,0.0,134,107180,买盘
2309,14:11:54,7.99,-0.01,118,94282,卖盘
2310,14:12:00,7.99,0.0,4,3196,卖盘
2311,14:12:04,8.0,0.01,5,4000,买盘
2312,14:12:06,8.0,0.0,2,1600,买盘
2313,14:12:09,8.0,0.0,1,800,买盘
2314,14:12:16,8.0,0.0,50,40000,买盘
2315,14:12:18,7.99,-0.01,162,129480,卖盘
2316,14:12:24,8.0,0.01,6,4800,买盘
2317,14:12:36,8.0,0.0,13,10400,买盘
2318,14:12:45,8.0,0.0,1,800,买盘
2319,14:12:58,8.0,0.0,60,48000,买盘
2320,14:13:00,8.0,0.0,3,2400,买盘
2321,14:13:12,8.0,0.0,10,8000,卖盘
2322,14:13:18,8.0,0.0,12,9600,卖盘
2323,14:13:21,8.0,0.0,9,7200,买盘
2324,14:13:27,8.0,0.0,10,8000,买盘
2325,14:13:42,8.0,0.0,10,8000,买盘
2326,14:13:48,8.0,0.0,14,11200,买盘
2327,14:13:54,8.0,0.0,18,14400,买盘
2328,14:14:04,7.99,-0.01,30,23970,卖盘
2329,14:14:13,7.99,0.0,4,3196,卖盘
2330,14:14:16,8.0,0.01,10,8000,买盘
2331,14:14:19,7.99,-0.01,50,39950,卖盘
2332,14:14:21,8.0,0.01,100,80000,买盘
2333,14:14:24,8.0,0.0,14,11200,买盘
2334,14:14:27,8.0,0.0,10,8000,买盘
2335,14:14:30,7.99,-0.01,11,8793,卖盘
2336,14:14:33,7.99,0.0,32,25568,卖盘
2337,14:14:39,7.99,0.0,2,1598,卖盘
2338,14:14:42,7.99,0.0,20,15980,卖盘
2339,14:14:57,7.99,0.0,20,15980,卖盘
2340,14:15:04,8.0,0.01,26,20800,买盘
2341,14:15:09,7.99,-0.01,20,15980,卖盘
2342,14:15:12,8.0,0.01,47,37600,买盘
2343,14:15:15,7.99,-0.01,5,3995,卖盘
2344,14:15:18,7.99,0.0,5,3995,卖盘
2345,14:15:21,7.99,0.0,15,11985,卖盘
2346,14:15:27,7.99,0.0,22,17578,卖盘
2347,14:15:31,8.0,0.01,11,8800,买盘
2348,14:15:39,8.0,0.0,74,59200,买盘
2349,14:15:42,7.99,-0.01,137,109463,卖盘
2350,14:15:45,7.99,0.0,20,15980,卖盘
2351,14:15:48,7.99,0.0,66,52734,卖盘
2352,14:15:54,7.99,0.0,3,2397,买盘
2353,14:15:57,7.99,0.0,34,27142,买盘
2354,14:16:15,7.98,-0.01,48,38304,卖盘
2355,14:16:18,7.99,0.01,20,15980,买盘
2356,14:16:22,7.98,-0.01,54,43092,卖盘
2357,14:16:33,7.99,0.01,2,1598,买盘
2358,14:16:39,7.98,-0.01,13,10374,卖盘
2359,14:16:42,7.98,0.0,12,9576,卖盘
2360,14:16:45,7.98,0.0,25,19967,卖盘
2361,14:16:51,7.99,0.01,1,799,买盘
2362,14:16:54,7.99,0.0,50,39950,买盘
2363,14:17:03,7.99,0.0,367,293233,买盘
2364,14:17:06,7.99,0.0,106,84694,卖盘
2365,14:17:19,7.99,0.0,2,1598,卖盘
2366,14:17:21,7.99,0.0,5,3995,卖盘
2367,14:17:24,7.99,0.0,2,1598,卖盘
2368,14:17:33,7.99,0.0,108,86292,卖盘
2369,14:17:36,8.0,0.01,10,8000,买盘
2370,14:17:40,7.99,-0.01,21,16779,卖盘
2371,14:17:43,8.0,0.01,40,31995,买盘
2372,14:17:48,7.99,-0.01,400,319600,卖盘
2373,14:17:51,8.0,0.01,72,57580,买盘
2374,14:17:54,7.99,-0.01,6,4794,卖盘
2375,14:17:57,7.99,0.0,322,257278,买盘
2376,14:18:09,7.98,-0.01,1100,877844,卖盘
2377,14:18:19,7.99,0.01,78,62324,买盘
2378,14:18:22,7.98,-0.01,86,68750,卖盘
2379,14:18:24,8.0,0.02,74,59200,买盘
2380,14:18:30,7.98,-0.02,116,92680,卖盘
2381,14:18:33,7.99,0.01,17,13583,买盘
2382,14:18:39,7.99,0.0,15,11985,买盘
2383,14:18:42,7.98,-0.01,400,319200,卖盘
2384,14:18:45,7.99,0.01,1,799,买盘
2385,14:18:52,7.99,0.0,77,61503,买盘
2386,14:18:54,7.98,-0.01,191,152418,卖盘
2387,14:19:04,7.98,0.0,167,133266,卖盘
2388,14:19:06,7.98,0.0,67,53458,卖盘
2389,14:19:09,7.98,0.0,5,3998,卖盘
2390,14:19:21,7.98,0.0,18,14356,卖盘
2391,14:19:27,7.97,-0.01,24,19131,卖盘
2392,14:19:31,7.98,0.01,2,1596,买盘
2393,14:19:36,7.98,0.0,259,206442,买盘
2394,14:19:42,7.97,-0.01,10,7632,卖盘
2395,14:19:45,7.97,0.0,5,3985,卖盘
2396,14:19:48,7.97,0.0,17,13561,卖盘
2397,14:19:51,7.99,0.02,47,37538,买盘
2398,14:19:54,7.97,-0.02,18,14356,卖盘
2399,14:19:57,7.98,0.01,2,1596,买盘
2400,14:20:00,7.98,0.0,50,39900,买盘
2401,14:20:04,7.98,0.0,10,7980,卖盘
2402,14:20:06,7.98,0.0,72,57456,卖盘
2403,14:20:18,7.99,0.01,4,3196,买盘
2404,14:20:28,7.99,0.0,11,8789,买盘
2405,14:20:34,7.98,-0.01,250,199444,卖盘
2406,14:21:06,7.98,0.0,50,39900,卖盘
2407,14:21:12,7.99,0.01,6,4789,买盘
2408,14:21:27,7.99,0.0,1,799,买盘
2409,14:21:30,7.99,0.0,23,18377,买盘
2410,14:21:49,7.99,0.0,46,36749,买盘
2411,14:21:51,7.99,0.0,4,3196,买盘
2412,14:21:54,7.98,-0.01,30,23940,卖盘
2413,14:21:57,7.99,0.01,42,33558,买盘
2414,14:22:09,7.99,0.0,66,52734,买盘
2415,14:22:18,7.99,0.0,74,59126,买盘
2416,14:22:22,7.99,0.0,4,3196,买盘
2417,14:22:33,7.99,0.0,25,19975,买盘
2418,14:22:37,7.99,0.0,7,5593,买盘
2419,14:22:39,7.99,0.0,30,23970,买盘
2420,14:22:42,7.99,0.0,10,7990,买盘
2421,14:22:51,7.99,0.0,28,22372,买盘
2422,14:23:09,7.99,0.0,181,144627,买盘
2423,14:23:39,7.99,0.0,18,14387,卖盘
2424,14:23:45,7.99,0.0,10,7990,卖盘
2425,14:23:51,8.0,0.01,10,8000,买盘
2426,14:24:00,8.0,0.0,2,1600,买盘
2427,14:24:03,7.99,-0.01,20,15980,卖盘
2428,14:24:06,8.0,0.01,99,79200,买盘
2429,14:24:09,8.0,0.0,20,16000,买盘
2430,14:24:12,8.0,0.0,30,23980,买盘
2431,14:24:31,7.99,-0.01,10,7990,卖盘
2432,14:24:45,8.0,0.01,71,56731,买盘
2433,14:24:49,7.99,-0.01,35,27969,卖盘
2434,14:24:58,7.99,0.0,3,2399,卖盘
2435,14:25:00,7.99,0.0,10,7990,卖盘
2436,14:25:04,8.0,0.01,67,53600,买盘
2437,14:25:06,8.0,0.0,11,8790,买盘
2438,14:25:09,7.99,-0.01,5,3995,卖盘
2439,14:25:12,8.0,0.01,151,120790,买盘
2440,14:25:15,8.0,0.0,50,40000,买盘
2441,14:25:18,8.0,0.0,31,24800,买盘
2442,14:25:27,8.0,0.0,10,8000,卖盘
2443,14:25:33,8.0,0.0,85,68000,卖盘
2444,14:25:36,8.0,0.0,5,4000,买盘
2445,14:25:48,8.0,0.0,45,36000,买盘
2446,14:25:51,8.0,0.0,21,16800,卖盘
2447,14:25:54,8.0,0.0,29,23200,买盘
2448,14:26:04,8.01,0.01,5,4005,买盘
2449,14:26:10,8.0,-0.01,52,41598,卖盘
2450,14:26:12,8.01,0.01,10,8010,买盘
2451,14:26:18,8.0,-0.01,1,800,卖盘
2452,14:26:21,8.01,0.01,1,801,买盘
2453,14:26:42,8.01,0.0,43,34443,买盘
2454,14:26:54,8.01,0.0,15,12015,买盘
2455,14:27:00,8.01,0.0,30,24030,买盘
2456,14:27:04,8.01,0.0,74,59274,买盘
2457,14:27:06,8.01,0.0,39,31239,买盘
2458,14:27:15,8.01,0.0,5,4005,买盘
2459,14:27:27,8.01,0.0,25,20025,买盘
2460,14:27:30,8.01,0.0,10,8009,买盘
2461,14:27:36,8.01,0.0,52,41652,买盘
2462,14:27:42,8.0,-0.01,17,13600,卖盘
2463,14:27:48,8.01,0.01,3,2403,买盘
2464,14:27:54,8.0,-0.01,35,28010,卖盘
2465,14:27:57,8.0,0.0,2,1600,卖盘
2466,14:28:00,8.01,0.01,20,16020,买盘
2467,14:28:03,8.01,0.0,21,16813,买盘
2468,14:28:06,8.01,0.0,221,177021,买盘
2469,14:28:18,8.01,0.0,322,257922,卖盘
2470,14:28:27,8.02,0.01,5,4010,买盘
2471,14:28:36,8.01,-0.01,18,14418,卖盘
2472,14:28:39,8.02,0.01,6,4812,买盘
2473,14:28:42,8.02,0.0,5,4010,买盘
2474,14:28:48,8.02,0.0,16,12817,买盘
2475,14:28:52,8.02,0.0,85,68170,买盘
2476,14:28:54,8.01,-0.01,1,801,卖盘
2477,14:29:00,8.01,0.0,50,40050,卖盘
2478,14:29:03,8.02,0.01,153,122706,买盘
2479,14:29:06,8.02,0.0,48,38496,买盘
2480,14:29:09,8.02,0.0,1,802,买盘
2481,14:29:18,8.02,0.0,89,71378,买盘
2482,14:29:24,8.02,0.0,157,125904,买盘
2483,14:29:28,8.02,0.0,5,4010,卖盘
2484,14:29:34,8.02,0.0,40,32080,卖盘
2485,14:29:42,8.02,0.0,15,12030,卖盘
2486,14:29:51,8.03,0.01,10,8030,买盘
2487,14:29:54,8.03,0.0,100,80300,买盘
2488,14:30:00,8.03,0.0,3,2409,买盘
2489,14:30:03,8.03,0.0,1,803,买盘
2490,14:30:09,8.03,0.0,10,8030,买盘
2491,14:30:12,8.03,0.0,54,43362,买盘
2492,14:30:18,8.03,0.0,20,16060,买盘
2493,14:30:21,8.03,0.0,22,17666,买盘
2494,14:30:24,8.03,0.0,51,40953,买盘
2495,14:30:27,8.03,0.0,130,104390,买盘
2496,14:30:30,8.02,-0.01,10,8020,卖盘
2497,14:30:33,8.03,0.01,311,249733,买盘
2498,14:30:39,8.03,0.0,22,17666,卖盘
2499,14:30:45,8.03,0.0,11,8833,卖盘
2500,14:30:48,8.03,0.0,137,110068,卖盘
2501,14:30:54,8.03,0.0,20,16060,卖盘
2502,14:31:00,8.03,0.0,208,167024,卖盘
2503,14:31:03,8.04,0.01,18,14462,买盘
2504,14:31:06,8.03,-0.01,74,59422,卖盘
2505,14:31:24,8.02,-0.01,184,147568,卖盘
2506,14:31:28,8.02,0.0,20,16040,买盘
2507,14:31:34,8.01,-0.01,20,16030,卖盘
2508,14:31:39,8.02,0.01,1,802,买盘
2509,14:31:42,8.02,0.0,1,802,买盘
2510,14:31:48,8.01,-0.01,215,172215,卖盘
2511,14:31:51,8.01,0.0,8,6408,卖盘
2512,14:31:54,8.01,0.0,7,5607,卖盘
2513,14:32:00,8.01,0.0,13,10413,卖盘
2514,14:32:09,8.02,0.01,74,59348,买盘
2515,14:32:12,8.01,-0.01,5,4005,卖盘
2516,14:32:18,8.02,0.01,10,8020,买盘
2517,14:32:21,8.01,-0.01,85,68095,卖盘
2518,14:32:24,8.01,0.0,20,16020,卖盘
2519,14:32:30,8.01,0.0,10,8010,卖盘
2520,14:32:36,8.01,0.0,9,7209,卖盘
2521,14:32:39,8.02,0.01,144,115435,买盘
2522,14:32:45,8.02,0.0,25,20050,买盘
2523,14:32:48,8.02,0.0,50,40097,买盘
2524,14:32:51,8.0,-0.02,6,4804,卖盘
2525,14:32:54,8.0,0.0,3,2400,卖盘
2526,14:33:01,8.01,0.01,13,10413,卖盘
2527,14:33:07,8.01,0.0,4,3204,卖盘
2528,14:33:10,8.01,0.0,102,81604,买盘
2529,14:33:18,8.01,0.0,6,4806,买盘
2530,14:33:24,8.01,0.0,34,27234,买盘
2531,14:33:33,8.01,0.0,20,16020,卖盘
2532,14:33:36,8.02,0.01,42,33675,买盘
2533,14:33:42,8.01,-0.01,27,21649,卖盘
2534,14:33:48,8.02,0.01,5,4010,买盘
2535,14:33:54,8.02,0.0,10,8020,买盘
2536,14:34:04,8.02,0.0,10,8020,买盘
2537,14:34:09,8.02,0.0,10,8020,买盘
2538,14:34:12,8.02,0.0,40,32080,买盘
2539,14:34:18,8.02,0.0,176,141152,买盘
2540,14:34:21,8.01,-0.01,5,4005,卖盘
2541,14:34:24,8.03,0.02,74,59417,买盘
2542,14:34:42,8.03,0.0,20,16060,买盘
2543,14:34:48,8.02,-0.01,3,2406,卖盘
2544,14:34:51,8.03,0.01,137,109911,买盘
2545,14:34:54,8.03,0.0,4,3212,买盘
2546,14:35:00,8.02,-0.01,9,7218,买盘
2547,14:35:04,8.02,0.0,58,46553,买盘
2548,14:35:06,8.02,0.0,1,802,卖盘
2549,14:35:12,8.02,0.0,45,36090,卖盘
2550,14:35:15,8.02,0.0,13,10426,卖盘
2551,14:35:22,8.03,0.01,28,22484,买盘
2552,14:35:27,8.03,0.0,13,10429,买盘
2553,14:35:30,8.02,-0.01,20,16040,卖盘
2554,14:35:33,8.03,0.01,43,34519,买盘
2555,14:35:39,8.01,-0.02,80,64130,卖盘
2556,14:35:51,8.01,0.0,33,26462,卖盘
2557,14:35:57,8.02,0.01,1,802,买盘
2558,14:36:04,8.01,-0.01,40,32040,卖盘
2559,14:36:06,8.01,0.0,115,92115,卖盘
2560,14:36:13,8.02,0.01,4,3208,买盘
2561,14:36:15,8.01,-0.01,13,10413,卖盘
2562,14:36:21,8.02,0.01,19,15238,买盘
2563,14:36:24,8.02,0.0,100,80200,买盘
2564,14:36:27,8.02,0.0,4,3208,买盘
2565,14:36:30,8.03,0.01,184,147586,买盘
2566,14:36:36,8.01,-0.02,20,16020,卖盘
2567,14:36:45,8.03,0.02,4,3212,买盘
2568,14:37:10,8.02,-0.01,1,802,卖盘
2569,14:37:16,8.02,0.0,13,10426,卖盘
2570,14:37:18,8.02,0.0,33,26466,卖盘
2571,14:37:27,8.02,0.0,15,12040,卖盘
2572,14:37:39,8.03,0.01,1,803,买盘
2573,14:37:48,8.03,0.0,50,40150,买盘
2574,14:37:57,8.03,0.0,6,4818,买盘
2575,14:38:00,8.02,-0.01,5,4010,卖盘
2576,14:38:06,8.02,0.0,2,1604,卖盘
2577,14:38:16,8.02,0.0,16,12832,卖盘
2578,14:38:18,8.02,0.0,35,28080,卖盘
2579,14:38:21,8.02,0.0,45,36134,卖盘
2580,14:38:27,8.02,0.0,44,35288,卖盘
2581,14:38:30,8.02,0.0,109,87418,卖盘
2582,14:38:33,8.02,0.0,16,12832,卖盘
2583,14:38:36,8.02,0.0,4,3208,卖盘
2584,14:38:39,8.02,0.0,7,5614,卖盘
2585,14:38:42,8.02,0.0,14,11228,卖盘
2586,14:38:45,8.02,0.0,6,4812,卖盘
2587,14:38:48,8.02,0.0,27,21654,卖盘
2588,14:38:51,8.02,0.0,4,3208,卖盘
2589,14:38:54,8.02,0.0,111,89022,卖盘
2590,14:38:57,8.02,0.0,2,1604,卖盘
2591,14:39:00,8.02,0.0,27,21654,卖盘
2592,14:39:03,8.0,-0.02,880,704338,卖盘
2593,14:39:19,8.01,0.01,7,5607,卖盘
2594,14:39:21,8.0,-0.01,120,96051,卖盘
2595,14:39:27,8.0,0.0,307,245611,卖盘
2596,14:39:39,8.0,0.0,11,8800,卖盘
2597,14:39:43,7.98,-0.02,1148,917265,卖盘
2598,14:39:45,8.0,0.02,35,27996,买盘
2599,14:39:48,7.97,-0.03,1,797,卖盘
2600,14:39:51,7.97,0.0,182,145064,卖盘
2601,14:39:54,7.97,0.0,46,36662,买盘
2602,14:40:00,7.96,-0.01,60,47760,卖盘
2603,14:40:04,7.96,0.0,5,3980,卖盘
2604,14:40:06,7.97,0.01,10,7965,买盘
2605,14:40:09,7.96,-0.01,32,25494,卖盘
2606,14:40:12,7.96,0.0,13,10358,卖盘
2607,14:40:16,7.96,0.0,34,27069,卖盘
2608,14:40:18,7.96,0.0,54,43001,卖盘
2609,14:40:21,7.96,0.0,38,30258,卖盘
2610,14:40:24,7.95,-0.01,1000,795663,卖盘
2611,14:40:27,7.95,0.0,65,51692,卖盘
2612,14:40:30,7.96,0.01,84,66864,买盘
2613,14:40:34,7.95,-0.01,80,63604,卖盘
2614,14:40:36,7.95,0.0,90,71550,卖盘
2615,14:40:39,7.97,0.02,20,15940,买盘
2616,14:40:42,7.95,-0.02,203,161455,卖盘
2617,14:40:45,7.96,0.01,66,52507,买盘
2618,14:40:48,7.95,-0.01,10,7950,卖盘
2619,14:40:51,7.95,0.0,200,159000,卖盘
2620,14:40:54,7.95,0.0,530,421350,卖盘
2621,14:40:57,7.95,0.0,40,31800,卖盘
2622,14:41:00,7.95,0.0,143,113795,卖盘
2623,14:41:04,7.96,0.01,4,3184,买盘
2624,14:41:06,7.97,0.01,241,191954,买盘
2625,14:41:09,7.96,-0.01,5,3980,卖盘
2626,14:41:12,7.96,0.0,5,3980,卖盘
2627,14:41:15,7.96,0.0,15,11940,卖盘
2628,14:41:18,7.97,0.01,3,2391,买盘
2629,14:41:21,7.96,-0.01,15,11941,卖盘
2630,14:41:30,7.97,0.01,102,81292,买盘
2631,14:41:33,7.97,0.0,110,87670,买盘
2632,14:41:36,7.97,0.0,12,9564,买盘
2633,14:41:39,7.96,-0.01,126,100347,卖盘
2634,14:41:45,7.97,0.01,15,11955,中性盘
2635,14:41:48,7.97,0.0,30,23910,卖盘
2636,14:41:51,7.97,0.0,6,4782,卖盘
2637,14:42:00,7.98,0.01,68,54224,买盘
2638,14:42:04,7.97,-0.01,13,10361,卖盘
2639,14:42:06,7.97,0.0,77,61443,卖盘
2640,14:42:09,7.97,0.0,155,123545,卖盘
2641,14:42:12,7.98,0.01,15,11965,买盘
2642,14:42:18,7.97,-0.01,3,2391,卖盘
2643,14:42:24,7.97,0.0,24,19128,卖盘
2644,14:42:27,7.96,-0.01,45,35863,卖盘
2645,14:42:30,7.98,0.02,50,39875,买盘
2646,14:42:40,7.97,-0.01,16,12752,买盘
2647,14:42:43,7.97,0.0,10,7970,卖盘
2648,14:42:48,7.97,0.0,46,36662,卖盘
2649,14:42:51,7.98,0.01,6,4787,买盘
2650,14:43:06,7.97,-0.01,64,51013,卖盘
2651,14:43:15,7.97,0.0,43,34271,卖盘
2652,14:43:25,7.97,0.0,84,66948,卖盘
2653,14:43:31,7.98,0.01,1,798,买盘
2654,14:43:34,7.97,-0.01,3,2391,卖盘
2655,14:43:36,7.97,0.0,3,2391,卖盘
2656,14:43:39,7.98,0.01,1,798,买盘
2657,14:43:42,7.97,-0.01,25,19925,卖盘
2658,14:43:49,7.97,0.0,2,1594,卖盘
2659,14:43:52,7.97,0.0,53,42241,卖盘
2660,14:43:58,7.98,0.01,17,13553,买盘
2661,14:44:04,7.98,0.0,77,61411,买盘
2662,14:44:09,7.96,-0.02,46,36616,卖盘
2663,14:44:12,7.96,0.0,30,23880,卖盘
2664,14:44:16,7.96,0.0,13,10348,卖盘
2665,14:44:21,7.97,0.01,25,19920,买盘
2666,14:44:28,7.97,0.0,7,5579,卖盘
2667,14:44:30,7.97,0.0,19,15143,买盘
2668,14:44:33,7.96,-0.01,15,11945,卖盘
2669,14:44:40,7.96,0.0,6,4776,卖盘
2670,14:44:45,7.97,0.01,5,3985,买盘
2671,14:44:54,7.97,0.0,22,17534,买盘
2672,14:44:57,7.97,0.0,78,62166,卖盘
2673,14:45:01,7.96,-0.01,16,12737,卖盘
2674,14:45:04,7.96,0.0,20,15920,卖盘
2675,14:45:07,7.96,0.0,27,21494,卖盘
2676,14:45:15,7.97,0.01,33,26288,买盘
2677,14:45:18,7.97,0.0,17,13534,买盘
2678,14:45:21,7.97,0.0,15,11955,买盘
2679,14:45:27,7.97,0.0,25,19923,买盘
2680,14:45:30,7.97,0.0,71,56588,卖盘
2681,14:45:33,7.97,0.0,61,48617,卖盘
2682,14:45:37,7.97,0.0,59,47053,卖盘
2683,14:45:39,7.98,0.01,20,15960,买盘
2684,14:45:51,7.98,0.0,65,51870,买盘
2685,14:45:57,7.97,-0.01,150,119650,卖盘
2686,14:46:00,7.97,0.0,13,10361,卖盘
2687,14:46:06,7.98,0.01,10,7980,买盘
2688,14:46:09,7.98,0.0,10,7980,买盘
2689,14:46:15,7.98,0.0,3,2394,买盘
2690,14:46:28,7.98,0.0,16,12768,买盘
2691,14:46:31,7.98,0.0,148,118104,买盘
2692,14:46:34,7.98,0.0,5,3990,买盘
2693,14:46:36,7.98,0.0,4,3192,卖盘
2694,14:46:42,7.98,0.0,25,19950,卖盘
2695,14:46:45,7.99,0.01,84,67116,买盘
2696,14:46:48,7.98,-0.01,7,5586,卖盘
2697,14:46:54,7.99,0.01,29,23171,买盘
2698,14:47:04,7.99,0.0,7,5593,买盘
2699,14:47:09,7.99,0.0,56,44744,买盘
2700,14:47:15,7.99,0.0,3,2397,买盘
2701,14:47:21,7.99,0.0,17,13583,买盘
2702,14:47:24,7.98,-0.01,2,1596,卖盘
2703,14:47:27,7.98,0.0,34,27141,卖盘
2704,14:47:37,7.99,0.01,10,7990,买盘
2705,14:47:40,7.98,-0.01,158,126084,卖盘
2706,14:47:46,7.97,-0.01,49,39087,卖盘
2707,14:47:48,7.99,0.02,29,23155,买盘
2708,14:47:51,7.98,-0.01,3,2394,中性盘
2709,14:47:54,7.99,0.01,130,103870,买盘
2710,14:47:57,7.98,-0.01,2,1596,卖盘
2711,14:48:00,7.98,0.0,4,3192,卖盘
2712,14:48:04,7.98,0.0,12,9576,买盘
2713,14:48:10,7.99,0.01,10,7990,买盘
2714,14:48:18,7.98,-0.01,6,4788,卖盘
2715,14:48:21,7.98,0.0,32,25539,卖盘
2716,14:48:25,7.98,0.0,25,19950,卖盘
2717,14:48:28,7.99,0.01,3,2397,买盘
2718,14:48:39,7.99,0.0,5,3995,买盘
2719,14:48:51,7.98,-0.01,13,10377,卖盘
2720,14:49:00,7.98,0.0,13,10374,卖盘
2721,14:49:04,7.98,0.0,11,8778,卖盘
2722,14:49:06,7.98,0.0,180,143640,卖盘
2723,14:49:09,7.98,0.0,1,798,卖盘
2724,14:49:15,7.98,0.0,50,39900,卖盘
2725,14:49:18,7.98,0.0,29,23142,卖盘
2726,14:49:24,7.98,0.0,39,31122,买盘
2727,14:49:27,7.98,0.0,7,5586,买盘
2728,14:49:30,7.98,0.0,6,4788,买盘
2729,14:49:33,7.98,0.0,53,42294,买盘
2730,14:49:36,7.97,-0.01,23,18331,卖盘
2731,14:49:39,7.98,0.01,83,66154,买盘
2732,14:49:42,7.98,0.0,127,101305,买盘
2733,14:49:45,7.97,-0.01,804,640788,卖盘
2734,14:49:48,7.97,0.0,52,41444,买盘
2735,14:49:51,7.97,0.0,50,39850,买盘
2736,14:49:54,7.97,0.0,21,16722,买盘
2737,14:50:04,7.96,-0.01,109,86853,卖盘
2738,14:50:06,7.97,0.01,497,396109,买盘
2739,14:50:09,7.96,-0.01,473,376556,卖盘
2740,14:50:12,7.98,0.02,46,36692,买盘
2741,14:50:15,7.97,-0.01,131,104305,买盘
2742,14:50:18,7.96,-0.01,90,71640,卖盘
2743,14:50:21,7.96,0.0,46,36616,卖盘
2744,14:50:24,7.96,0.0,100,79600,卖盘
2745,14:50:28,7.97,0.01,72,57314,买盘
2746,14:50:30,7.96,-0.01,290,230840,卖盘
2747,14:50:33,7.96,0.0,36,28670,卖盘
2748,14:50:36,7.96,0.0,5,3980,买盘
2749,14:50:39,7.95,-0.01,22,17497,卖盘
2750,14:50:45,7.96,0.01,3,2388,买盘
2751,14:50:48,7.95,-0.01,54,42930,卖盘
2752,14:50:51,7.95,0.0,128,101760,卖盘
2753,14:50:54,7.95,0.0,86,68401,卖盘
2754,14:50:57,7.95,0.0,18,14310,卖盘
2755,14:51:00,7.95,0.0,128,101760,卖盘
2756,14:51:06,7.95,0.0,3,2385,卖盘
2757,14:51:12,7.96,0.01,9,7164,买盘
2758,14:51:18,7.95,-0.01,51,40551,卖盘
2759,14:51:25,7.95,0.0,205,162975,卖盘
2760,14:51:28,7.95,0.0,208,165383,卖盘
2761,14:51:31,7.96,0.01,50,39800,买盘
2762,14:51:34,7.95,-0.01,4,3180,卖盘
2763,14:51:36,7.95,0.0,103,81985,卖盘
2764,14:51:39,7.95,0.0,47,37365,卖盘
2765,14:51:42,7.95,0.0,4,3180,卖盘
2766,14:51:45,7.96,0.01,4,3184,买盘
2767,14:51:49,7.95,-0.01,114,90630,卖盘
2768,14:51:51,7.96,0.01,42,33421,买盘
2769,14:51:54,7.96,0.0,105,83580,买盘
2770,14:52:00,7.95,-0.01,202,160590,卖盘
2771,14:52:04,7.95,0.0,58,46140,卖盘
2772,14:52:07,7.95,0.0,90,71596,卖盘
2773,14:52:09,7.96,0.01,92,73143,买盘
2774,14:52:12,7.96,0.0,98,78008,买盘
2775,14:52:16,7.94,-0.02,128,101785,卖盘
2776,14:52:18,7.96,0.02,5,3980,买盘
2777,14:52:21,7.96,0.0,3,2388,买盘
2778,14:52:24,7.95,-0.01,9,7155,中性盘
2779,14:52:27,7.95,0.0,11,8745,买盘
2780,14:52:30,7.95,0.0,4,3180,买盘
2781,14:52:33,7.95,0.0,20,15900,买盘
2782,14:52:37,7.95,0.0,44,34966,买盘
2783,14:52:39,7.95,0.0,2,1590,买盘
2784,14:52:45,7.95,0.0,124,98464,买盘
2785,14:52:48,7.96,0.01,132,104954,买盘
2786,14:52:52,7.96,0.0,1,796,买盘
2787,14:52:55,7.95,-0.01,1,795,买盘
2788,14:52:57,7.95,0.0,7,5565,买盘
2789,14:53:00,7.95,0.0,22,17480,买盘
2790,14:53:04,7.95,0.0,48,38160,买盘
2791,14:53:06,7.94,-0.01,1,794,卖盘
2792,14:53:15,7.94,0.0,39,30966,卖盘
2793,14:53:18,7.95,0.01,45,35775,买盘
2794,14:53:21,7.94,-0.01,5,3970,卖盘
2795,14:53:24,7.95,0.01,10,7950,买盘
2796,14:53:27,7.95,0.0,103,81883,买盘
2797,14:53:31,7.95,0.0,15,11925,买盘
2798,14:53:34,7.92,-0.03,1025,813001,卖盘
2799,14:53:37,7.95,0.03,147,116864,买盘
2800,14:53:39,7.95,0.0,40,31800,卖盘
2801,14:53:42,7.94,-0.01,372,295725,卖盘
2802,14:53:49,7.92,-0.02,96,76034,卖盘
2803,14:53:51,7.93,0.01,25,19825,卖盘
2804,14:53:54,7.93,0.0,145,114985,买盘
2805,14:53:57,7.93,0.0,393,311835,卖盘
2806,14:54:00,7.93,0.0,46,36478,买盘
2807,14:54:04,7.93,0.0,76,60268,买盘
2808,14:54:07,7.93,0.0,237,187741,买盘
2809,14:54:10,7.9,-0.03,924,730813,卖盘
2810,14:54:13,7.93,0.03,170,134672,买盘
2811,14:54:18,7.93,0.0,24,19028,买盘
2812,14:54:21,7.93,0.0,9,7137,卖盘
2813,14:54:25,7.94,0.01,42,33339,买盘
2814,14:54:27,7.95,0.01,226,178771,买盘
2815,14:54:30,7.94,-0.01,20,15880,卖盘
2816,14:54:33,7.94,0.0,167,132598,卖盘
2817,14:54:37,7.94,0.0,22,17458,买盘
2818,14:54:40,7.91,-0.03,28,22203,卖盘
2819,14:54:43,7.94,0.03,7,5558,买盘
2820,14:54:48,7.93,-0.01,10,7930,卖盘
2821,14:54:54,7.94,0.01,7,5553,买盘
2822,14:55:00,7.93,-0.01,27,21413,卖盘
2823,14:55:04,7.94,0.01,10,7940,买盘
2824,14:55:07,7.93,-0.01,112,88917,卖盘
2825,14:55:09,7.94,0.01,56,44459,买盘
2826,14:55:13,7.93,-0.01,50,39673,卖盘
2827,14:55:16,7.93,0.0,69,54766,卖盘
2828,14:55:19,7.93,0.0,34,26962,卖盘
2829,14:55:21,7.94,0.01,109,86546,买盘
2830,14:55:25,7.94,0.0,32,25408,卖盘
2831,14:55:27,7.95,0.01,24,19057,买盘
2832,14:55:31,7.95,0.0,34,27000,买盘
2833,14:55:34,7.95,0.0,10,7950,买盘
2834,14:55:40,7.95,0.0,3,2385,买盘
2835,14:55:42,7.94,-0.01,400,317649,卖盘
2836,14:55:45,7.94,0.0,209,165954,卖盘
2837,14:55:51,7.94,0.0,77,61138,买盘
2838,14:55:54,7.94,0.0,149,118287,买盘
2839,14:55:57,7.93,-0.01,24,19032,卖盘
2840,14:56:00,7.93,0.0,14,11102,卖盘
2841,14:56:04,7.94,0.01,105,83370,买盘
2842,14:56:09,7.94,0.0,198,157023,买盘
2843,14:56:12,7.94,0.0,27,21438,买盘
2844,14:56:16,7.94,0.0,50,39677,买盘
2845,14:56:19,7.93,-0.01,10,7930,卖盘
2846,14:56:25,7.94,0.01,119,94413,买盘
2847,14:56:34,7.93,-0.01,5,3967,卖盘
2848,14:56:37,7.93,0.0,249,197457,卖盘
2849,14:56:40,7.93,0.0,69,54717,买盘
2850,14:56:43,7.93,0.0,2,1586,买盘
2851,14:56:45,7.92,-0.01,30,23767,卖盘
2852,14:56:51,7.92,0.0,214,169489,卖盘
2853,14:56:54,7.92,0.0,77,60984,卖盘
2854,14:56:58,7.93,0.01,45,35666,买盘
2855,14:57:00,7.92,-0.01,5,3960,卖盘
2856,15:00:04,7.92,0.0,2676,2119392,卖盘
