,time,price,change,volume,amount,type
0,09:25:04,5.05,-0.01,30,15150,卖盘
1,09:30:01,5.05,0.0,20,10100,卖盘
2,09:30:04,5.05,0.0,74,37174,中性盘
3,09:30:06,5.03,-0.02,1,503,卖盘
4,09:30:09,5.05,0.02,10,5049,买盘
5,09:30:18,5.04,-0.01,1,504,买盘
6,09:30:22,5.04,0.0,3,1512,买盘
7,09:30:24,5.04,0.0,30,15120,买盘
8,09:30:27,5.05,0.01,1,505,买盘
9,09:30:34,5.04,-0.01,5,2521,卖盘
10,09:30:40,5.05,0.01,7,3535,买盘
11,09:30:43,5.04,-0.01,3,1514,卖盘
12,09:30:52,5.05,0.01,3,1515,买盘
13,09:30:55,5.05,0.0,20,10095,买盘
14,09:31:07,5.05,0.0,103,52015,买盘
15,09:31:13,5.06,0.01,1,506,买盘
16,09:31:25,5.06,0.0,7,3538,买盘
17,09:31:33,5.05,-0.01,2,1010,卖盘
18,09:31:40,5.06,0.01,2,1012,买盘
19,09:31:42,5.05,-0.01,5,2525,卖盘
20,09:31:58,5.06,0.01,9,4554,买盘
21,09:32:01,5.06,0.0,3,1518,买盘
22,09:32:12,5.06,0.0,4,2024,卖盘
23,09:32:19,5.07,0.01,37,18759,买盘
24,09:32:22,5.07,0.0,6,3042,买盘
25,09:32:28,5.07,0.0,5,2535,买盘
26,09:32:31,5.07,0.0,3,1521,买盘
27,09:32:34,5.06,-0.01,6,3037,卖盘
28,09:32:37,5.07,0.01,2,1014,买盘
29,09:32:40,5.07,0.0,19,9633,买盘
30,09:32:43,5.07,0.0,8,4056,卖盘
31,09:33:04,5.07,0.0,5,2535,卖盘
32,09:33:13,5.08,0.01,2,1016,买盘
33,09:33:16,5.08,0.0,8,4064,买盘
34,09:33:19,5.08,0.0,27,13716,买盘
35,09:33:21,5.08,0.0,5,2540,卖盘
36,09:33:28,5.08,0.0,28,14224,卖盘
37,09:33:31,5.09,0.01,51,25958,买盘
38,09:33:42,5.09,0.0,84,42756,买盘
39,09:33:46,5.09,0.0,9,4581,卖盘
40,09:33:55,5.1,0.01,6,3056,买盘
41,09:33:57,5.09,-0.01,138,70242,卖盘
42,09:34:10,5.09,0.0,5,2545,买盘
43,09:34:12,5.08,-0.01,5,2540,卖盘
44,09:34:19,5.09,0.01,13,6617,买盘
45,09:34:31,5.08,-0.01,20,10160,卖盘
46,09:34:37,5.08,0.0,1,508,买盘
47,09:34:43,5.07,-0.01,4,2028,卖盘
48,09:34:46,5.08,0.01,43,21811,买盘
49,09:34:49,5.08,0.0,30,15240,卖盘
50,09:34:52,5.08,0.0,70,35560,买盘
51,09:34:55,5.08,0.0,40,20320,卖盘
52,09:34:58,5.08,0.0,1,508,买盘
53,09:35:04,5.07,-0.01,63,31941,卖盘
54,09:35:07,5.07,0.0,9,4563,卖盘
55,09:35:09,5.07,0.0,13,6591,卖盘
56,09:35:16,5.07,0.0,231,117117,卖盘
57,09:35:19,5.07,0.0,104,52728,卖盘
58,09:35:33,5.06,-0.01,1,506,卖盘
59,09:35:51,5.06,0.0,2,1012,卖盘
60,09:35:55,5.06,0.0,15,7590,卖盘
61,09:36:12,5.07,0.01,1,507,买盘
62,09:36:19,5.06,-0.01,9,4554,卖盘
63,09:36:28,5.06,0.0,17,8602,卖盘
64,09:36:48,5.07,0.01,15,7605,买盘
65,09:37:10,5.06,-0.01,1,506,卖盘
66,09:37:16,5.06,0.0,70,35420,卖盘
67,09:37:18,5.07,0.01,119,60333,买盘
68,09:37:22,5.07,0.0,10,5070,卖盘
69,09:37:28,5.07,0.0,9,4563,卖盘
70,09:37:31,5.07,0.0,18,9126,卖盘
71,09:37:33,5.07,0.0,24,12168,卖盘
72,09:38:01,5.06,-0.01,10,5060,卖盘
73,09:38:04,5.06,0.0,45,22770,卖盘
74,09:38:07,5.06,0.0,24,12152,卖盘
75,09:38:13,5.06,0.0,31,15686,卖盘
76,09:38:16,5.06,0.0,7,3542,卖盘
77,09:38:18,5.06,0.0,6,3036,卖盘
78,09:38:21,5.06,0.0,11,5566,卖盘
79,09:38:24,5.06,0.0,5,2530,卖盘
80,09:38:30,5.06,0.0,38,19228,卖盘
81,09:38:37,5.06,0.0,3,1518,卖盘
82,09:38:46,5.06,0.0,8,4048,卖盘
83,09:38:49,5.06,0.0,180,91080,卖盘
84,09:38:57,5.05,-0.01,27,13646,卖盘
85,09:39:04,5.05,0.0,34,17170,卖盘
86,09:39:06,5.05,0.0,28,14140,卖盘
87,09:39:10,5.05,0.0,2,1010,卖盘
88,09:39:13,5.05,0.0,17,8585,卖盘
89,09:39:16,5.05,0.0,2,1010,卖盘
90,09:39:28,5.05,0.0,12,6060,卖盘
91,09:39:37,5.05,0.0,10,5050,卖盘
92,09:39:43,5.05,0.0,100,50500,卖盘
93,09:39:52,5.05,0.0,474,239370,卖盘
94,09:40:04,5.05,0.0,6,3030,买盘
95,09:40:06,5.05,0.0,50,25212,买盘
96,09:40:10,5.04,-0.01,55,27720,卖盘
97,09:40:15,5.06,0.02,200,101194,买盘
98,09:40:25,5.06,0.0,39,19734,买盘
99,09:40:34,5.06,0.0,62,31372,买盘
100,09:40:55,5.06,0.0,1,506,买盘
101,09:41:04,5.06,0.0,20,10120,买盘
102,09:41:10,5.06,0.0,4,2024,买盘
103,09:41:28,5.05,-0.01,1,505,卖盘
104,09:41:31,5.06,0.01,17,8600,买盘
105,09:41:33,5.06,0.0,4,2024,卖盘
106,09:41:37,5.06,0.0,2,1012,卖盘
107,09:41:39,5.06,0.0,41,20746,卖盘
108,09:41:43,5.06,0.0,10,5060,买盘
109,09:41:49,5.05,-0.01,49,24745,卖盘
110,09:42:13,5.06,0.01,13,6575,买盘
111,09:42:19,5.05,-0.01,7,3535,卖盘
112,09:42:22,5.05,0.0,4,2020,卖盘
113,09:42:24,5.05,0.0,1,505,卖盘
114,09:42:28,5.05,0.0,1,505,卖盘
115,09:42:31,5.05,0.0,1,505,卖盘
116,09:42:34,5.05,0.0,3,1515,卖盘
117,09:42:36,5.05,0.0,5,2525,卖盘
118,09:42:40,5.05,0.0,31,15655,卖盘
119,09:42:43,5.05,0.0,11,5555,卖盘
120,09:43:01,5.05,0.0,30,15150,买盘
121,09:43:04,5.04,-0.01,30,15120,卖盘
122,09:43:16,5.05,0.01,35,17675,买盘
123,09:43:19,5.05,0.0,1,505,卖盘
124,09:43:25,5.04,-0.01,100,50400,卖盘
125,09:43:37,5.05,0.01,27,13634,买盘
126,09:43:46,5.05,0.0,10,5050,卖盘
127,09:44:04,5.05,0.0,8,4040,卖盘
128,09:44:10,5.06,0.01,1,506,买盘
129,09:44:33,5.06,0.0,30,15180,买盘
130,09:44:36,5.05,-0.01,2,1010,卖盘
131,09:44:39,5.06,0.01,50,25300,买盘
132,09:44:43,5.06,0.0,28,14168,买盘
133,09:44:58,5.06,0.0,10,5060,卖盘
134,09:45:22,5.07,0.01,1,507,买盘
135,09:45:46,5.06,-0.01,2,1012,卖盘
136,09:45:48,5.07,0.01,10,5070,买盘
137,09:46:07,5.06,-0.01,59,29854,卖盘
138,09:46:21,5.07,0.01,21,10647,买盘
139,09:46:25,5.06,-0.01,33,16698,卖盘
140,09:46:31,5.06,0.0,1,506,卖盘
141,09:46:43,5.07,0.01,20,10140,买盘
142,09:46:49,5.07,0.0,50,25350,买盘
143,09:46:58,5.07,0.0,10,5070,买盘
144,09:47:06,5.06,-0.01,31,15686,卖盘
145,09:47:49,5.06,0.0,25,12650,卖盘
146,09:47:51,5.06,0.0,7,3542,卖盘
147,09:47:54,5.06,0.0,6,3036,卖盘
148,09:47:58,5.06,0.0,113,57178,卖盘
149,09:48:06,5.05,-0.01,29,14645,卖盘
150,09:48:18,5.06,0.01,31,15686,买盘
151,09:48:22,5.06,0.0,69,34914,卖盘
152,09:48:33,5.05,-0.01,4,2020,卖盘
153,09:48:36,5.05,0.0,8,4040,卖盘
154,09:49:19,5.06,0.01,26,13156,买盘
155,09:49:21,5.05,-0.01,84,42454,卖盘
156,09:49:28,5.05,0.0,6,3030,卖盘
157,09:49:31,5.05,0.0,5,2525,卖盘
158,09:49:36,5.05,0.0,31,15655,卖盘
159,09:49:40,5.06,0.01,34,17204,买盘
160,09:49:48,5.06,0.0,22,11132,买盘
161,09:50:04,5.06,0.0,9,4554,买盘
162,09:50:07,5.05,-0.01,60,30300,卖盘
163,09:50:15,5.05,0.0,44,22220,买盘
164,09:50:19,5.01,-0.04,1206,606561,卖盘
165,09:50:24,5.03,0.02,3,1509,卖盘
166,09:50:28,5.03,0.0,95,47863,卖盘
167,09:50:40,5.04,0.01,132,66415,买盘
168,09:50:57,5.04,0.0,2,1008,买盘
169,09:51:01,5.03,-0.01,3,1509,买盘
170,09:51:04,5.03,0.0,3,1509,买盘
171,09:51:06,5.04,0.01,47,23660,买盘
172,09:51:13,5.04,0.0,35,17640,买盘
173,09:51:25,5.04,0.0,23,11572,买盘
174,09:51:33,5.04,0.0,18,9072,买盘
175,09:51:36,5.03,-0.01,49,24647,卖盘
176,09:51:40,5.04,0.01,1,504,买盘
177,09:51:51,5.04,0.0,27,13608,买盘
178,09:52:04,5.04,0.0,30,15120,买盘
179,09:52:24,5.05,0.01,87,43935,买盘
180,09:52:37,5.06,0.01,36,18216,买盘
181,09:52:51,5.04,-0.02,1,504,卖盘
182,09:52:54,5.05,0.01,4,2020,买盘
183,09:52:57,5.06,0.01,107,54142,买盘
184,09:53:01,5.06,0.0,165,83490,买盘
185,09:53:04,5.05,-0.01,31,15655,中性盘
186,09:53:12,5.06,0.01,363,183678,买盘
187,09:53:25,5.06,0.0,2,1012,卖盘
188,09:54:10,5.06,0.0,49,24794,买盘
189,09:54:25,5.07,0.01,236,119652,买盘
190,09:55:04,5.08,0.01,63,32004,买盘
191,09:55:21,5.08,0.0,14,7112,买盘
192,09:55:42,5.08,0.0,2,1016,买盘
193,09:55:45,5.07,-0.01,134,67938,卖盘
194,09:55:54,5.07,0.0,10,5070,买盘
195,09:56:00,5.07,0.0,1,507,买盘
196,09:56:46,5.06,-0.01,1,506,卖盘
197,09:56:58,5.06,0.0,49,24794,卖盘
198,09:57:01,5.06,0.0,93,47058,卖盘
199,09:57:15,5.05,-0.01,3,1515,卖盘
200,09:57:18,5.05,0.0,3,1515,卖盘
201,09:57:21,5.05,0.0,2,1010,卖盘
202,09:57:25,5.05,0.0,3,1515,卖盘
203,09:57:28,5.05,0.0,2,1010,卖盘
204,09:57:30,5.05,0.0,2,1010,卖盘
205,09:57:33,5.05,0.0,42,21210,卖盘
206,09:57:36,5.05,0.0,3,1515,买盘
207,09:57:40,5.05,0.0,3,1515,买盘
208,09:57:43,5.05,0.0,3,1515,买盘
209,09:57:46,5.05,0.0,2,1010,买盘
210,09:57:49,5.05,0.0,2,1010,买盘
211,09:57:52,5.05,0.0,2,1010,买盘
212,09:57:54,5.05,0.0,1,505,买盘
213,09:57:57,5.05,0.0,7,3535,买盘
214,09:58:01,5.05,0.0,2,1010,买盘
215,09:58:04,5.05,0.0,9,4545,买盘
216,09:58:07,5.05,0.0,3,1515,买盘
217,09:58:10,5.05,0.0,3,1515,买盘
218,09:58:12,5.05,0.0,6,3030,买盘
219,09:58:18,5.05,0.0,1,505,卖盘
220,09:58:21,5.05,0.0,5,2525,买盘
221,09:58:24,5.05,0.0,3,1515,买盘
222,09:58:27,5.05,0.0,3,1515,买盘
223,09:58:30,5.06,0.01,50,25300,买盘
224,09:58:34,5.05,-0.01,5,2525,卖盘
225,09:58:45,5.06,0.01,42,21246,买盘
226,09:58:49,5.05,-0.01,80,40460,卖盘
227,09:58:52,5.05,0.0,5,2525,卖盘
228,09:58:55,5.05,0.0,20,10100,卖盘
229,09:58:57,5.05,0.0,10,5050,中性盘
230,09:59:13,5.05,0.0,9,4543,中性盘
231,09:59:27,5.05,0.0,222,112110,买盘
232,09:59:48,5.05,0.0,30,15150,卖盘
233,10:00:04,5.05,0.0,8,4040,卖盘
234,10:00:27,5.06,0.01,7,3542,买盘
235,10:00:30,5.06,0.0,7,3542,买盘
236,10:00:33,5.06,0.0,153,77418,买盘
237,10:00:36,5.07,0.01,2,1014,买盘
238,10:00:46,5.07,0.0,1,507,买盘
239,10:01:04,5.07,0.0,35,17745,买盘
240,10:01:06,5.07,0.0,2,1014,买盘
241,10:01:10,5.07,0.0,1,507,买盘
242,10:01:12,5.07,0.0,1,507,买盘
243,10:01:16,5.07,0.0,1,507,买盘
244,10:01:18,5.07,0.0,1,507,买盘
245,10:01:49,5.07,0.0,50,25350,买盘
246,10:01:52,5.07,0.0,2,1014,买盘
247,10:01:55,5.07,0.0,1,507,买盘
248,10:02:01,5.07,0.0,1,507,买盘
249,10:02:04,5.07,0.0,20,10140,买盘
250,10:02:07,5.07,0.0,2,1014,买盘
251,10:02:09,5.07,0.0,1,507,买盘
252,10:02:13,5.07,0.0,3,1521,买盘
253,10:02:16,5.07,0.0,3,1521,买盘
254,10:02:19,5.07,0.0,145,73515,买盘
255,10:02:24,5.08,0.01,55,27940,买盘
256,10:02:33,5.08,0.0,51,25908,买盘
257,10:02:43,5.08,0.0,10,5080,买盘
258,10:03:18,5.08,0.0,137,69596,买盘
259,10:03:31,5.07,-0.01,1,507,卖盘
260,10:03:40,5.08,0.01,52,26414,买盘
261,10:03:51,5.08,0.0,34,17272,买盘
262,10:03:54,5.08,0.0,16,8128,卖盘
263,10:03:57,5.08,0.0,3,1524,卖盘
264,10:04:00,5.09,0.01,506,257548,买盘
265,10:04:04,5.08,-0.01,5,2540,卖盘
266,10:04:09,5.08,0.0,5,2540,卖盘
267,10:04:13,5.08,0.0,5,2540,卖盘
268,10:04:15,5.08,0.0,4,2032,卖盘
269,10:04:19,5.08,0.0,4,2032,卖盘
270,10:04:21,5.08,0.0,4,2032,卖盘
271,10:04:25,5.08,0.0,27,13716,卖盘
272,10:04:30,5.08,0.0,8,4064,卖盘
273,10:04:34,5.08,0.0,39,19812,卖盘
274,10:04:54,5.08,0.0,59,29972,买盘
275,10:04:57,5.08,0.0,1,508,卖盘
276,10:05:07,5.08,0.0,1,508,买盘
277,10:05:09,5.09,0.01,30,15256,买盘
278,10:05:31,5.09,0.0,60,30540,买盘
279,10:05:34,5.1,0.01,213,108477,买盘
280,10:05:49,5.1,0.0,30,15300,买盘
281,10:05:52,5.09,-0.01,20,10180,卖盘
282,10:05:58,5.1,0.01,333,169830,买盘
283,10:06:04,5.11,0.01,90,45950,买盘
284,10:06:13,5.11,0.0,17,8687,买盘
285,10:06:19,5.1,-0.01,6,3061,卖盘
286,10:06:22,5.1,0.0,1,510,卖盘
287,10:06:30,5.1,0.0,14,7140,卖盘
288,10:06:46,5.1,0.0,200,102000,买盘
289,10:06:49,5.11,0.01,30,15315,买盘
290,10:06:52,5.1,-0.01,3,1530,卖盘
291,10:07:04,5.11,0.01,12,6132,买盘
292,10:07:07,5.11,0.0,81,41391,买盘
293,10:07:10,5.11,0.0,4,2044,买盘
294,10:07:13,5.11,0.0,15,7665,买盘
295,10:07:21,5.11,0.0,52,26572,买盘
296,10:07:25,5.11,0.0,3,1533,买盘
297,10:07:28,5.11,0.0,3,1533,买盘
298,10:07:31,5.1,-0.01,10,5100,卖盘
299,10:07:37,5.11,0.01,50,25550,买盘
300,10:07:46,5.11,0.0,1,511,买盘
301,10:07:49,5.11,0.0,169,86359,买盘
302,10:07:52,5.11,0.0,15,7665,卖盘
303,10:07:55,5.11,0.0,10,5110,卖盘
304,10:08:04,5.11,0.0,39,19929,买盘
305,10:08:07,5.11,0.0,1,511,卖盘
306,10:08:10,5.11,0.0,98,50078,卖盘
307,10:08:13,5.11,0.0,102,52122,卖盘
308,10:08:21,5.11,0.0,20,10220,买盘
309,10:08:28,5.11,0.0,1,511,买盘
310,10:08:30,5.11,0.0,150,76650,买盘
311,10:08:51,5.11,0.0,2,1022,买盘
312,10:09:04,5.11,0.0,3,1533,买盘
313,10:09:16,5.11,0.0,10,5110,买盘
314,10:09:37,5.11,0.0,87,44457,买盘
315,10:09:52,5.11,0.0,31,15841,买盘
316,10:09:58,5.11,0.0,60,30660,买盘
317,10:10:00,5.11,0.0,1,511,买盘
318,10:10:04,5.1,-0.01,1,510,卖盘
319,10:10:07,5.1,0.0,10,5100,卖盘
320,10:10:24,5.11,0.01,30,15330,买盘
321,10:10:33,5.12,0.01,63,32231,买盘
322,10:10:40,5.11,-0.01,10,5110,卖盘
323,10:10:57,5.1,-0.01,6,3060,卖盘
324,10:11:03,5.11,0.01,142,72562,买盘
325,10:11:06,5.11,0.0,40,20440,卖盘
326,10:11:10,5.11,0.0,18,9198,卖盘
327,10:11:19,5.11,0.0,1,511,买盘
328,10:11:49,5.1,-0.01,115,58650,卖盘
329,10:12:04,5.11,0.01,18,9198,买盘
330,10:12:12,5.11,0.0,10,5110,买盘
331,10:12:19,5.11,0.0,11,5621,买盘
332,10:12:22,5.1,-0.01,9,4590,卖盘
333,10:12:25,5.1,0.0,9,4590,卖盘
334,10:12:27,5.1,0.0,518,264680,卖盘
335,10:12:33,5.11,0.01,30,15330,买盘
336,10:12:43,5.1,-0.01,49,24990,卖盘
337,10:12:45,5.1,0.0,13,6630,卖盘
338,10:12:55,5.1,0.0,3,1530,卖盘
339,10:13:01,5.1,0.0,1,510,卖盘
340,10:13:04,5.1,0.0,20,10200,卖盘
341,10:13:06,5.1,0.0,414,211440,卖盘
342,10:13:25,5.11,0.01,100,51100,买盘
343,10:13:36,5.11,0.0,52,26572,买盘
344,10:14:01,5.11,0.0,1,511,买盘
345,10:14:09,5.11,0.0,10,5110,买盘
346,10:14:24,5.11,0.0,33,16863,买盘
347,10:14:33,5.1,-0.01,32,16320,卖盘
348,10:14:51,5.1,0.0,1,510,卖盘
349,10:15:07,5.1,0.0,7,3570,卖盘
350,10:15:18,5.1,0.0,1,510,卖盘
351,10:15:54,5.1,0.0,1,510,卖盘
352,10:16:09,5.1,0.0,111,56610,卖盘
353,10:16:12,5.1,0.0,355,181050,卖盘
354,10:16:57,5.1,0.0,18,9180,买盘
355,10:17:04,5.1,0.0,1,510,买盘
356,10:17:06,5.1,0.0,2,1020,买盘
357,10:18:10,5.1,0.0,4,2040,买盘
358,10:18:30,5.09,-0.01,4,2036,卖盘
359,10:18:54,5.09,0.0,10,5090,卖盘
360,10:19:00,5.09,0.0,10,5090,卖盘
361,10:19:30,5.09,0.0,8,4072,卖盘
362,10:19:42,5.09,0.0,6,3054,卖盘
363,10:20:24,5.09,0.0,8,4072,卖盘
364,10:20:30,5.09,0.0,50,25450,卖盘
365,10:20:34,5.09,0.0,29,14762,卖盘
366,10:20:51,5.09,0.0,93,47337,卖盘
367,10:20:54,5.1,0.01,14,7134,买盘
368,10:21:16,5.09,-0.01,10,5090,买盘
369,10:22:00,5.09,0.0,1,509,买盘
370,10:22:12,5.08,-0.01,4,2032,卖盘
371,10:22:27,5.08,0.0,7,3556,卖盘
372,10:22:40,5.08,0.0,1,508,卖盘
373,10:22:45,5.08,0.0,20,10160,卖盘
374,10:22:51,5.08,0.0,72,36576,卖盘
375,10:22:57,5.08,0.0,1,508,中性盘
376,10:23:00,5.08,0.0,1,508,卖盘
377,10:23:04,5.08,0.0,99,50292,卖盘
378,10:23:09,5.09,0.01,5,2543,买盘
379,10:23:15,5.08,-0.01,30,15240,卖盘
380,10:23:18,5.08,0.0,75,38100,买盘
381,10:23:28,5.07,-0.01,4,2028,卖盘
382,10:24:45,5.07,0.0,4,2028,卖盘
383,10:25:42,5.08,0.01,12,6087,买盘
384,10:25:48,5.08,0.0,2,1016,买盘
385,10:25:54,5.08,0.0,11,5588,买盘
386,10:26:06,5.07,-0.01,1,507,卖盘
387,10:26:12,5.08,0.01,62,31496,买盘
388,10:27:54,5.08,0.0,10,5080,卖盘
389,10:28:00,5.09,0.01,37,18833,买盘
390,10:28:06,5.09,0.0,2,1018,买盘
391,10:29:57,5.08,-0.01,57,28956,卖盘
392,10:31:00,5.08,0.0,8,4064,卖盘
393,10:31:10,5.08,0.0,23,11684,卖盘
394,10:31:12,5.08,0.0,30,15240,卖盘
395,10:31:15,5.08,0.0,38,19304,卖盘
396,10:31:18,5.08,0.0,2,1016,卖盘
397,10:31:24,5.09,0.01,8,4072,买盘
398,10:31:30,5.08,-0.01,100,50800,卖盘
399,10:31:52,5.08,0.0,4,2032,卖盘
400,10:32:33,5.09,0.01,4,2036,买盘
401,10:32:42,5.09,0.0,2,1018,买盘
402,10:33:03,5.09,0.0,1,509,买盘
403,10:33:09,5.08,-0.01,4,2032,卖盘
404,10:33:24,5.09,0.01,4,2036,买盘
405,10:33:34,5.08,-0.01,39,19812,卖盘
406,10:33:36,5.08,0.0,7,3556,卖盘
407,10:33:39,5.08,0.0,8,4064,卖盘
408,10:33:52,5.09,0.01,1,509,买盘
409,10:34:15,5.08,-0.01,4,2032,卖盘
410,10:34:42,5.08,0.0,7,3556,卖盘
411,10:34:45,5.08,0.0,1,508,卖盘
412,10:35:15,5.08,0.0,1,508,卖盘
413,10:35:18,5.08,0.0,17,8636,卖盘
414,10:35:21,5.08,0.0,30,15240,卖盘
415,10:35:24,5.08,0.0,1,508,卖盘
416,10:35:34,5.08,0.0,15,7620,卖盘
417,10:35:36,5.07,-0.01,4,2028,卖盘
418,10:35:54,5.07,0.0,2,1014,卖盘
419,10:36:07,5.07,0.0,49,24843,卖盘
420,10:36:18,5.07,0.0,7,3549,卖盘
421,10:36:45,5.07,0.0,4,2028,卖盘
422,10:36:48,5.08,0.01,2,1016,买盘
423,10:36:51,5.08,0.0,1,508,买盘
424,10:37:06,5.07,-0.01,5,2535,卖盘
425,10:37:36,5.07,0.0,1,507,卖盘
426,10:37:39,5.07,0.0,33,16731,卖盘
427,10:37:43,5.07,0.0,67,33969,卖盘
428,10:37:46,5.07,0.0,242,122694,卖盘
429,10:37:55,5.06,-0.01,9,4554,卖盘
430,10:38:04,5.06,0.0,37,18722,卖盘
431,10:38:06,5.06,0.0,5,2530,卖盘
432,10:38:09,5.06,0.0,1,506,卖盘
433,10:39:04,5.07,0.01,20,10140,买盘
434,10:39:09,5.07,0.0,2,1014,买盘
435,10:39:18,5.06,-0.01,4,2024,卖盘
436,10:39:24,5.07,0.01,78,39546,买盘
437,10:39:42,5.07,0.0,1,507,卖盘
438,10:39:45,5.07,0.0,4,2028,卖盘
439,10:39:48,5.07,0.0,105,53235,买盘
440,10:39:51,5.07,0.0,1,507,卖盘
441,10:39:54,5.07,0.0,3,1521,卖盘
442,10:40:33,5.07,0.0,1,507,卖盘
443,10:40:36,5.08,0.01,89,45212,买盘
444,10:40:42,5.09,0.01,9,4581,买盘
445,10:41:00,5.09,0.0,36,18324,买盘
446,10:41:04,5.09,0.0,1,509,买盘
447,10:41:06,5.08,-0.01,1,508,卖盘
448,10:41:09,5.08,0.0,3,1524,买盘
449,10:41:12,5.08,0.0,1,508,买盘
450,10:41:21,5.08,0.0,19,9652,买盘
451,10:41:24,5.08,0.0,20,10160,卖盘
452,10:41:37,5.08,0.0,8,4064,卖盘
453,10:41:43,5.09,0.01,38,19342,买盘
454,10:41:46,5.08,-0.01,1,508,卖盘
455,10:42:04,5.1,0.02,110,56031,买盘
456,10:42:07,5.08,-0.02,1,508,卖盘
457,10:42:09,5.08,0.0,3,1524,卖盘
458,10:42:12,5.08,0.0,15,7620,卖盘
459,10:42:21,5.09,0.01,3,1527,卖盘
460,10:42:24,5.1,0.01,207,105560,买盘
461,10:42:48,5.09,-0.01,7,3563,卖盘
462,10:44:15,5.09,0.0,7,3563,卖盘
463,10:44:27,5.09,0.0,1,509,卖盘
464,10:44:30,5.09,0.0,1,509,卖盘
465,10:44:42,5.09,0.0,1,509,卖盘
466,10:45:12,5.09,0.0,4,2036,卖盘
467,10:45:18,5.09,0.0,1,509,卖盘
468,10:45:27,5.09,0.0,1,509,卖盘
469,10:45:48,5.09,0.0,4,2036,卖盘
470,10:45:51,5.09,0.0,98,49882,卖盘
471,10:45:54,5.08,-0.01,1,508,卖盘
472,10:46:13,5.08,0.0,1,508,卖盘
473,10:46:45,5.08,0.0,1,508,卖盘
474,10:46:54,5.08,0.0,8,4064,卖盘
475,10:47:09,5.09,0.01,13,6617,买盘
476,10:47:12,5.08,-0.01,1,508,卖盘
477,10:47:16,5.08,0.0,6,3048,卖盘
478,10:47:27,5.09,0.01,115,58534,买盘
479,10:47:30,5.08,-0.01,28,14224,卖盘
480,10:48:09,5.1,0.02,220,112180,买盘
481,10:48:16,5.1,0.0,2,1020,买盘
482,10:48:24,5.09,-0.01,67,34103,卖盘
483,10:48:33,5.09,0.0,20,10180,卖盘
484,10:48:45,5.09,0.0,7,3563,卖盘
485,10:48:55,5.09,0.0,2,1018,卖盘
486,10:48:57,5.09,0.0,4,2036,卖盘
487,10:49:06,5.09,0.0,2,1018,卖盘
488,10:49:09,5.1,0.01,81,41310,买盘
489,10:49:12,5.1,0.0,19,9690,卖盘
490,10:49:18,5.1,0.0,1,510,买盘
491,10:49:27,5.1,0.0,10,5100,买盘
492,10:50:03,5.09,-0.01,1,509,卖盘
493,10:50:30,5.09,0.0,1,509,卖盘
494,10:50:42,5.09,0.0,10,5090,卖盘
495,10:50:51,5.09,0.0,3,1527,卖盘
496,10:50:57,5.09,0.0,1,509,卖盘
497,10:51:00,5.09,0.0,1,509,卖盘
498,10:51:15,5.09,0.0,1,509,卖盘
499,10:51:21,5.1,0.01,11,5610,买盘
500,10:51:24,5.09,-0.01,1,509,卖盘
501,10:51:36,5.09,0.0,4,2036,卖盘
502,10:51:45,5.09,0.0,1,509,卖盘
503,10:51:48,5.09,0.0,1,509,卖盘
504,10:51:57,5.09,0.0,1,509,卖盘
505,10:52:06,5.09,0.0,3,1527,卖盘
506,10:52:12,5.09,0.0,9,4581,卖盘
507,10:52:18,5.09,0.0,1,509,卖盘
508,10:52:27,5.09,0.0,3,1527,卖盘
509,10:52:33,5.1,0.01,11,5609,买盘
510,10:52:36,5.1,0.0,2,1020,买盘
511,10:52:45,5.09,-0.01,4,2036,卖盘
512,10:52:51,5.09,0.0,1,509,卖盘
513,10:53:12,5.1,0.01,29,14790,买盘
514,10:53:24,5.09,-0.01,9,4581,卖盘
515,10:53:33,5.09,0.0,215,109649,卖盘
516,10:53:36,5.1,0.01,37,18870,中性盘
517,10:53:39,5.09,-0.01,67,34103,卖盘
518,10:53:42,5.09,0.0,31,15779,卖盘
519,10:53:51,5.09,0.0,79,40282,卖盘
520,10:54:00,5.09,0.0,22,11198,卖盘
521,10:54:07,5.1,0.01,1,510,买盘
522,10:54:09,5.09,-0.01,29,14773,卖盘
523,10:54:21,5.1,0.01,2,1020,买盘
524,10:54:43,5.11,0.01,100,51100,买盘
525,10:54:51,5.1,-0.01,8,4080,卖盘
526,10:55:04,5.1,0.0,18,9180,卖盘
527,10:55:06,5.1,0.0,7,3570,卖盘
528,10:55:18,5.09,-0.01,1,509,卖盘
529,10:55:30,5.1,0.01,10,5100,买盘
530,10:55:48,5.09,-0.01,1,509,卖盘
531,10:55:51,5.09,0.0,81,41229,卖盘
532,10:56:12,5.09,0.0,1,509,卖盘
533,10:56:25,5.09,0.0,3,1527,卖盘
534,10:56:39,5.09,0.0,1,509,卖盘
535,10:57:04,5.09,0.0,1,509,卖盘
536,10:57:27,5.08,-0.01,69,35120,卖盘
537,10:57:31,5.08,0.0,8,4064,卖盘
538,10:57:51,5.08,0.0,1,508,卖盘
539,10:58:04,5.09,0.01,43,21887,买盘
540,10:58:12,5.09,0.0,2,1018,中性盘
541,10:58:21,5.09,0.0,2,1018,卖盘
542,10:58:27,5.09,0.0,8,4072,中性盘
543,10:58:36,5.1,0.01,36,18360,买盘
544,10:59:06,5.09,-0.01,1,509,卖盘
545,10:59:36,5.09,0.0,1,509,卖盘
546,11:00:01,5.09,0.0,1,509,卖盘
547,11:00:10,5.09,0.0,7,3563,卖盘
548,11:00:21,5.09,0.0,1,509,卖盘
549,11:00:45,5.09,0.0,1,509,卖盘
550,11:01:09,5.09,0.0,1,509,卖盘
551,11:01:48,5.09,0.0,14,7126,卖盘
552,11:02:18,5.09,0.0,4,2036,卖盘
553,11:02:48,5.09,0.0,8,4072,卖盘
554,11:03:30,5.09,0.0,4,2036,卖盘
555,11:03:42,5.09,0.0,30,15270,卖盘
556,11:04:45,5.09,0.0,4,2036,卖盘
557,11:04:51,5.09,0.0,70,35630,卖盘
558,11:05:00,5.1,0.01,38,19380,买盘
559,11:05:15,5.1,0.0,4,2040,买盘
560,11:05:48,5.09,-0.01,27,13743,卖盘
561,11:05:51,5.09,0.0,114,58026,卖盘
562,11:05:54,5.09,0.0,46,23414,卖盘
563,11:06:00,5.08,-0.01,4,2032,卖盘
564,11:06:04,5.09,0.01,1,509,买盘
565,11:06:30,5.08,-0.01,21,10668,卖盘
566,11:06:33,5.08,0.0,10,5080,卖盘
567,11:06:36,5.08,0.0,4,2032,卖盘
568,11:06:39,5.08,0.0,3,1524,卖盘
569,11:07:15,5.08,0.0,4,2032,卖盘
570,11:07:24,5.08,0.0,1,508,卖盘
571,11:07:55,5.08,0.0,9,4572,卖盘
572,11:08:06,5.08,0.0,8,4064,卖盘
573,11:08:15,5.08,0.0,6,3048,卖盘
574,11:08:27,5.08,0.0,4,2032,卖盘
575,11:08:45,5.08,0.0,78,39624,卖盘
576,11:09:00,5.08,0.0,64,32512,卖盘
577,11:09:04,5.07,-0.01,2,1015,卖盘
578,11:09:33,5.08,0.01,2,1016,买盘
579,11:09:36,5.08,0.0,8,4064,卖盘
580,11:09:42,5.07,-0.01,4,2028,卖盘
581,11:10:33,5.07,0.0,1,507,卖盘
582,11:10:45,5.07,0.0,8,4056,卖盘
583,11:11:00,5.07,0.0,4,2028,卖盘
584,11:11:06,5.07,0.0,20,10140,卖盘
585,11:11:30,5.08,0.01,40,20320,买盘
586,11:11:46,5.08,0.0,2,1016,买盘
587,11:11:57,5.07,-0.01,20,10140,卖盘
588,11:12:54,5.07,0.0,59,29913,卖盘
589,11:13:04,5.07,0.0,2,1014,卖盘
590,11:13:24,5.07,0.0,8,4056,卖盘
591,11:14:21,5.08,0.01,65,33020,买盘
592,11:14:33,5.08,0.0,2,1016,买盘
593,11:15:04,5.07,-0.01,1,507,卖盘
594,11:15:36,5.08,0.01,20,10160,买盘
595,11:16:00,5.08,0.0,1,508,买盘
596,11:16:39,5.07,-0.01,43,21801,卖盘
597,11:17:24,5.07,0.0,6,3042,卖盘
598,11:17:39,5.07,0.0,8,4056,卖盘
599,11:18:06,5.07,0.0,4,2028,卖盘
600,11:18:42,5.07,0.0,8,4056,卖盘
601,11:19:21,5.08,0.01,40,20320,买盘
602,11:19:30,5.08,0.0,2,1016,买盘
603,11:19:33,5.07,-0.01,1,507,卖盘
604,11:21:04,5.07,0.0,1,507,卖盘
605,11:21:06,5.07,0.0,2,1014,卖盘
606,11:21:21,5.07,0.0,8,4056,卖盘
607,11:21:51,5.07,0.0,4,2028,卖盘
608,11:22:39,5.08,0.01,40,20320,买盘
609,11:22:48,5.08,0.0,2,1016,买盘
610,11:22:51,5.07,-0.01,70,35490,卖盘
611,11:23:06,5.07,0.0,4,2028,买盘
612,11:23:42,5.07,0.0,10,5070,买盘
613,11:24:00,5.07,0.0,1,507,买盘
614,11:25:00,5.07,0.0,1,507,买盘
615,11:25:09,5.06,-0.01,40,20240,卖盘
616,11:25:24,5.07,0.01,9,4563,买盘
617,11:25:27,5.06,-0.01,440,222640,卖盘
618,11:25:30,5.06,0.0,22,11132,卖盘
619,11:25:33,5.05,-0.01,1,505,卖盘
620,11:25:54,5.05,0.0,30,15150,卖盘
621,11:25:57,5.05,0.0,1141,576205,卖盘
622,11:26:00,5.05,0.0,50,25250,卖盘
623,11:26:04,5.05,0.0,2,1010,买盘
624,11:26:09,5.05,0.0,20,10100,买盘
625,11:26:25,5.05,0.0,10,5050,买盘
626,11:26:27,5.05,0.0,5,2525,买盘
627,11:26:39,5.05,0.0,5,2525,买盘
628,11:26:46,5.05,0.0,20,10100,买盘
629,11:27:00,5.05,0.0,1,505,买盘
630,11:27:04,5.05,0.0,28,14140,买盘
631,11:27:06,5.05,0.0,4,2020,买盘
632,11:27:16,5.05,0.0,4,2020,卖盘
633,11:27:40,5.05,0.0,11,5555,买盘
634,11:28:09,5.05,0.0,20,10100,卖盘
635,11:28:33,5.05,0.0,2,1010,卖盘
636,11:28:36,5.05,0.0,1,505,卖盘
637,11:28:45,5.06,0.01,36,18216,买盘
638,11:29:00,5.06,0.0,1,506,买盘
639,11:29:30,5.05,-0.01,1,505,卖盘
640,11:29:45,5.05,0.0,38,19190,卖盘
641,13:00:01,5.06,0.01,50,25300,买盘
642,13:00:04,5.05,-0.01,59,29795,卖盘
643,13:00:18,5.06,0.01,20,10120,买盘
644,13:00:27,5.05,-0.01,55,27775,卖盘
645,13:01:42,5.06,0.01,534,269706,买盘
646,13:01:48,5.06,0.0,1,506,买盘
647,13:02:03,5.06,0.0,1,506,买盘
648,13:02:18,5.05,-0.01,9,4545,卖盘
649,13:02:30,5.05,0.0,10,5050,卖盘
650,13:04:15,5.06,0.01,1,506,买盘
651,13:04:24,5.06,0.0,1,506,买盘
652,13:05:00,5.06,0.0,79,39974,买盘
653,13:07:00,5.07,0.01,2,1014,买盘
654,13:07:06,5.07,0.0,2,1014,买盘
655,13:08:04,5.06,-0.01,24,12145,卖盘
656,13:09:45,5.06,0.0,11,5566,卖盘
657,13:10:06,5.06,0.0,21,10626,卖盘
658,13:10:09,5.06,0.0,2,1012,卖盘
659,13:10:12,5.06,0.0,1,506,卖盘
660,13:10:15,5.06,0.0,1,506,卖盘
661,13:10:18,5.06,0.0,16,8096,卖盘
662,13:10:21,5.06,0.0,3,1518,卖盘
663,13:10:27,5.06,0.0,1,506,卖盘
664,13:10:33,5.06,0.0,163,82478,卖盘
665,13:10:36,5.06,0.0,9,4554,卖盘
666,13:10:39,5.06,0.0,104,52624,卖盘
667,13:10:42,5.06,0.0,2,1012,卖盘
668,13:10:48,5.06,0.0,58,29348,卖盘
669,13:10:51,5.06,0.0,2,1012,卖盘
670,13:11:54,5.06,0.0,14,7084,卖盘
671,13:11:57,5.06,0.0,5,2530,卖盘
672,13:12:04,5.06,0.0,4,2024,卖盘
673,13:12:45,5.07,0.01,37,18759,买盘
674,13:12:51,5.07,0.0,10,5070,买盘
675,13:12:57,5.07,0.0,44,22308,买盘
676,13:13:00,5.07,0.0,11,5577,买盘
677,13:13:04,5.07,0.0,2,1014,买盘
678,13:13:16,5.07,0.0,3,1521,买盘
679,13:13:19,5.06,-0.01,4,2024,卖盘
680,13:14:31,5.06,0.0,5,2530,卖盘
681,13:14:33,5.06,0.0,4,2024,卖盘
682,13:15:45,5.06,0.0,4,2024,卖盘
683,13:16:25,5.06,0.0,12,6072,卖盘
684,13:16:27,5.06,0.0,3,1518,卖盘
685,13:16:30,5.06,0.0,5,2530,卖盘
686,13:16:36,5.07,0.01,50,25350,买盘
687,13:16:45,5.07,0.0,2,1014,买盘
688,13:17:03,5.06,-0.01,4,2024,卖盘
689,13:17:21,5.07,0.01,2,1014,买盘
690,13:17:30,5.07,0.0,12,6084,买盘
691,13:17:48,5.06,-0.01,3,1518,卖盘
692,13:17:51,5.06,0.0,10,5060,卖盘
693,13:18:03,5.06,0.0,2,1012,卖盘
694,13:18:15,5.06,0.0,404,204424,卖盘
695,13:18:21,5.06,0.0,3,1518,卖盘
696,13:18:42,5.07,0.01,2,1014,买盘
697,13:18:48,5.07,0.0,1,507,买盘
698,13:18:57,5.06,-0.01,1,506,卖盘
699,13:19:09,5.06,0.0,2,1012,卖盘
700,13:19:30,5.06,0.0,4,2024,卖盘
701,13:20:06,5.06,0.0,200,101200,卖盘
702,13:20:15,5.06,0.0,11,5566,卖盘
703,13:20:42,5.05,-0.01,2,1010,卖盘
704,13:20:45,5.05,0.0,4,2020,卖盘
705,13:20:51,5.05,0.0,30,15150,卖盘
706,13:21:54,5.06,0.01,10,5060,买盘
707,13:22:00,5.05,-0.01,4,2020,卖盘
708,13:22:06,5.05,0.0,76,38380,卖盘
709,13:23:12,5.05,0.0,4,2020,卖盘
710,13:24:30,5.05,0.0,9,4545,卖盘
711,13:24:33,5.05,0.0,4,2020,卖盘
712,13:24:42,5.05,0.0,1,505,卖盘
713,13:25:19,5.05,0.0,491,247955,卖盘
714,13:25:21,5.05,0.0,1,505,卖盘
715,13:25:39,5.05,0.0,1,505,卖盘
716,13:25:42,5.05,0.0,110,55550,卖盘
717,13:25:45,5.04,-0.01,35,17671,卖盘
718,13:26:00,5.04,0.0,20,10080,卖盘
719,13:26:04,5.04,0.0,1,504,卖盘
720,13:26:18,5.04,0.0,506,255024,卖盘
721,13:26:21,5.05,0.01,12,6060,买盘
722,13:26:33,5.05,0.0,1,505,买盘
723,13:27:03,5.04,-0.01,5,2521,卖盘
724,13:27:06,5.04,0.0,1,504,卖盘
725,13:27:12,5.04,0.0,150,75600,卖盘
726,13:27:18,5.04,0.0,23,11592,卖盘
727,13:27:22,5.04,0.0,3,1512,卖盘
728,13:27:25,5.04,0.0,177,89208,卖盘
729,13:27:51,5.04,0.0,6,3024,卖盘
730,13:28:00,5.04,0.0,4,2016,卖盘
731,13:28:15,5.04,0.0,4,2016,卖盘
732,13:28:45,5.04,0.0,200,100800,卖盘
733,13:29:06,5.04,0.0,10,5040,卖盘
734,13:29:15,5.04,0.0,63,31752,卖盘
735,13:29:31,5.04,0.0,4,2016,卖盘
736,13:29:34,5.04,0.0,18,9072,卖盘
737,13:29:39,5.04,0.0,65,32760,卖盘
738,13:29:42,5.04,0.0,3,1512,卖盘
739,13:30:00,5.04,0.0,1,504,买盘
740,13:30:07,5.03,-0.01,1,503,卖盘
741,13:30:30,5.04,0.01,15,7560,买盘
742,13:30:33,5.03,-0.01,1,503,卖盘
743,13:30:42,5.04,0.01,5,2516,买盘
744,13:30:48,5.04,0.0,10,5040,买盘
745,13:30:51,5.04,0.0,13,6552,买盘
746,13:30:54,5.04,0.0,6,3024,买盘
747,13:30:57,5.04,0.0,3,1512,买盘
748,13:31:00,5.04,0.0,9,4536,买盘
749,13:31:03,5.04,0.0,17,8568,买盘
750,13:31:18,5.04,0.0,5,2520,卖盘
751,13:31:22,5.04,0.0,18,9072,买盘
752,13:32:33,5.04,0.0,5,2520,卖盘
753,13:33:12,5.04,0.0,52,26208,卖盘
754,13:34:39,5.04,0.0,2,1008,卖盘
755,13:35:04,5.04,0.0,2,1008,卖盘
756,13:35:24,5.04,0.0,5,2520,卖盘
757,13:35:40,5.04,0.0,8,4032,卖盘
758,13:35:46,5.04,0.0,27,13608,卖盘
759,13:35:49,5.04,0.0,112,56448,卖盘
760,13:35:52,5.04,0.0,41,20669,卖盘
761,13:36:04,5.04,0.0,8,4032,买盘
762,13:36:06,5.03,-0.01,1,503,卖盘
763,13:36:36,5.04,0.01,15,7560,买盘
764,13:36:39,5.03,-0.01,19,9572,卖盘
765,13:36:57,5.03,0.0,7,3521,卖盘
766,13:37:04,5.04,0.01,46,23184,买盘
767,13:37:09,5.03,-0.01,1,503,卖盘
768,13:37:48,5.04,0.01,2,1008,买盘
769,13:37:54,5.04,0.0,1,504,买盘
770,13:38:00,5.04,0.0,1,504,买盘
771,13:38:09,5.04,0.0,5,2520,买盘
772,13:38:12,5.04,0.0,18,9072,买盘
773,13:38:27,5.04,0.0,4,2016,卖盘
774,13:38:42,5.03,-0.01,329,165557,卖盘
775,13:38:51,5.03,0.0,9,4527,卖盘
776,13:39:04,5.04,0.01,1,504,卖盘
777,13:39:09,5.05,0.01,36,18180,买盘
778,13:39:42,5.05,0.0,100,50500,买盘
779,13:40:03,5.05,0.0,1,505,买盘
780,13:40:06,5.04,-0.01,24,12099,卖盘
781,13:40:13,5.05,0.01,38,19190,买盘
782,13:40:24,5.05,0.0,49,24745,买盘
783,13:41:12,5.05,0.0,1,505,卖盘
784,13:41:15,5.05,0.0,313,158065,卖盘
785,13:41:24,5.05,0.0,12,6060,卖盘
786,13:41:30,5.05,0.0,4,2020,卖盘
787,13:42:00,5.06,0.01,2,1012,买盘
788,13:42:04,5.06,0.0,6,3033,买盘
789,13:42:12,5.05,-0.01,29,14645,卖盘
790,13:42:15,5.05,0.0,46,23230,卖盘
791,13:42:18,5.05,0.0,3,1515,买盘
792,13:42:25,5.05,0.0,50,25250,买盘
793,13:42:28,5.05,0.0,3,1515,买盘
794,13:42:45,5.05,0.0,32,16160,买盘
795,13:42:48,5.05,0.0,3,1515,卖盘
796,13:43:06,5.05,0.0,1,505,卖盘
797,13:43:09,5.05,0.0,1,505,卖盘
798,13:43:12,5.05,0.0,1,505,卖盘
799,13:43:21,5.05,0.0,1,505,卖盘
800,13:43:24,5.06,0.01,186,94116,买盘
801,13:43:33,5.06,0.0,1,506,买盘
802,13:44:52,5.05,-0.01,48,24240,卖盘
803,13:44:54,5.05,0.0,15,7575,买盘
804,13:44:57,5.05,0.0,2,1010,买盘
805,13:45:04,5.05,0.0,1,505,买盘
806,13:45:06,5.04,-0.01,1,504,卖盘
807,13:45:12,5.05,0.01,10,5050,买盘
808,13:45:15,5.05,0.0,1,505,买盘
809,13:45:27,5.05,0.0,37,18685,买盘
810,13:45:48,5.06,0.01,1,506,买盘
811,13:45:51,5.05,-0.01,3,1515,卖盘
812,13:45:54,5.05,0.0,4,2020,买盘
813,13:45:57,5.05,0.0,6,3030,买盘
814,13:46:00,5.05,0.0,2,1010,卖盘
815,13:47:09,5.05,0.0,1,505,卖盘
816,13:47:30,5.05,0.0,4,2020,卖盘
817,13:47:40,5.05,0.0,150,75750,卖盘
818,13:48:04,5.05,0.0,7,3535,买盘
819,13:48:33,5.06,0.01,183,92598,买盘
820,13:48:48,5.05,-0.01,1,505,卖盘
821,13:48:57,5.05,0.0,1,505,卖盘
822,13:49:04,5.05,0.0,1,505,卖盘
823,13:49:06,5.05,0.0,39,19695,买盘
824,13:49:12,5.05,0.0,1,505,卖盘
825,13:49:21,5.06,0.01,1,506,买盘
826,13:49:31,5.06,0.0,42,21252,买盘
827,13:50:21,5.06,0.0,9,4554,卖盘
828,13:50:33,5.05,-0.01,150,75750,卖盘
829,13:50:58,5.07,0.02,117,59319,买盘
830,13:51:07,5.08,0.01,184,93471,买盘
831,13:51:25,5.08,0.0,4,2032,买盘
832,13:51:28,5.07,-0.01,4,2028,中性盘
833,13:51:31,5.08,0.01,20,10160,买盘
834,13:51:40,5.09,0.01,200,101749,买盘
835,13:51:57,5.09,0.0,10,5090,买盘
836,13:52:16,5.09,0.0,10,5090,买盘
837,13:52:39,5.09,0.0,5,2545,买盘
838,13:52:58,5.08,-0.01,8,4064,卖盘
839,13:53:09,5.08,0.0,1,508,卖盘
840,13:53:33,5.08,0.0,1,508,卖盘
841,13:53:37,5.08,0.0,20,10160,卖盘
842,13:53:57,5.08,0.0,1,508,买盘
843,13:54:01,5.08,0.0,46,23368,买盘
844,13:54:04,5.08,0.0,5,2540,买盘
845,13:54:06,5.09,0.01,5,2545,买盘
846,13:54:12,5.09,0.0,122,62098,买盘
847,13:54:15,5.1,0.01,11,5610,买盘
848,13:54:31,5.1,0.0,5,2550,买盘
849,13:54:57,5.1,0.0,18,9180,买盘
850,13:55:30,5.09,-0.01,5,2545,买盘
851,13:55:39,5.09,0.0,58,29521,买盘
852,13:56:01,5.1,0.01,3,1530,买盘
853,13:56:10,5.09,-0.01,10,5090,卖盘
854,13:56:25,5.09,0.0,4,2036,中性盘
855,13:56:39,5.1,0.01,30,15300,买盘
856,13:56:52,5.1,0.0,30,15300,买盘
857,13:57:04,5.09,-0.01,10,5090,买盘
858,13:57:07,5.09,0.0,25,12735,中性盘
859,13:57:09,5.1,0.01,173,88230,买盘
860,13:57:15,5.09,-0.01,108,54980,中性盘
861,13:57:21,5.1,0.01,1,510,买盘
862,13:57:42,5.09,-0.01,4,2036,中性盘
863,13:57:52,5.08,-0.01,1,508,卖盘
864,13:58:00,5.1,0.02,6,3060,买盘
865,13:58:12,5.1,0.0,235,119850,买盘
866,13:58:51,5.09,-0.01,7,3563,买盘
867,13:58:54,5.09,0.0,1,509,卖盘
868,13:58:57,5.09,0.0,2,1018,卖盘
869,13:59:00,5.09,0.0,1,509,卖盘
870,13:59:04,5.1,0.01,11,5609,买盘
871,13:59:06,5.09,-0.01,1,509,卖盘
872,13:59:09,5.09,0.0,1,509,卖盘
873,13:59:12,5.1,0.01,87,44369,买盘
874,13:59:15,5.09,-0.01,1,509,卖盘
875,13:59:18,5.09,0.0,1,509,卖盘
876,13:59:39,5.1,0.01,13,6630,买盘
877,13:59:45,5.09,-0.01,1,509,卖盘
878,14:00:09,5.1,0.01,6,3060,买盘
879,14:00:18,5.1,0.0,1,510,买盘
880,14:00:21,5.09,-0.01,28,14252,卖盘
881,14:00:30,5.09,0.0,17,8653,卖盘
882,14:00:33,5.1,0.01,183,93289,买盘
883,14:00:42,5.09,-0.01,1,509,中性盘
884,14:00:55,5.09,0.0,6,3054,中性盘
885,14:00:58,5.09,0.0,2,1018,中性盘
886,14:01:21,5.09,0.0,2,1018,卖盘
887,14:01:24,5.09,0.0,1,509,卖盘
888,14:01:30,5.09,0.0,1,509,卖盘
889,14:01:33,5.09,0.0,30,15270,卖盘
890,14:01:39,5.09,0.0,41,20869,卖盘
891,14:01:42,5.09,0.0,18,9162,卖盘
892,14:01:45,5.09,0.0,46,23414,卖盘
893,14:02:03,5.09,0.0,1,509,买盘
894,14:02:21,5.09,0.0,16,8144,买盘
895,14:03:01,5.09,0.0,55,27995,买盘
896,14:03:09,5.08,-0.01,345,175260,卖盘
897,14:03:48,5.08,0.0,24,12192,买盘
898,14:03:54,5.07,-0.01,1,507,卖盘
899,14:04:15,5.07,0.0,100,50700,卖盘
900,14:04:21,5.08,0.01,16,8128,买盘
901,14:04:24,5.08,0.0,1,508,买盘
902,14:05:24,5.09,0.01,135,68715,买盘
903,14:05:39,5.08,-0.01,120,60962,卖盘
904,14:05:45,5.08,0.0,1,508,卖盘
905,14:05:48,5.08,0.0,21,10668,买盘
906,14:05:51,5.09,0.01,33,16789,买盘
907,14:05:54,5.09,0.0,59,30031,卖盘
908,14:06:06,5.08,-0.01,4,2032,中性盘
909,14:06:09,5.08,0.0,2,1016,买盘
910,14:06:12,5.08,0.0,2,1016,买盘
911,14:06:15,5.08,0.0,4,2032,买盘
912,14:06:18,5.08,0.0,3,1524,买盘
913,14:06:21,5.08,0.0,1,508,买盘
914,14:06:24,5.08,0.0,13,6604,买盘
915,14:06:27,5.08,0.0,4,2032,卖盘
916,14:06:30,5.08,0.0,13,6604,卖盘
917,14:06:33,5.07,-0.01,72,36504,卖盘
918,14:06:37,5.07,0.0,57,28899,卖盘
919,14:06:39,5.07,0.0,5,2535,卖盘
920,14:06:42,5.07,0.0,50,25350,卖盘
921,14:06:45,5.07,0.0,13,6591,卖盘
922,14:06:49,5.08,0.01,220,111682,买盘
923,14:07:04,5.07,-0.01,1,507,买盘
924,14:07:09,5.06,-0.01,7,3542,卖盘
925,14:07:42,5.06,0.0,1,506,卖盘
926,14:07:45,5.07,0.01,19,9633,买盘
927,14:07:48,5.08,0.01,2,1016,买盘
928,14:07:51,5.08,0.0,17,8636,卖盘
929,14:07:54,5.09,0.01,114,57995,买盘
930,14:07:57,5.08,-0.01,50,25400,买盘
931,14:08:00,5.08,0.0,6,3048,买盘
932,14:08:04,5.08,0.0,1,508,买盘
933,14:08:06,5.08,0.0,5,2537,买盘
934,14:08:12,5.07,-0.01,2,1014,卖盘
935,14:08:15,5.08,0.01,78,39624,买盘
936,14:08:18,5.08,0.0,32,16256,卖盘
937,14:08:21,5.08,0.0,42,21336,卖盘
938,14:08:24,5.08,0.0,6,3048,卖盘
939,14:08:27,5.08,0.0,2,1016,卖盘
940,14:08:57,5.08,0.0,5,2540,买盘
941,14:09:04,5.08,0.0,1,508,买盘
942,14:09:18,5.07,-0.01,11,5577,卖盘
943,14:09:21,5.07,0.0,4,2028,卖盘
944,14:09:30,5.07,0.0,11,5577,卖盘
945,14:09:48,5.07,0.0,7,3549,卖盘
946,14:09:51,5.07,0.0,1,507,卖盘
947,14:10:06,5.07,0.0,21,10647,卖盘
948,14:10:21,5.07,0.0,11,5577,卖盘
949,14:11:06,5.07,0.0,30,15210,卖盘
950,14:11:30,5.07,0.0,7,3549,卖盘
951,14:11:48,5.07,0.0,1,507,卖盘
952,14:12:51,5.08,0.01,20,10160,买盘
953,14:12:57,5.08,0.0,2,1016,买盘
954,14:13:00,5.08,0.0,10,5080,买盘
955,14:13:03,5.08,0.0,3,1524,买盘
956,14:13:42,5.08,0.0,4,2032,卖盘
957,14:13:45,5.07,-0.01,1,507,卖盘
958,14:13:48,5.08,0.01,335,170180,买盘
959,14:13:58,5.09,0.01,3,1525,买盘
960,14:15:00,5.08,-0.01,30,15240,买盘
961,14:15:04,5.08,0.0,2,1017,卖盘
962,14:15:06,5.08,0.0,1,508,卖盘
963,14:15:09,5.08,0.0,18,9144,卖盘
964,14:15:21,5.07,-0.01,32,16224,卖盘
965,14:15:34,5.07,0.0,1,507,卖盘
966,14:16:18,5.08,0.01,1,508,买盘
967,14:16:21,5.07,-0.01,1,507,卖盘
968,14:16:24,5.07,0.0,5,2535,卖盘
969,14:16:45,5.07,0.0,1,507,卖盘
970,14:16:48,5.07,0.0,9,4563,卖盘
971,14:17:48,5.08,0.01,12,6096,买盘
972,14:18:45,5.08,0.0,6,3048,卖盘
973,14:18:49,5.08,0.0,1,508,卖盘
974,14:19:18,5.09,0.01,1,509,买盘
975,14:19:24,5.09,0.0,2,1018,买盘
976,14:19:42,5.08,-0.01,8,4064,卖盘
977,14:19:45,5.08,0.0,4,2032,买盘
978,14:19:49,5.08,0.0,4,2032,买盘
979,14:20:45,5.08,0.0,1,508,卖盘
980,14:21:21,5.08,0.0,6,3048,卖盘
981,14:21:24,5.08,0.0,80,40640,卖盘
982,14:21:57,5.07,-0.01,13,6591,卖盘
983,14:22:03,5.07,0.0,4,2028,卖盘
984,14:22:06,5.07,0.0,8,4056,卖盘
985,14:22:27,5.07,0.0,9,4563,卖盘
986,14:22:42,5.07,0.0,1,507,卖盘
987,14:23:12,5.07,0.0,4,2028,卖盘
988,14:23:21,5.08,0.01,61,30988,买盘
989,14:23:27,5.08,0.0,4,2032,买盘
990,14:23:31,5.09,0.01,4,2036,买盘
991,14:23:34,5.09,0.0,1,509,买盘
992,14:23:36,5.09,0.0,114,58026,买盘
993,14:23:43,5.07,-0.02,1,507,卖盘
994,14:23:54,5.09,0.02,93,47337,买盘
995,14:24:04,5.09,0.0,1,509,买盘
996,14:24:18,5.09,0.0,1,509,买盘
997,14:24:34,5.09,0.0,1,509,买盘
998,14:24:54,5.08,-0.01,1,508,卖盘
999,14:24:57,5.09,0.01,30,15270,买盘
1000,14:25:45,5.08,-0.01,126,64008,卖盘
1001,14:26:04,5.08,0.0,1,508,买盘
1002,14:26:39,5.07,-0.01,1,507,卖盘
1003,14:27:24,5.07,0.0,9,4563,卖盘
1004,14:27:48,5.08,0.01,46,23368,买盘
1005,14:28:00,5.08,0.0,6,3048,卖盘
1006,14:28:18,5.09,0.01,1,509,买盘
1007,14:28:21,5.09,0.0,20,10180,买盘
1008,14:28:27,5.09,0.0,82,41738,买盘
1009,14:28:33,5.08,-0.01,22,11176,卖盘
1010,14:28:36,5.09,0.01,50,25450,买盘
1011,14:28:46,5.09,0.0,255,129795,买盘
1012,14:28:55,5.09,0.0,1,509,中性盘
1013,14:28:58,5.08,-0.01,56,28448,卖盘
1014,14:29:18,5.09,0.01,1,509,卖盘
1015,14:29:46,5.09,0.0,17,8653,卖盘
1016,14:29:49,5.1,0.01,1,510,买盘
1017,14:30:03,5.1,0.0,3,1528,买盘
1018,14:30:06,5.09,-0.01,2,1018,卖盘
1019,14:30:09,5.09,0.0,2,1018,卖盘
1020,14:30:13,5.09,0.0,1,509,卖盘
1021,14:30:15,5.09,0.0,3,1527,卖盘
1022,14:30:19,5.09,0.0,3,1527,卖盘
1023,14:30:21,5.09,0.0,62,31497,中性盘
1024,14:30:25,5.08,-0.01,48,24384,卖盘
1025,14:30:27,5.08,0.0,39,19812,卖盘
1026,14:30:30,5.08,0.0,31,15748,卖盘
1027,14:30:33,5.08,0.0,7,3556,卖盘
1028,14:30:39,5.09,0.01,1,509,买盘
1029,14:30:51,5.09,0.0,3,1527,买盘
1030,14:30:54,5.09,0.0,9,4581,买盘
1031,14:31:04,5.09,0.0,1,509,买盘
1032,14:31:15,5.1,0.01,186,94860,买盘
1033,14:31:24,5.09,-0.01,1,509,买盘
1034,14:31:30,5.09,0.0,22,11198,买盘
1035,14:31:40,5.09,0.0,54,27506,买盘
1036,14:31:48,5.09,0.0,3,1527,中性盘
1037,14:31:54,5.09,0.0,1,509,卖盘
1038,14:31:57,5.09,0.0,1,509,卖盘
1039,14:32:16,5.09,0.0,30,15270,卖盘
1040,14:32:21,5.09,0.0,11,5599,卖盘
1041,14:32:27,5.09,0.0,247,125723,买盘
1042,14:33:06,5.09,0.0,90,45810,买盘
1043,14:33:24,5.09,0.0,7,3563,卖盘
1044,14:33:51,5.09,0.0,3,1527,卖盘
1045,14:34:00,5.09,0.0,13,6617,卖盘
1046,14:34:09,5.09,0.0,30,15270,卖盘
1047,14:34:22,5.09,0.0,3,1527,卖盘
1048,14:34:31,5.09,0.0,6,3054,卖盘
1049,14:34:51,5.09,0.0,3,1527,卖盘
1050,14:35:21,5.09,0.0,5,2549,卖盘
1051,14:35:48,5.1,0.01,1,510,买盘
1052,14:35:58,5.09,-0.01,1,509,卖盘
1053,14:36:09,5.09,0.0,85,43346,卖盘
1054,14:36:39,5.09,0.0,1,509,卖盘
1055,14:37:09,5.09,0.0,21,10689,卖盘
1056,14:37:21,5.09,0.0,5,2545,卖盘
1057,14:37:24,5.09,0.0,4,2036,卖盘
1058,14:37:36,5.09,0.0,10,5090,卖盘
1059,14:37:39,5.09,0.0,264,134376,卖盘
1060,14:37:42,5.09,0.0,230,117070,卖盘
1061,14:38:22,5.09,0.0,10,5090,买盘
1062,14:39:04,5.09,0.0,1,509,买盘
1063,14:39:24,5.09,0.0,222,112998,买盘
1064,14:39:42,5.09,0.0,32,16288,买盘
1065,14:39:46,5.09,0.0,62,31558,买盘
1066,14:40:04,5.09,0.0,1,509,买盘
1067,14:40:06,5.08,-0.01,21,10668,卖盘
1068,14:40:13,5.09,0.01,20,10180,买盘
1069,14:40:18,5.09,0.0,1,509,买盘
1070,14:40:36,5.09,0.0,25,12725,买盘
1071,14:40:39,5.09,0.0,50,25450,卖盘
1072,14:40:51,5.09,0.0,3,1527,卖盘
1073,14:41:18,5.09,0.0,1,509,卖盘
1074,14:41:21,5.09,0.0,25,12980,卖盘
1075,14:41:24,5.09,0.0,128,65152,卖盘
1076,14:41:28,5.09,0.0,1,254,买盘
1077,14:41:33,5.09,0.0,15,7635,卖盘
1078,14:41:48,5.09,0.0,6,3055,卖盘
1079,14:41:51,5.09,0.0,1,254,买盘
1080,14:42:04,5.09,0.0,1,509,买盘
1081,14:42:15,5.09,0.0,1,509,买盘
1082,14:42:22,5.08,-0.01,13,6604,卖盘
1083,14:42:45,5.08,0.0,40,20320,卖盘
1084,14:43:40,5.08,0.0,30,15240,卖盘
1085,14:43:46,5.08,0.0,236,119888,卖盘
1086,14:44:24,5.08,0.0,19,9652,卖盘
1087,14:44:45,5.08,0.0,26,13208,卖盘
1088,14:45:09,5.08,0.0,10,5080,卖盘
1089,14:45:18,5.08,0.0,46,23369,卖盘
1090,14:45:21,5.08,0.0,1,508,卖盘
1091,14:45:36,5.08,0.0,4,2032,卖盘
1092,14:45:45,5.08,0.0,2,1016,卖盘
1093,14:45:48,5.09,0.01,1,509,买盘
1094,14:45:51,5.09,0.0,2,1018,买盘
1095,14:46:03,5.08,-0.01,360,182880,卖盘
1096,14:46:06,5.07,-0.01,1,507,卖盘
1097,14:46:12,5.08,0.01,5,2540,买盘
1098,14:46:19,5.08,0.0,2,1016,买盘
1099,14:46:31,5.08,0.0,21,10668,买盘
1100,14:46:57,5.08,0.0,30,15240,买盘
1101,14:47:01,5.08,0.0,2,1016,卖盘
1102,14:47:06,5.08,0.0,1,508,卖盘
1103,14:47:19,5.09,0.01,3,1527,买盘
1104,14:47:33,5.09,0.0,1,509,买盘
1105,14:48:03,5.09,0.0,1,509,买盘
1106,14:48:06,5.08,-0.01,1,508,卖盘
1107,14:48:42,5.08,0.0,2,1016,卖盘
1108,14:49:16,5.08,0.0,50,25400,卖盘
1109,14:49:22,5.08,0.0,30,15240,卖盘
1110,14:49:42,5.08,0.0,38,19304,卖盘
1111,14:49:48,5.09,0.01,50,25427,买盘
1112,14:50:04,5.09,0.0,1,509,买盘
1113,14:50:07,5.08,-0.01,6,3048,卖盘
1114,14:50:10,5.08,0.0,23,11684,卖盘
1115,14:50:12,5.08,0.0,22,11176,卖盘
1116,14:51:04,5.08,0.0,1,508,买盘
1117,14:51:25,5.08,0.0,1,508,买盘
1118,14:51:33,5.07,-0.01,339,171873,卖盘
1119,14:51:36,5.07,0.0,44,22308,买盘
1120,14:51:40,5.06,-0.01,44,22264,卖盘
1121,14:51:46,5.07,0.01,10,5070,买盘
1122,14:51:51,5.07,0.0,73,37004,买盘
1123,14:51:57,5.06,-0.01,21,10626,卖盘
1124,14:52:03,5.06,0.0,56,28383,卖盘
1125,14:52:10,5.07,0.01,17,8619,买盘
1126,14:52:13,5.07,0.0,19,9633,买盘
1127,14:52:16,5.07,0.0,41,20787,买盘
1128,14:52:18,5.07,0.0,83,42041,买盘
1129,14:52:22,5.07,0.0,28,14196,买盘
1130,14:52:24,5.07,0.0,30,15210,买盘
1131,14:52:28,5.07,0.0,37,18759,买盘
1132,14:52:30,5.07,0.0,36,18252,买盘
1133,14:52:34,5.07,0.0,37,18759,买盘
1134,14:52:37,5.07,0.0,39,19773,买盘
1135,14:52:39,5.07,0.0,54,27378,买盘
1136,14:52:43,5.07,0.0,32,16224,买盘
1137,14:52:46,5.07,0.0,29,14703,买盘
1138,14:52:48,5.07,0.0,31,15717,买盘
1139,14:52:51,5.07,0.0,14,7098,买盘
1140,14:52:57,5.07,0.0,20,10140,买盘
1141,14:53:04,5.07,0.0,2,1014,买盘
1142,14:53:07,5.06,-0.01,49,24794,卖盘
1143,14:53:19,5.06,0.0,620,313720,卖盘
1144,14:53:30,5.07,0.01,75,37962,买盘
1145,14:53:45,5.06,-0.01,1,506,卖盘
1146,14:53:48,5.07,0.01,177,89739,买盘
1147,14:53:52,5.07,0.0,59,29913,买盘
1148,14:53:54,5.07,0.0,24,12168,买盘
1149,14:54:04,5.07,0.0,1,507,买盘
1150,14:54:07,5.07,0.0,40,20280,买盘
1151,14:54:09,5.07,0.0,24,12168,卖盘
1152,14:54:19,5.07,0.0,23,11661,卖盘
1153,14:54:34,5.07,0.0,56,28392,卖盘
1154,14:54:37,5.06,-0.01,3,1518,卖盘
1155,14:54:39,5.06,0.0,5,2530,卖盘
1156,14:54:45,5.06,0.0,12,6072,卖盘
1157,14:54:57,5.07,0.01,36,18252,买盘
1158,14:55:00,5.07,0.0,20,10140,卖盘
1159,14:55:13,5.08,0.01,1,508,买盘
1160,14:55:19,5.08,0.0,3,1524,买盘
1161,14:55:24,5.07,-0.01,58,29406,卖盘
1162,14:55:42,5.08,0.01,9,4572,买盘
1163,14:55:58,5.08,0.0,9,4572,买盘
1164,14:56:13,5.08,0.0,1,508,买盘
1165,14:56:19,5.08,0.0,10,5080,买盘
1166,14:56:25,5.08,0.0,45,22860,买盘
1167,14:56:27,5.08,0.0,120,60960,买盘
1168,14:56:34,5.08,0.0,9,4572,买盘
1169,14:56:36,5.07,-0.01,6,3042,卖盘
1170,14:56:39,5.07,0.0,5,2535,卖盘
1171,14:56:46,5.08,0.01,87,44196,买盘
1172,14:57:01,5.09,0.01,9,4581,买盘
1173,15:00:04,5.08,-0.01,890,452120,卖盘
