,time,price,change,volume,amount,type
0,09:25:04,22.88,-0.15,307,702416,卖盘
1,09:30:01,22.88,0.0,9,20592,卖盘
2,09:30:04,22.89,0.01,315,720484,买盘
3,09:30:06,22.89,0.0,43,98353,卖盘
4,09:30:10,22.9,0.01,3,6870,买盘
5,09:30:13,22.91,0.01,12,27491,买盘
6,09:30:16,22.88,-0.03,32,73243,卖盘
7,09:30:19,22.88,0.0,7,17160,买盘
8,09:30:31,22.91,0.03,5,11457,卖盘
9,09:30:40,22.96,0.05,1,2296,中性盘
10,09:30:46,22.96,0.0,14,32134,买盘
11,09:30:49,22.93,-0.03,7,16069,中性盘
12,09:30:51,22.97,0.04,13,29857,买盘
13,09:30:55,22.96,-0.01,3,6888,卖盘
14,09:30:58,22.95,-0.01,5,11475,买盘
15,09:31:01,22.95,0.0,94,215730,买盘
16,09:31:07,22.95,0.0,11,25247,卖盘
17,09:31:10,22.96,0.01,14,32144,中性盘
18,09:31:13,22.95,-0.01,76,174420,卖盘
19,09:31:18,22.93,-0.02,17,38985,卖盘
20,09:31:22,22.95,0.02,11,25243,买盘
21,09:31:25,22.93,-0.02,1,2293,卖盘
22,09:31:28,22.9,-0.03,47,106538,卖盘
23,09:31:30,22.9,0.0,1,2290,买盘
24,09:31:34,22.88,-0.02,1,2288,卖盘
25,09:31:37,22.9,0.02,10,22900,买盘
26,09:31:40,22.85,-0.05,70,160041,卖盘
27,09:31:45,22.9,0.05,14,32000,买盘
28,09:31:49,22.85,-0.05,55,125675,卖盘
29,09:31:52,22.86,0.01,3,6858,卖盘
30,09:31:55,22.9,0.04,19,43462,买盘
31,09:31:57,22.86,-0.04,13,29718,卖盘
32,09:32:04,22.87,0.01,3,6861,卖盘
33,09:32:07,22.9,0.03,29,67555,买盘
34,09:32:10,22.9,0.0,22,49235,卖盘
35,09:32:12,22.89,-0.01,43,98403,买盘
36,09:32:16,22.9,0.01,93,214088,买盘
37,09:32:19,22.87,-0.03,11,25163,卖盘
38,09:32:22,22.9,0.03,10,22900,卖盘
39,09:32:25,22.93,0.03,60,137530,买盘
40,09:32:28,22.93,0.0,16,36688,卖盘
41,09:32:31,22.95,0.02,302,692807,买盘
42,09:32:34,22.95,0.0,131,300248,买盘
43,09:32:37,22.95,0.0,55,126569,买盘
44,09:32:39,22.96,0.01,9,20664,买盘
45,09:32:43,22.96,0.0,15,34440,买盘
46,09:32:49,22.97,0.01,5,11485,卖盘
47,09:32:54,22.98,0.01,4,9192,买盘
48,09:32:58,22.97,-0.01,1,2297,卖盘
49,09:33:01,23.0,0.03,19,43693,买盘
50,09:33:04,23.0,0.0,28,64386,买盘
51,09:33:16,23.03,0.03,270,621680,买盘
52,09:33:22,23.01,-0.02,136,313356,卖盘
53,09:33:24,23.04,0.03,10,23040,中性盘
54,09:33:28,23.03,-0.01,29,66787,买盘
55,09:33:30,23.04,0.01,15,34547,买盘
56,09:33:37,23.07,0.03,34,78398,买盘
57,09:33:43,23.07,0.0,6,13846,卖盘
58,09:33:46,23.07,0.0,29,66904,卖盘
59,09:33:49,23.05,-0.02,23,53098,卖盘
60,09:33:54,23.09,0.04,51,117729,买盘
61,09:33:58,23.09,0.0,25,57725,卖盘
62,09:34:01,23.08,-0.01,34,78496,卖盘
63,09:34:04,23.09,0.01,10,23090,买盘
64,09:34:07,23.09,0.0,14,32324,买盘
65,09:34:09,23.08,-0.01,19,43864,卖盘
66,09:34:13,23.1,0.02,118,272511,买盘
67,09:34:16,23.09,-0.01,39,90051,卖盘
68,09:34:19,23.1,0.01,12,27714,买盘
69,09:34:22,23.09,-0.01,22,50813,卖盘
70,09:34:25,23.1,0.01,54,124708,买盘
71,09:34:28,23.12,0.02,70,161840,买盘
72,09:34:31,23.12,0.0,29,67039,买盘
73,09:34:34,23.13,0.01,20,46258,买盘
74,09:34:37,23.14,0.01,6,13880,买盘
75,09:34:40,23.14,0.0,8,18512,买盘
76,09:34:43,23.14,0.0,9,20826,买盘
77,09:34:46,23.15,0.01,20,46300,买盘
78,09:34:48,23.18,0.03,200,463152,买盘
79,09:34:52,23.18,0.0,38,87966,买盘
80,09:34:55,23.14,-0.04,17,39341,中性盘
81,09:34:58,23.18,0.04,13,30105,买盘
82,09:35:01,23.14,-0.04,29,67106,卖盘
83,09:35:04,23.18,0.04,101,233987,买盘
84,09:35:07,23.13,-0.05,1,2313,卖盘
85,09:35:09,23.14,0.01,5,11572,中性盘
86,09:35:12,23.14,0.0,30,69435,卖盘
87,09:35:16,23.16,0.02,53,122699,买盘
88,09:35:19,23.14,-0.02,41,94851,中性盘
89,09:35:22,23.15,0.01,36,83347,买盘
90,09:35:25,23.14,-0.01,21,48596,中性盘
91,09:35:27,23.14,0.0,32,74018,卖盘
92,09:35:31,23.14,0.0,17,39338,卖盘
93,09:35:34,23.12,-0.02,120,277450,卖盘
94,09:35:37,23.12,0.0,4,9248,买盘
95,09:35:40,23.1,-0.02,65,150170,卖盘
96,09:35:42,23.1,0.0,39,90090,卖盘
97,09:35:49,23.1,0.0,14,32330,买盘
98,09:35:52,23.09,-0.01,108,249372,卖盘
99,09:35:55,23.09,0.0,16,36944,买盘
100,09:35:57,23.1,0.01,191,441072,买盘
101,09:36:01,23.1,0.0,35,80852,卖盘
102,09:36:04,23.1,0.0,21,48508,买盘
103,09:36:07,23.1,0.0,12,27702,买盘
104,09:36:10,23.08,-0.02,56,129303,卖盘
105,09:36:13,23.09,0.01,1,2309,中性盘
106,09:36:16,23.09,0.0,29,66989,卖盘
107,09:36:19,23.08,-0.01,14,32320,卖盘
108,09:36:22,23.09,0.01,81,186949,买盘
109,09:36:24,23.09,0.0,5,11549,卖盘
110,09:36:27,23.09,0.0,174,400908,卖盘
111,09:36:31,23.1,0.01,9,20790,卖盘
112,09:36:34,23.1,0.0,53,122430,中性盘
113,09:36:37,23.12,0.02,1,2312,中性盘
114,09:36:43,23.12,0.0,2,4624,买盘
115,09:36:46,23.13,0.01,65,150326,买盘
116,09:36:49,23.15,0.02,45,104133,买盘
117,09:36:52,23.14,-0.01,4,9256,卖盘
118,09:36:55,23.14,0.0,19,43966,卖盘
119,09:36:57,23.14,0.0,9,20828,卖盘
120,09:37:00,23.14,0.0,10,23148,卖盘
121,09:37:04,23.14,0.0,20,46280,卖盘
122,09:37:06,23.14,0.0,21,48594,买盘
123,09:37:09,23.13,-0.01,5,11565,卖盘
124,09:37:12,23.14,0.01,44,101816,买盘
125,09:37:19,23.15,0.01,199,460685,买盘
126,09:37:22,23.16,0.01,70,162050,买盘
127,09:37:25,23.16,0.0,62,143592,买盘
128,09:37:28,23.19,0.03,163,377769,买盘
129,09:37:31,23.17,-0.02,39,90436,中性盘
130,09:37:34,23.18,0.01,23,53308,中性盘
131,09:37:37,23.18,0.0,27,62591,买盘
132,09:37:40,23.2,0.02,289,670280,买盘
133,09:37:43,23.18,-0.02,64,148480,卖盘
134,09:37:46,23.18,0.0,78,180956,卖盘
135,09:37:49,23.21,0.03,1,2321,买盘
136,09:37:52,23.22,0.01,18,41796,买盘
137,09:37:55,23.23,0.01,25,58060,买盘
138,09:37:57,23.23,0.0,24,55749,买盘
139,09:38:01,23.23,0.0,51,118473,卖盘
140,09:38:04,23.24,0.01,89,206836,买盘
141,09:38:07,23.25,0.01,72,167393,买盘
142,09:38:09,23.25,0.0,106,246349,买盘
143,09:38:12,23.25,0.0,13,30225,卖盘
144,09:38:16,23.26,0.01,28,65137,买盘
145,09:38:19,23.28,0.02,176,409667,买盘
146,09:38:25,23.27,-0.01,49,114023,卖盘
147,09:38:28,23.27,0.0,108,251341,卖盘
148,09:38:31,23.25,-0.02,126,293089,卖盘
149,09:38:34,23.26,0.01,9,20931,买盘
150,09:38:37,23.26,0.0,170,395377,买盘
151,09:38:40,23.25,-0.01,115,267317,中性盘
152,09:38:42,23.24,-0.01,18,41831,中性盘
153,09:38:46,23.23,-0.01,140,325372,卖盘
154,09:38:49,23.22,-0.01,33,76642,卖盘
155,09:38:52,23.22,0.0,22,51084,买盘
156,09:38:55,23.2,-0.02,6,13928,卖盘
157,09:38:57,23.2,0.0,38,88168,买盘
158,09:39:01,23.2,0.0,6,13919,卖盘
159,09:39:05,23.17,-0.03,20,46368,卖盘
160,09:39:07,23.21,0.04,53,122965,买盘
161,09:39:10,23.17,-0.04,102,236528,卖盘
162,09:39:13,23.18,0.01,22,51006,买盘
163,09:39:16,23.19,0.01,71,164547,买盘
164,09:39:28,23.19,0.0,15,34779,买盘
165,09:39:31,23.18,-0.01,27,62605,中性盘
166,09:39:34,23.18,0.0,22,50996,买盘
167,09:39:36,23.18,0.0,36,83448,卖盘
168,09:39:40,23.18,0.0,38,88084,卖盘
169,09:39:43,23.18,0.0,21,48695,卖盘
170,09:39:45,23.18,0.0,8,18544,买盘
171,09:39:49,23.18,0.0,25,57950,买盘
172,09:39:52,23.17,-0.01,114,264231,卖盘
173,09:39:55,23.17,0.0,18,41706,买盘
174,09:39:58,23.16,-0.01,188,435408,卖盘
175,09:40:01,23.16,0.0,8,18528,买盘
176,09:40:04,23.16,0.0,2,4632,买盘
177,09:40:07,23.16,0.0,134,310294,买盘
178,09:40:10,23.15,-0.01,20,46300,中性盘
179,09:40:13,23.13,-0.02,82,189702,卖盘
180,09:40:16,23.16,0.03,97,224501,买盘
181,09:40:19,23.12,-0.04,2,4624,卖盘
182,09:40:22,23.13,0.01,16,37019,卖盘
183,09:40:25,23.16,0.03,65,150468,买盘
184,09:40:28,23.13,-0.03,49,113465,卖盘
185,09:40:31,23.16,0.03,13,30081,买盘
186,09:40:33,23.16,0.0,50,115711,买盘
187,09:40:40,23.16,0.0,71,164436,买盘
188,09:40:43,23.15,-0.01,11,25465,卖盘
189,09:40:49,23.15,0.0,61,141215,卖盘
190,09:40:52,23.15,0.0,115,266286,卖盘
191,09:40:54,23.15,0.0,20,46300,卖盘
192,09:40:58,23.16,0.01,68,157488,买盘
193,09:41:00,23.16,0.0,10,23160,卖盘
194,09:41:07,23.15,-0.01,133,307958,卖盘
195,09:41:10,23.15,0.0,10,23150,买盘
196,09:41:13,23.15,0.0,44,101860,买盘
197,09:41:16,23.13,-0.02,134,309942,卖盘
198,09:41:18,23.1,-0.03,340,785690,卖盘
199,09:41:28,23.13,0.03,10,23117,买盘
200,09:41:31,23.15,0.02,8,18519,买盘
201,09:41:34,23.15,0.0,6,13890,买盘
202,09:41:37,23.11,-0.04,66,152618,卖盘
203,09:41:43,23.11,0.0,10,23116,买盘
204,09:41:46,23.1,-0.01,25,57750,卖盘
205,09:41:48,23.1,0.0,227,524370,卖盘
206,09:41:51,23.09,-0.01,3,6927,卖盘
207,09:41:55,23.09,0.0,4,10390,卖盘
208,09:41:58,23.08,-0.01,87,200746,卖盘
209,09:42:01,23.09,0.01,88,203113,买盘
210,09:42:04,23.06,-0.03,68,156824,卖盘
211,09:42:07,23.06,0.0,30,69180,卖盘
212,09:42:09,23.06,0.0,80,184480,卖盘
213,09:42:16,23.03,-0.03,120,276386,卖盘
214,09:42:22,23.04,0.01,28,64501,卖盘
215,09:42:24,23.04,0.0,16,36860,买盘
216,09:42:27,23.03,-0.01,207,476708,卖盘
217,09:42:31,23.04,0.01,15,34548,买盘
218,09:42:33,23.05,0.01,16,36866,买盘
219,09:42:37,23.04,-0.01,1,2304,卖盘
220,09:42:40,23.04,0.0,20,46085,卖盘
221,09:42:43,23.03,-0.01,264,608415,卖盘
222,09:42:45,23.03,0.0,219,504357,买盘
223,09:42:49,23.04,0.01,163,375401,买盘
224,09:42:52,23.03,-0.01,4,9212,卖盘
225,09:42:58,23.04,0.01,68,156612,买盘
226,09:43:01,23.03,-0.01,194,446917,卖盘
227,09:43:04,23.03,0.0,103,237209,买盘
228,09:43:07,23.03,0.0,27,61010,买盘
229,09:43:10,23.03,0.0,57,131271,卖盘
230,09:43:15,23.04,0.01,80,184320,买盘
231,09:43:24,23.04,0.0,10,23040,卖盘
232,09:43:27,23.04,0.0,42,96768,卖盘
233,09:43:30,23.04,0.0,2,4608,买盘
234,09:43:34,23.04,0.0,21,49536,买盘
235,09:43:37,23.06,0.02,42,96842,买盘
236,09:43:43,23.06,0.0,15,34594,卖盘
237,09:43:46,23.07,0.01,11,25372,买盘
238,09:43:48,23.07,0.0,6,13840,买盘
239,09:43:52,23.06,-0.01,36,83016,卖盘
240,09:43:54,23.07,0.01,20,46121,买盘
241,09:44:01,23.07,0.0,9,20769,卖盘
242,09:44:04,23.07,0.0,29,66903,卖盘
243,09:44:07,23.09,0.02,222,512294,买盘
244,09:44:09,23.07,-0.02,44,101508,卖盘
245,09:44:12,23.07,0.0,9,20763,买盘
246,09:44:16,23.05,-0.02,46,106067,卖盘
247,09:44:18,23.04,-0.01,24,55331,卖盘
248,09:44:22,23.07,0.03,152,350464,买盘
249,09:44:25,23.07,0.0,18,41526,买盘
250,09:44:28,23.07,0.0,3,6921,卖盘
251,09:44:31,23.05,-0.02,60,137232,卖盘
252,09:44:34,23.05,0.0,5,11531,卖盘
253,09:44:37,23.09,0.04,130,300076,买盘
254,09:44:40,23.09,0.0,33,76197,卖盘
255,09:44:43,23.1,0.01,1,2310,买盘
256,09:44:46,23.09,-0.01,50,115450,卖盘
257,09:44:49,23.1,0.01,200,461997,买盘
258,09:44:54,23.11,0.01,11,25421,买盘
259,09:44:58,23.1,-0.01,130,300253,卖盘
260,09:45:01,23.12,0.02,1,2312,买盘
261,09:45:04,23.13,0.01,123,284387,买盘
262,09:45:06,23.13,0.0,35,80955,卖盘
263,09:45:09,23.14,0.01,14,32396,买盘
264,09:45:13,23.14,0.0,3,6942,买盘
265,09:45:16,23.14,0.0,11,25454,卖盘
266,09:45:19,23.14,0.0,76,175878,卖盘
267,09:45:25,23.14,0.0,11,25454,卖盘
268,09:45:27,23.14,0.0,38,87965,卖盘
269,09:45:30,23.15,0.01,3,6945,买盘
270,09:45:34,23.14,-0.01,87,201318,卖盘
271,09:45:37,23.15,0.01,27,62480,买盘
272,09:45:40,23.15,0.0,11,25462,买盘
273,09:45:43,23.15,0.0,92,212967,买盘
274,09:45:46,23.15,0.0,24,55544,买盘
275,09:45:48,23.15,0.0,53,122693,买盘
276,09:45:52,23.15,0.0,18,41670,卖盘
277,09:45:55,23.16,0.01,20,46305,买盘
278,09:45:58,23.16,0.0,13,30102,买盘
279,09:46:01,23.16,0.0,12,27792,买盘
280,09:46:04,23.16,0.0,139,321829,买盘
281,09:46:06,23.14,-0.02,34,78708,卖盘
282,09:46:09,23.14,0.0,77,178195,卖盘
283,09:46:13,23.15,0.01,5,11572,买盘
284,09:46:16,23.14,-0.01,12,27768,卖盘
285,09:46:19,23.14,0.0,6,13880,买盘
286,09:46:22,23.14,0.0,8,18511,买盘
287,09:46:25,23.1,-0.04,9,20790,卖盘
288,09:46:28,23.14,0.04,36,83164,买盘
289,09:46:31,23.1,-0.04,13,30034,中性盘
290,09:46:33,23.1,0.0,2,4620,卖盘
291,09:46:37,23.1,0.0,6,13860,卖盘
292,09:46:40,23.1,0.0,12,27720,卖盘
293,09:46:43,23.1,0.0,3,6930,买盘
294,09:46:46,23.1,0.0,16,36960,买盘
295,09:46:49,23.1,0.0,5,11550,卖盘
296,09:46:52,23.1,0.0,25,57753,卖盘
297,09:46:54,23.12,0.02,50,115520,买盘
298,09:47:01,23.1,-0.02,21,48540,卖盘
299,09:47:04,23.12,0.02,53,122439,买盘
300,09:47:07,23.1,-0.02,31,71610,卖盘
301,09:47:13,23.1,0.0,21,48530,卖盘
302,09:47:15,23.09,-0.01,5,11545,卖盘
303,09:47:19,23.1,0.01,3,6930,买盘
304,09:47:28,23.1,0.0,105,242449,买盘
305,09:47:31,23.1,0.0,2,4620,买盘
306,09:47:34,23.09,-0.01,14,32325,买盘
307,09:47:39,23.09,0.0,14,32326,买盘
308,09:47:43,23.09,0.0,40,92360,买盘
309,09:47:46,23.1,0.01,53,122429,买盘
310,09:47:49,23.1,0.0,60,138508,买盘
311,09:47:52,23.08,-0.02,2,4618,卖盘
312,09:47:55,23.08,0.0,37,85424,卖盘
313,09:47:58,23.08,0.0,6,13848,买盘
314,09:48:01,23.08,0.0,48,110780,买盘
315,09:48:04,23.08,0.0,35,80766,卖盘
316,09:48:06,23.1,0.02,12,27720,买盘
317,09:48:13,23.12,0.02,6,13872,买盘
318,09:48:16,23.12,0.0,6,13872,买盘
319,09:48:19,23.12,0.0,6,13872,买盘
320,09:48:22,23.12,0.0,26,60097,买盘
321,09:48:25,23.12,0.0,10,23119,买盘
322,09:48:30,23.12,0.0,15,34680,买盘
323,09:48:33,23.1,-0.02,45,103976,卖盘
324,09:48:37,23.12,0.02,5,11552,买盘
325,09:48:43,23.1,-0.02,9,20797,卖盘
326,09:48:48,23.12,0.02,3,6936,买盘
327,09:48:51,23.12,0.0,77,178024,买盘
328,09:48:55,23.12,0.0,85,196520,卖盘
329,09:48:57,23.14,0.02,97,224409,买盘
330,09:49:01,23.15,0.01,38,87940,买盘
331,09:49:04,23.14,-0.01,19,43967,卖盘
332,09:49:06,23.15,0.01,105,243006,买盘
333,09:49:10,23.15,0.0,4,9260,买盘
334,09:49:13,23.15,0.0,5,11575,买盘
335,09:49:16,23.14,-0.01,11,25454,中性盘
336,09:49:19,23.15,0.01,88,203710,买盘
337,09:49:22,23.15,0.0,18,41662,买盘
338,09:49:25,23.14,-0.01,4,9256,中性盘
339,09:49:28,23.15,0.01,70,163208,买盘
340,09:49:31,23.14,-0.01,88,202564,卖盘
341,09:49:34,23.14,0.0,1,2314,卖盘
342,09:49:36,23.14,0.0,17,39354,卖盘
343,09:49:40,23.14,0.0,3,6942,卖盘
344,09:49:43,23.14,0.0,1,2314,买盘
345,09:49:46,23.14,0.0,58,134210,买盘
346,09:49:49,23.13,-0.01,28,64764,卖盘
347,09:49:55,23.13,0.0,1,2313,买盘
348,09:49:58,23.13,0.0,10,23112,买盘
349,09:50:00,23.12,-0.01,1,2312,中性盘
350,09:50:04,23.1,-0.02,14,32356,卖盘
351,09:50:07,23.1,0.0,14,32342,卖盘
352,09:50:12,23.1,0.0,17,39270,卖盘
353,09:50:16,23.1,0.0,88,203280,买盘
354,09:50:19,23.1,0.0,7,16162,买盘
355,09:50:25,23.08,-0.02,3,6924,卖盘
356,09:50:31,23.1,0.02,7,16170,买盘
357,09:50:34,23.1,0.0,10,23086,买盘
358,09:50:37,23.08,-0.02,17,39258,卖盘
359,09:50:40,23.1,0.02,8,18474,买盘
360,09:50:42,23.08,-0.02,3,6924,卖盘
361,09:50:45,23.1,0.02,1,2310,买盘
362,09:50:49,23.1,0.0,5,11550,买盘
363,09:50:52,23.07,-0.03,202,466229,卖盘
364,09:50:55,23.07,0.0,10,23070,买盘
365,09:50:58,23.06,-0.01,30,69185,卖盘
366,09:51:00,23.06,0.0,10,23059,买盘
367,09:51:03,23.04,-0.02,32,73728,卖盘
368,09:51:06,23.06,0.02,1,2306,买盘
369,09:51:13,23.07,0.01,5,11534,买盘
370,09:51:19,23.04,-0.03,3,6912,卖盘
371,09:51:21,23.03,-0.01,46,105941,卖盘
372,09:51:25,23.03,0.0,1,2303,买盘
373,09:51:31,23.03,0.0,8,18424,买盘
374,09:51:34,23.02,-0.01,21,48342,卖盘
375,09:51:36,23.02,0.0,80,184155,卖盘
376,09:51:40,23.01,-0.01,14,32214,卖盘
377,09:51:43,23.01,0.0,39,89739,卖盘
378,09:51:46,23.01,0.0,26,59824,买盘
379,09:51:49,23.0,-0.01,220,506117,卖盘
380,09:51:52,23.0,0.0,1,2300,买盘
381,09:51:55,23.0,0.0,27,62091,买盘
382,09:51:58,22.98,-0.02,18,41367,卖盘
383,09:52:01,23.0,0.02,31,71252,买盘
384,09:52:04,22.98,-0.02,9,20687,卖盘
385,09:52:06,22.98,0.0,28,64360,卖盘
386,09:52:10,22.98,0.0,59,135582,卖盘
387,09:52:13,22.98,0.0,5,11490,买盘
388,09:52:16,22.98,0.0,34,78114,买盘
389,09:52:19,22.97,-0.01,93,213625,卖盘
390,09:52:22,22.97,0.0,6,13782,买盘
391,09:52:25,22.97,0.0,1,2297,买盘
392,09:52:28,22.97,0.0,10,22970,买盘
393,09:52:31,22.97,0.0,4,9188,买盘
394,09:52:34,22.97,0.0,29,66598,买盘
395,09:52:37,22.97,0.0,12,27561,买盘
396,09:52:40,22.97,0.0,98,225059,买盘
397,09:52:43,22.97,0.0,5,11486,卖盘
398,09:52:45,22.97,0.0,31,71213,卖盘
399,09:52:48,22.98,0.01,32,73535,买盘
400,09:52:55,22.99,0.01,1,2299,买盘
401,09:52:58,22.98,-0.01,18,41364,卖盘
402,09:53:01,23.0,0.02,20,45992,买盘
403,09:53:04,22.98,-0.02,19,43680,卖盘
404,09:53:07,23.0,0.02,153,351641,买盘
405,09:53:10,23.0,0.0,20,46000,买盘
406,09:53:13,23.0,0.0,114,263283,买盘
407,09:53:19,23.0,0.0,15,34512,卖盘
408,09:53:22,23.0,0.0,10,21853,卖盘
409,09:53:28,23.0,0.0,14,32200,买盘
410,09:53:31,23.0,0.0,31,72266,买盘
411,09:53:34,23.03,0.03,1,2303,买盘
412,09:53:36,23.0,-0.03,4,9206,卖盘
413,09:53:40,23.03,0.03,7,16121,买盘
414,09:53:43,23.03,0.0,2,4606,买盘
415,09:53:46,23.03,0.0,34,78302,买盘
416,09:53:49,23.04,0.01,12,27642,买盘
417,09:53:52,23.03,-0.01,265,610312,卖盘
418,09:53:55,23.04,0.01,17,39168,买盘
419,09:54:01,23.05,0.01,124,285716,中性盘
420,09:54:07,23.06,0.01,15,34584,买盘
421,09:54:09,23.05,-0.01,17,39186,卖盘
422,09:54:12,23.05,0.0,150,345624,卖盘
423,09:54:25,23.05,0.0,35,80665,买盘
424,09:54:27,23.05,0.0,55,126675,买盘
425,09:54:30,23.03,-0.02,1,2303,卖盘
426,09:54:34,23.04,0.01,8,18432,买盘
427,09:54:37,23.03,-0.01,63,145089,卖盘
428,09:54:40,23.03,0.0,1,2303,买盘
429,09:54:43,23.03,0.0,6,13818,买盘
430,09:54:46,23.01,-0.02,63,145059,卖盘
431,09:54:49,23.01,0.0,15,34515,卖盘
432,09:54:52,23.02,0.01,4,9205,买盘
433,09:54:54,23.02,0.0,11,25322,买盘
434,09:55:01,23.02,0.0,19,43737,买盘
435,09:55:04,23.0,-0.02,18,41409,卖盘
436,09:55:07,23.0,0.0,237,544959,卖盘
437,09:55:10,23.0,0.0,1,1334,买盘
438,09:55:13,23.0,0.0,1,2300,买盘
439,09:55:16,22.98,-0.02,127,291863,卖盘
440,09:55:18,22.99,0.01,31,71269,中性盘
441,09:55:25,22.99,0.0,9,20691,卖盘
442,09:55:31,23.0,0.01,30,68980,买盘
443,09:55:33,23.0,0.0,40,92947,买盘
444,09:55:37,23.01,0.01,11,24151,中性盘
445,09:55:40,23.0,-0.01,2,4600,卖盘
446,09:55:43,23.0,0.0,3,6900,卖盘
447,09:55:46,23.0,0.0,2,4601,卖盘
448,09:55:49,23.0,0.0,11,26450,卖盘
449,09:55:52,23.01,0.01,17,39115,买盘
450,09:55:55,23.0,-0.01,45,102534,卖盘
451,09:55:58,23.01,0.01,22,50605,买盘
452,09:56:06,23.0,-0.01,14,32197,买盘
453,09:56:10,22.99,-0.01,31,71271,卖盘
454,09:56:22,22.99,0.0,13,29887,买盘
455,09:56:25,23.0,0.01,1,2300,买盘
456,09:56:28,23.0,0.0,43,98865,买盘
457,09:56:31,23.0,0.0,34,78196,买盘
458,09:56:34,22.99,-0.01,3,6899,卖盘
459,09:56:37,23.04,0.05,311,715795,买盘
460,09:56:40,23.03,-0.01,30,69090,卖盘
461,09:56:46,23.03,0.0,10,23030,卖盘
462,09:56:49,23.04,0.01,2,4607,买盘
463,09:56:55,23.04,0.0,21,48384,买盘
464,09:56:57,23.03,-0.01,67,154311,卖盘
465,09:57:01,23.03,0.0,27,62181,买盘
466,09:57:04,23.0,-0.03,36,82800,卖盘
467,09:57:07,23.0,0.0,21,48300,买盘
468,09:57:09,23.0,0.0,20,46000,买盘
469,09:57:13,23.0,0.0,3,6900,买盘
470,09:57:16,22.99,-0.01,35,80468,卖盘
471,09:57:18,23.0,0.01,5,11500,买盘
472,09:57:22,22.99,-0.01,70,160950,卖盘
473,09:57:25,23.0,0.01,2,4600,买盘
474,09:57:28,23.0,0.0,15,34497,买盘
475,09:57:34,23.0,0.0,27,62081,买盘
476,09:57:37,23.0,0.0,7,16095,买盘
477,09:57:40,23.0,0.0,186,428237,买盘
478,09:57:42,23.0,0.0,10,23002,卖盘
479,09:57:52,23.02,0.02,34,78224,买盘
480,09:57:55,23.02,0.0,1,2302,买盘
481,09:58:01,23.01,-0.01,2,4602,卖盘
482,09:58:04,23.02,0.01,9,20718,买盘
483,09:58:07,23.02,0.0,1,2302,买盘
484,09:58:10,23.01,-0.01,1,2301,卖盘
485,09:58:16,23.01,0.0,2,4602,卖盘
486,09:58:21,23.01,0.0,117,269217,买盘
487,09:58:25,23.02,0.01,12,27622,买盘
488,09:58:27,23.02,0.0,57,131186,买盘
489,09:58:31,23.01,-0.01,50,115050,卖盘
490,09:58:34,23.02,0.01,71,163443,买盘
491,09:58:37,23.02,0.0,17,39134,卖盘
492,09:58:39,23.03,0.01,83,191071,买盘
493,09:58:42,23.03,0.0,20,46060,买盘
494,09:58:46,23.04,0.01,1,2304,买盘
495,09:58:52,23.03,-0.01,1,2303,卖盘
496,09:58:55,23.05,0.02,100,230451,买盘
497,09:58:57,23.05,0.0,19,43795,买盘
498,09:59:01,23.05,0.0,7,16136,卖盘
499,09:59:04,23.05,0.0,26,59930,卖盘
500,09:59:10,23.06,0.01,17,39202,买盘
501,09:59:13,23.03,-0.03,13,29953,卖盘
502,09:59:15,23.03,0.0,1,2303,卖盘
503,09:59:21,23.03,0.0,1,2303,买盘
504,09:59:25,23.03,0.0,19,43757,买盘
505,09:59:28,23.03,0.0,5,11515,买盘
506,09:59:31,23.03,0.0,2,4606,买盘
507,09:59:34,23.02,-0.01,32,73664,卖盘
508,09:59:37,23.04,0.02,8,18430,买盘
509,09:59:39,23.04,0.0,1,2304,买盘
510,09:59:43,23.04,0.0,6,14974,买盘
511,09:59:46,23.03,-0.01,10,23030,卖盘
512,09:59:49,23.03,0.0,15,33398,卖盘
513,09:59:52,23.03,0.0,1,2303,买盘
514,09:59:55,23.03,0.0,1,2303,买盘
515,09:59:58,23.02,-0.01,50,115100,卖盘
516,10:00:01,23.03,0.01,1,2303,买盘
517,10:00:04,23.03,0.0,7,16117,买盘
518,10:00:06,23.03,0.0,20,46057,买盘
519,10:00:10,23.01,-0.02,170,391190,卖盘
520,10:00:13,23.01,0.0,4,9206,卖盘
521,10:00:16,23.02,0.01,2,4604,买盘
522,10:00:19,23.01,-0.01,6,13806,卖盘
523,10:00:22,23.01,0.0,12,27613,卖盘
524,10:00:25,23.01,0.0,4,9204,买盘
525,10:00:33,23.0,-0.01,180,414004,卖盘
526,10:00:36,23.0,0.0,22,50615,卖盘
527,10:00:40,23.0,0.0,2,4601,卖盘
528,10:00:43,23.04,0.04,70,161184,买盘
529,10:00:46,23.0,-0.04,22,50600,卖盘
530,10:00:49,23.0,0.0,7,16100,买盘
531,10:00:55,22.99,-0.01,23,52899,卖盘
532,10:00:57,23.0,0.01,1,2300,买盘
533,10:01:00,23.0,0.0,3,6902,卖盘
534,10:01:10,23.01,0.01,20,46037,卖盘
535,10:01:13,23.02,0.01,2,4602,买盘
536,10:01:16,23.01,-0.01,9,20709,中性盘
537,10:01:19,23.03,0.02,3,6908,买盘
538,10:01:25,23.01,-0.02,648,1491198,卖盘
539,10:01:27,23.01,0.0,4,9204,买盘
540,10:01:30,22.99,-0.02,249,573520,卖盘
541,10:01:37,23.06,0.07,1,2306,买盘
542,10:01:40,23.03,-0.03,16,36848,买盘
543,10:01:43,23.0,-0.03,6,13803,卖盘
544,10:01:46,23.03,0.03,7,16121,买盘
545,10:01:52,23.02,-0.01,1,2302,买盘
546,10:01:57,23.01,-0.01,10,23010,卖盘
547,10:02:01,23.03,0.02,16,36833,买盘
548,10:02:04,23.03,0.0,1,2303,买盘
549,10:02:07,23.0,-0.03,12,27617,卖盘
550,10:02:10,23.02,0.02,71,163437,买盘
551,10:02:13,23.02,0.0,32,73664,买盘
552,10:02:16,23.02,0.0,11,25322,买盘
553,10:02:19,23.02,0.0,5,11510,买盘
554,10:02:22,23.01,-0.01,1,2301,卖盘
555,10:02:28,23.01,0.0,35,80535,卖盘
556,10:02:30,23.02,0.01,22,50639,买盘
557,10:02:34,23.01,-0.01,8,18408,卖盘
558,10:02:37,23.02,0.01,161,370380,买盘
559,10:02:40,23.06,0.04,71,163543,买盘
560,10:02:43,23.07,0.01,73,168100,买盘
561,10:02:46,23.07,0.0,23,53061,买盘
562,10:02:49,23.02,-0.05,2,4604,卖盘
563,10:02:52,23.02,0.0,1,2302,卖盘
564,10:02:55,23.02,0.0,10,24171,卖盘
565,10:02:58,23.07,0.05,13,29986,买盘
566,10:03:01,23.02,-0.05,4,9208,卖盘
567,10:03:04,23.07,0.05,21,48402,买盘
568,10:03:06,23.07,0.0,13,29986,买盘
569,10:03:10,23.07,0.0,11,25377,买盘
570,10:03:12,23.1,0.03,381,878414,买盘
571,10:03:15,23.13,0.03,131,302895,买盘
572,10:03:19,23.14,0.01,61,141061,买盘
573,10:03:22,23.11,-0.03,36,83194,买盘
574,10:03:25,23.11,0.0,11,25421,买盘
575,10:03:28,23.1,-0.01,15,34663,卖盘
576,10:03:31,23.1,0.0,39,90105,卖盘
577,10:03:34,23.1,0.0,48,112046,卖盘
578,10:03:37,23.1,0.0,26,60060,买盘
579,10:03:49,23.08,-0.02,7,16156,卖盘
580,10:03:51,23.09,0.01,31,71560,买盘
581,10:03:55,23.08,-0.01,11,25388,卖盘
582,10:04:00,23.06,-0.02,1,2306,中性盘
583,10:04:10,23.04,-0.02,2,4608,卖盘
584,10:04:15,23.06,0.02,1,2306,买盘
585,10:04:19,23.04,-0.02,107,246465,卖盘
586,10:04:22,23.08,0.04,79,182259,买盘
587,10:04:25,23.08,0.0,25,57698,买盘
588,10:04:28,23.08,0.0,12,27693,买盘
589,10:04:33,23.06,-0.02,5,11530,卖盘
590,10:04:37,23.07,0.01,1,2307,买盘
591,10:04:40,23.08,0.01,2,4614,买盘
592,10:04:46,23.07,-0.01,4,9228,卖盘
593,10:04:49,23.07,0.0,40,92292,卖盘
594,10:04:52,23.07,0.0,39,89973,买盘
595,10:04:55,23.08,0.01,114,262859,买盘
596,10:04:58,23.07,-0.01,47,108428,中性盘
597,10:05:01,23.06,-0.01,15,34590,中性盘
598,10:05:04,23.06,0.0,2,4612,买盘
599,10:05:06,23.06,0.0,5,11530,买盘
600,10:05:10,23.05,-0.01,31,70262,买盘
601,10:05:13,23.05,0.0,10,23050,买盘
602,10:05:16,23.05,0.0,17,39185,买盘
603,10:05:19,23.05,0.0,31,72552,买盘
604,10:05:22,23.03,-0.02,6,13818,中性盘
605,10:05:24,23.05,0.02,19,43793,买盘
606,10:05:28,23.03,-0.02,4,9212,卖盘
607,10:05:31,23.05,0.02,14,32256,买盘
608,10:05:33,23.02,-0.03,28,63322,卖盘
609,10:05:37,23.02,0.0,17,39134,买盘
610,10:05:40,23.02,0.0,16,36832,买盘
611,10:05:43,23.02,0.0,36,82872,买盘
612,10:05:46,23.02,0.0,16,36817,买盘
613,10:05:49,23.02,0.0,31,71362,买盘
614,10:05:52,23.03,0.01,25,58716,买盘
615,10:05:55,23.03,0.0,18,41449,买盘
616,10:05:58,23.03,0.0,4,9212,买盘
617,10:06:01,23.03,0.0,5,11515,买盘
618,10:06:04,23.03,0.0,21,48354,买盘
619,10:06:07,23.02,-0.01,22,50649,卖盘
620,10:06:10,23.02,0.0,22,50644,买盘
621,10:06:12,23.02,0.0,36,82869,买盘
622,10:06:16,23.02,0.0,19,43738,买盘
623,10:06:19,23.02,0.0,21,48342,买盘
624,10:06:22,23.03,0.01,31,71376,买盘
625,10:06:25,23.03,0.0,1,2303,买盘
626,10:06:28,23.02,-0.01,1,2302,卖盘
627,10:06:31,23.03,0.01,19,43745,买盘
628,10:06:33,23.06,0.03,148,341032,买盘
629,10:06:37,23.06,0.0,43,99143,买盘
630,10:06:40,23.06,0.0,22,50732,买盘
631,10:06:42,23.06,0.0,31,71486,买盘
632,10:06:46,23.06,0.0,33,76076,买盘
633,10:06:48,23.06,0.0,2,4612,买盘
634,10:06:51,23.06,0.0,35,80710,买盘
635,10:06:54,23.06,0.0,25,57650,买盘
636,10:06:58,23.06,0.0,29,66874,买盘
637,10:07:01,23.06,0.0,14,32284,买盘
638,10:07:04,23.06,0.0,8,18448,买盘
639,10:07:07,23.06,0.0,9,20754,买盘
640,10:07:10,23.05,-0.01,6,13832,卖盘
641,10:07:12,23.06,0.01,13,29976,买盘
642,10:07:16,23.06,0.0,3,6918,买盘
643,10:07:19,23.07,0.01,19,42670,买盘
644,10:07:22,23.06,-0.01,31,72629,买盘
645,10:07:25,23.06,0.0,12,27672,买盘
646,10:07:28,23.07,0.01,32,73812,买盘
647,10:07:31,23.07,0.0,167,384734,买盘
648,10:07:33,23.07,0.0,48,110736,买盘
649,10:07:37,23.08,0.01,43,98070,买盘
650,10:07:39,23.08,0.0,13,30001,买盘
651,10:07:43,23.08,0.0,1,2308,买盘
652,10:07:46,23.08,0.0,1,2308,买盘
653,10:07:49,23.08,0.0,65,150020,买盘
654,10:07:52,23.08,0.0,22,50776,买盘
655,10:07:55,23.08,0.0,66,153690,买盘
656,10:08:00,23.08,0.0,37,85448,卖盘
657,10:08:04,23.12,0.04,96,220682,买盘
658,10:08:07,23.12,0.0,44,101728,买盘
659,10:08:09,23.13,0.01,21,48570,买盘
660,10:08:16,23.12,-0.01,45,104040,买盘
661,10:08:19,23.13,0.01,23,53187,买盘
662,10:08:22,23.13,0.0,131,302743,买盘
663,10:08:25,23.11,-0.02,5,11563,中性盘
664,10:08:28,23.12,0.01,78,180402,卖盘
665,10:08:31,23.13,0.01,44,101734,买盘
666,10:08:34,23.13,0.0,5,11565,买盘
667,10:08:36,23.13,0.0,21,48573,买盘
668,10:08:39,23.12,-0.01,7,17334,买盘
669,10:08:43,23.12,0.0,4,9248,买盘
670,10:08:49,23.12,0.0,40,92472,买盘
671,10:08:52,23.11,-0.01,62,142152,卖盘
672,10:08:55,23.13,0.02,10,24284,卖盘
673,10:08:57,23.12,-0.01,28,64754,中性盘
674,10:09:01,23.13,0.01,36,83263,买盘
675,10:09:04,23.12,-0.01,45,104084,卖盘
676,10:09:07,23.12,0.0,100,231297,卖盘
677,10:09:10,23.13,0.01,72,166574,买盘
678,10:09:13,23.13,0.0,64,148032,卖盘
679,10:09:16,23.13,0.0,30,69382,买盘
680,10:09:22,23.13,0.0,2,4626,买盘
681,10:09:25,23.13,0.0,15,34695,买盘
682,10:09:28,23.13,0.0,30,69390,买盘
683,10:09:31,23.12,-0.01,65,150292,卖盘
684,10:09:34,23.13,0.01,56,129480,买盘
685,10:09:40,23.12,-0.01,1,2312,买盘
686,10:09:49,23.12,0.0,35,80905,买盘
687,10:09:51,23.13,0.01,47,108665,买盘
688,10:09:55,23.13,0.0,86,198878,买盘
689,10:09:58,23.13,0.0,41,94833,买盘
690,10:10:01,23.13,0.0,66,152658,买盘
691,10:10:04,23.15,0.02,171,395701,买盘
692,10:10:10,23.13,-0.02,74,171290,卖盘
693,10:10:13,23.15,0.02,51,118004,买盘
694,10:10:16,23.15,0.0,10,23150,买盘
695,10:10:19,23.14,-0.01,26,60172,卖盘
696,10:10:22,23.14,0.0,1,2314,买盘
697,10:10:25,23.14,0.0,4,9256,买盘
698,10:10:28,23.13,-0.01,76,175792,卖盘
699,10:10:30,23.14,0.01,181,418696,买盘
700,10:10:34,23.15,0.01,60,138868,买盘
701,10:10:37,23.15,0.0,27,62505,买盘
702,10:10:40,23.14,-0.01,19,43966,卖盘
703,10:10:49,23.15,0.01,11,25457,买盘
704,10:10:52,23.15,0.0,14,32410,买盘
705,10:10:55,23.14,-0.01,13,30082,卖盘
706,10:10:58,23.14,0.0,1,2314,买盘
707,10:11:00,23.14,0.0,22,50907,买盘
708,10:11:04,23.14,0.0,1,2314,买盘
709,10:11:07,23.13,-0.01,117,270638,卖盘
710,10:11:09,23.13,0.0,7,16195,卖盘
711,10:11:13,23.13,0.0,1,2313,买盘
712,10:11:16,23.13,0.0,7,16191,买盘
713,10:11:19,23.12,-0.01,12,27746,卖盘
714,10:11:22,23.12,0.0,10,23125,卖盘
715,10:11:24,23.12,0.0,122,282067,卖盘
716,10:11:27,23.11,-0.01,3,6449,卖盘
717,10:11:31,23.12,0.01,164,378922,买盘
718,10:11:37,23.11,-0.01,13,30043,买盘
719,10:11:39,23.1,-0.01,33,76240,卖盘
720,10:11:43,23.1,0.0,7,16170,卖盘
721,10:11:45,23.1,0.0,80,184131,卖盘
722,10:11:49,23.09,-0.01,61,140851,卖盘
723,10:11:52,23.1,0.01,1,2310,买盘
724,10:11:58,23.07,-0.03,201,464896,卖盘
725,10:12:01,23.08,0.01,27,62260,买盘
726,10:12:04,23.08,0.0,14,32312,买盘
727,10:12:06,23.06,-0.02,17,39205,卖盘
728,10:12:10,23.08,0.02,17,39212,买盘
729,10:12:18,23.08,0.0,58,133804,买盘
730,10:12:22,23.08,0.0,1,2308,买盘
731,10:12:24,23.07,-0.01,10,23070,卖盘
732,10:12:28,23.07,0.0,2,4614,中性盘
733,10:12:31,23.07,0.0,11,25377,买盘
734,10:12:33,23.06,-0.01,44,101473,卖盘
735,10:12:40,23.06,0.0,5,11529,买盘
736,10:12:43,23.06,0.0,1,2306,买盘
737,10:12:46,23.06,0.0,6,13836,买盘
738,10:12:49,23.05,-0.01,11,25355,卖盘
739,10:12:52,23.04,-0.01,33,76038,卖盘
740,10:12:58,23.06,0.02,1,2306,买盘
741,10:13:01,23.06,0.0,4,9224,买盘
742,10:13:04,23.06,0.0,15,34590,卖盘
743,10:13:09,23.07,0.01,4,9228,买盘
744,10:13:13,23.06,-0.01,333,767428,卖盘
745,10:13:22,23.07,0.01,1,2307,卖盘
746,10:13:25,23.07,0.0,21,48450,卖盘
747,10:13:37,23.08,0.01,3,6924,卖盘
748,10:13:40,23.08,0.0,3,6924,买盘
749,10:13:42,23.09,0.01,6,13854,买盘
750,10:13:49,23.1,0.01,6,13860,买盘
751,10:13:54,23.09,-0.01,13,30028,卖盘
752,10:14:04,23.08,-0.01,24,55412,卖盘
753,10:14:10,23.09,0.01,4,9236,买盘
754,10:14:13,23.09,0.0,6,13854,买盘
755,10:14:15,23.09,0.0,1,2309,买盘
756,10:14:21,23.09,0.0,5,11545,买盘
757,10:14:27,23.09,0.0,16,36944,买盘
758,10:14:33,23.08,-0.01,10,23080,卖盘
759,10:14:36,23.09,0.01,6,13852,买盘
760,10:14:39,23.09,0.0,7,16163,买盘
761,10:14:42,23.09,0.0,2,4618,买盘
762,10:14:46,23.09,0.0,1,2309,买盘
763,10:14:49,23.08,-0.01,1,2308,卖盘
764,10:14:55,23.09,0.01,6,13849,买盘
765,10:14:58,23.08,-0.01,9,20777,卖盘
766,10:15:04,23.09,0.01,63,145399,买盘
767,10:15:07,23.09,0.0,4,8079,买盘
768,10:15:10,23.09,0.0,4,9236,买盘
769,10:15:12,23.09,0.0,2,4618,买盘
770,10:15:16,23.09,0.0,1,2309,买盘
771,10:15:19,23.08,-0.01,3,6924,卖盘
772,10:15:22,23.09,0.01,5,11541,买盘
773,10:15:25,23.08,-0.01,5,11540,卖盘
774,10:15:28,23.08,0.0,1,2308,卖盘
775,10:15:34,23.08,0.0,16,36913,买盘
776,10:15:37,23.07,-0.01,24,55372,卖盘
777,10:15:40,23.08,0.01,3,6924,买盘
778,10:15:42,23.08,0.0,2,4616,买盘
779,10:15:46,23.09,0.01,1,2309,买盘
780,10:15:49,23.07,-0.02,20,46143,卖盘
781,10:15:58,23.08,0.01,5,11540,卖盘
782,10:16:01,23.08,0.0,4,9233,卖盘
783,10:16:04,23.08,0.0,29,66942,买盘
784,10:16:06,23.07,-0.01,2,5768,卖盘
785,10:16:09,23.08,0.01,7,16156,买盘
786,10:16:12,23.08,0.0,1,2308,买盘
787,10:16:22,23.07,-0.01,23,53061,卖盘
788,10:16:25,23.07,0.0,26,60003,卖盘
789,10:16:28,23.07,0.0,8,18457,卖盘
790,10:16:40,23.08,0.01,4,9232,买盘
791,10:16:43,23.08,0.0,3,6924,买盘
792,10:16:52,23.08,0.0,14,32309,买盘
793,10:17:04,23.08,0.0,39,89996,买盘
794,10:17:10,23.08,0.0,1,2308,买盘
795,10:17:13,23.08,0.0,7,16156,买盘
796,10:17:19,23.08,0.0,1,2308,买盘
797,10:17:22,23.08,0.0,1,2308,买盘
798,10:17:28,23.08,0.0,10,23080,买盘
799,10:17:31,23.08,0.0,7,16156,买盘
800,10:17:34,23.08,0.0,3,6924,买盘
801,10:17:37,23.07,-0.01,22,50754,卖盘
802,10:17:40,23.08,0.01,15,34620,买盘
803,10:17:42,23.08,0.0,4,9232,买盘
804,10:17:49,23.08,0.0,4,9232,买盘
805,10:17:52,23.07,-0.01,3,6921,卖盘
806,10:17:55,23.08,0.01,16,36928,买盘
807,10:17:58,23.08,0.0,1,2308,买盘
808,10:18:04,23.07,-0.01,25,57698,卖盘
809,10:18:07,23.08,0.01,15,34620,买盘
810,10:18:10,23.08,0.0,12,26540,买盘
811,10:18:12,23.07,-0.01,15,34615,卖盘
812,10:18:16,23.07,0.0,20,46140,卖盘
813,10:18:22,23.08,0.01,247,569857,买盘
814,10:18:31,23.07,-0.01,11,25377,卖盘
815,10:18:34,23.07,0.0,43,99204,卖盘
816,10:18:37,23.08,0.01,1,2308,买盘
817,10:18:39,23.08,0.0,44,101517,买盘
818,10:18:46,23.08,0.0,53,122324,买盘
819,10:18:49,23.08,0.0,4,9232,买盘
820,10:18:52,23.08,0.0,31,71548,买盘
821,10:19:01,23.08,0.0,20,46160,买盘
822,10:19:04,23.08,0.0,29,66929,买盘
823,10:19:10,23.07,-0.01,10,23070,卖盘
824,10:19:13,23.07,0.0,12,27691,卖盘
825,10:19:16,23.07,0.0,2,4615,卖盘
826,10:19:28,23.08,0.01,6,13843,买盘
827,10:19:31,23.07,-0.01,45,103856,卖盘
828,10:19:34,23.08,0.01,3,6924,买盘
829,10:19:37,23.07,-0.01,10,23070,卖盘
830,10:19:39,23.08,0.01,2,4616,买盘
831,10:19:42,23.07,-0.01,34,78452,卖盘
832,10:19:46,23.07,0.0,1,2307,卖盘
833,10:19:55,23.08,0.01,1,2308,买盘
834,10:19:58,23.08,0.0,11,25388,买盘
835,10:20:04,23.08,0.0,25,57700,买盘
836,10:20:07,23.07,-0.01,12,27685,卖盘
837,10:20:10,23.07,0.0,11,25383,卖盘
838,10:20:12,23.08,0.01,3,6924,买盘
839,10:20:19,23.08,0.0,55,128092,买盘
840,10:20:22,23.08,0.0,1,2308,买盘
841,10:20:25,23.07,-0.01,5,11535,卖盘
842,10:20:28,23.07,0.0,47,108436,卖盘
843,10:20:31,23.08,0.01,6,13847,买盘
844,10:20:34,23.07,-0.01,6,13847,卖盘
845,10:20:36,23.08,0.01,1,2308,买盘
846,10:20:40,23.08,0.0,24,55371,买盘
847,10:20:43,23.08,0.0,3,6924,买盘
848,10:20:46,23.07,-0.01,4,8074,卖盘
849,10:20:49,23.07,0.0,1,2307,买盘
850,10:21:01,23.07,0.0,35,80745,买盘
851,10:21:04,23.06,-0.01,48,110715,卖盘
852,10:21:07,23.06,0.0,16,36908,卖盘
853,10:21:13,23.07,0.01,15,34597,买盘
854,10:21:15,23.07,0.0,1,2307,买盘
855,10:21:18,23.06,-0.01,7,16142,卖盘
856,10:21:25,23.06,0.0,57,131442,卖盘
857,10:21:28,23.06,0.0,9,20755,卖盘
858,10:21:31,23.06,0.0,30,69180,卖盘
859,10:21:37,23.05,-0.01,46,106074,卖盘
860,10:21:40,23.06,0.01,7,16145,中性盘
861,10:21:45,23.06,0.0,18,41508,买盘
862,10:21:51,23.05,-0.01,20,46100,卖盘
863,10:21:54,23.06,0.01,1,2306,买盘
864,10:22:03,23.06,0.01,23,53031,买盘
865,10:22:07,23.05,-0.01,1,2305,买盘
866,10:22:10,23.05,0.0,4,9220,买盘
867,10:22:13,23.05,0.0,3,6915,买盘
868,10:22:16,23.04,-0.01,10,23040,卖盘
869,10:22:19,23.05,0.01,1,2305,买盘
870,10:22:22,23.05,0.0,6,13830,买盘
871,10:22:24,23.04,-0.01,4,9216,卖盘
872,10:22:28,23.04,0.0,9,20740,卖盘
873,10:22:33,23.04,0.0,36,82949,卖盘
874,10:22:36,23.04,0.0,104,239616,卖盘
875,10:22:39,23.05,0.01,24,55300,买盘
876,10:22:43,23.04,-0.01,6,13827,卖盘
877,10:22:46,23.05,0.01,1,2305,买盘
878,10:22:48,23.04,-0.01,55,126720,卖盘
879,10:22:55,23.04,0.0,66,152065,卖盘
880,10:22:57,23.04,0.0,1,2304,买盘
881,10:23:01,23.04,0.0,3,6912,买盘
882,10:23:04,23.04,0.0,16,36864,买盘
883,10:23:07,23.04,0.0,2,4608,买盘
884,10:23:10,23.04,0.0,1,2304,买盘
885,10:23:13,23.04,0.0,19,43765,买盘
886,10:23:19,23.04,0.0,96,221163,买盘
887,10:23:21,23.04,0.0,10,23040,卖盘
888,10:23:25,23.05,0.01,13,29955,买盘
889,10:23:28,23.04,-0.01,1,2304,卖盘
890,10:23:31,23.04,0.0,26,59906,卖盘
891,10:23:34,23.03,-0.01,56,128981,卖盘
892,10:23:37,23.05,0.02,1,2305,买盘
893,10:23:40,23.05,0.0,7,16135,买盘
894,10:23:43,23.05,0.0,5,11525,买盘
895,10:23:45,23.04,-0.01,14,32256,卖盘
896,10:23:52,23.04,0.0,1,2304,买盘
897,10:23:55,23.04,0.0,8,18432,买盘
898,10:23:57,23.04,0.0,6,13824,买盘
899,10:24:01,23.04,0.0,8,18427,买盘
900,10:24:03,23.03,-0.01,76,175054,卖盘
901,10:24:06,23.04,0.01,2,4608,买盘
902,10:24:10,23.04,0.0,19,43766,买盘
903,10:24:13,23.04,0.0,7,16128,买盘
904,10:24:16,23.04,0.0,14,32256,买盘
905,10:24:19,23.03,-0.01,1,2303,卖盘
906,10:24:22,23.03,0.0,12,27636,卖盘
907,10:24:24,23.03,0.0,75,172744,卖盘
908,10:24:28,23.04,0.01,11,25344,买盘
909,10:24:31,23.03,-0.01,53,122060,卖盘
910,10:24:34,23.04,0.01,1,2304,买盘
911,10:24:37,23.04,0.0,9,20730,买盘
912,10:24:39,23.04,0.0,4,9216,买盘
913,10:24:42,23.04,0.0,60,138225,买盘
914,10:24:54,23.04,0.0,53,122112,买盘
915,10:25:01,23.04,0.0,13,29952,买盘
916,10:25:07,23.04,0.0,39,89887,卖盘
917,10:25:10,23.04,0.0,3,6912,买盘
918,10:25:15,23.04,0.0,18,41481,卖盘
919,10:25:19,23.03,-0.01,1,2303,卖盘
920,10:25:22,23.04,0.01,12,27648,买盘
921,10:25:25,23.07,0.03,125,288200,买盘
922,10:25:34,23.05,-0.02,1,2305,买盘
923,10:25:37,23.04,-0.01,4,9216,卖盘
924,10:25:39,23.05,0.01,10,23050,买盘
925,10:25:43,23.05,0.0,11,25355,买盘
926,10:25:49,23.07,0.02,5,11535,买盘
927,10:25:58,23.07,0.0,2,4614,买盘
928,10:26:00,23.07,0.0,5,11535,买盘
929,10:26:03,23.07,0.0,3,6921,买盘
930,10:26:06,23.05,-0.02,38,87638,卖盘
931,10:26:10,23.05,0.0,30,69150,卖盘
932,10:26:13,23.07,0.02,7,16149,买盘
933,10:26:16,23.06,-0.01,1,2306,中性盘
934,10:26:19,23.06,0.0,21,48426,卖盘
935,10:26:28,23.06,0.0,4,9221,买盘
936,10:26:34,23.05,-0.01,4,9223,卖盘
937,10:26:39,23.06,0.01,18,42646,买盘
938,10:26:42,23.06,0.0,5,11530,买盘
939,10:26:46,23.05,-0.01,9,20745,卖盘
940,10:26:49,23.05,0.0,8,17288,卖盘
941,10:26:52,23.06,0.01,2,5764,买盘
942,10:26:55,23.05,-0.01,1,1152,买盘
943,10:26:57,23.05,0.0,3,8068,买盘
944,10:27:01,23.05,0.0,2,3458,卖盘
945,10:27:04,23.05,0.0,12,28812,买盘
946,10:27:07,23.05,0.0,15,34589,卖盘
947,10:27:10,23.06,0.01,20,46103,买盘
948,10:27:12,23.06,0.0,3,6918,买盘
949,10:27:15,23.05,-0.01,13,29965,卖盘
950,10:27:18,23.06,0.01,3,6918,买盘
951,10:27:22,23.05,-0.01,5,11525,卖盘
952,10:27:25,23.05,0.0,8,18440,卖盘
953,10:27:27,23.05,0.0,8,18440,卖盘
954,10:27:30,23.05,0.0,16,35738,卖盘
955,10:27:33,23.05,0.0,8,19592,买盘
956,10:27:36,23.06,0.01,10,23060,买盘
957,10:27:40,23.06,0.0,7,16142,买盘
958,10:27:46,23.06,0.0,1,2306,买盘
959,10:27:58,23.06,0.0,1,2306,买盘
960,10:28:04,23.06,0.0,13,29978,买盘
961,10:28:06,23.06,0.0,21,48426,买盘
962,10:28:09,23.06,0.0,13,29970,买盘
963,10:28:12,23.05,-0.01,12,27663,卖盘
964,10:28:16,23.06,0.01,60,138355,买盘
965,10:28:19,23.06,0.0,2,4612,买盘
966,10:28:22,23.06,0.0,6,13836,买盘
967,10:28:25,23.06,0.0,1,2306,买盘
968,10:28:34,23.06,0.0,3,6918,买盘
969,10:28:37,23.06,0.0,62,142972,买盘
970,10:28:40,23.06,0.0,21,48426,买盘
971,10:28:43,23.06,0.0,3,6918,买盘
972,10:28:48,23.06,0.0,1,2306,买盘
973,10:28:54,23.06,0.0,11,24213,买盘
974,10:28:58,23.06,0.0,29,66874,卖盘
975,10:29:01,23.07,0.01,5,11535,买盘
976,10:29:04,23.07,0.0,30,69210,买盘
977,10:29:07,23.07,0.0,25,57675,买盘
978,10:29:10,23.07,0.0,1,2307,买盘
979,10:29:12,23.07,0.0,60,138420,买盘
980,10:29:16,23.07,0.0,13,29989,买盘
981,10:29:21,23.07,0.0,21,48447,买盘
982,10:29:24,23.07,0.0,5,11535,买盘
983,10:29:27,23.07,0.0,2,4614,买盘
984,10:29:31,23.06,-0.01,30,68718,卖盘
985,10:29:36,23.07,0.01,313,722508,卖盘
986,10:29:39,23.07,0.0,37,85359,卖盘
987,10:29:43,23.1,0.03,231,533532,买盘
988,10:29:46,23.1,0.0,47,108568,买盘
989,10:29:49,23.08,-0.02,33,76165,卖盘
990,10:29:52,23.1,0.02,11,25406,买盘
991,10:29:55,23.1,0.0,9,20790,买盘
992,10:29:58,23.1,0.0,1,2310,买盘
993,10:30:01,23.1,0.0,14,32340,买盘
994,10:30:04,23.1,0.0,1,2310,买盘
995,10:30:07,23.1,0.0,20,46200,买盘
996,10:30:10,23.1,0.0,1,2310,买盘
997,10:30:13,23.1,0.0,3,6930,买盘
998,10:30:15,23.1,0.0,57,131650,买盘
999,10:30:25,23.07,-0.03,13,30004,卖盘
1000,10:30:34,23.08,0.01,5,11540,卖盘
1001,10:30:37,23.1,0.02,1,2310,买盘
1002,10:30:43,23.08,-0.02,10,23080,卖盘
1003,10:30:46,23.09,0.01,7,16165,买盘
1004,10:30:48,23.09,0.0,1,2309,买盘
1005,10:30:51,23.09,0.0,16,36944,买盘
1006,10:30:54,23.08,-0.01,15,34620,卖盘
1007,10:30:57,23.09,0.01,4,9236,买盘
1008,10:31:04,23.09,0.0,8,18472,买盘
1009,10:31:07,23.09,0.0,21,48488,买盘
1010,10:31:10,23.09,0.0,1,2309,买盘
1011,10:31:13,23.09,0.0,6,13854,买盘
1012,10:31:16,23.09,0.0,1,2309,买盘
1013,10:31:27,23.09,0.0,1,2309,买盘
1014,10:31:34,23.09,0.0,3,6927,买盘
1015,10:31:43,23.09,0.0,11,25393,买盘
1016,10:31:45,23.09,0.0,4,9236,买盘
1017,10:31:48,23.08,-0.01,74,170792,卖盘
1018,10:31:52,23.08,0.0,4,9232,卖盘
1019,10:31:55,23.08,0.0,2,4616,买盘
1020,10:31:58,23.08,0.0,6,13848,买盘
1021,10:32:04,23.08,0.0,23,53084,卖盘
1022,10:32:06,23.08,0.0,38,87704,卖盘
1023,10:32:10,23.08,0.0,30,69240,买盘
1024,10:32:13,23.07,-0.01,34,78438,卖盘
1025,10:32:16,23.08,0.01,9,20772,买盘
1026,10:32:19,23.08,0.0,19,43852,买盘
1027,10:32:22,23.07,-0.01,24,55371,卖盘
1028,10:32:25,23.07,0.0,2,4614,卖盘
1029,10:32:30,23.07,0.0,3,6921,卖盘
1030,10:32:33,23.08,0.01,9,20769,买盘
1031,10:32:36,23.07,-0.01,4,9230,卖盘
1032,10:32:42,23.07,0.0,11,25385,卖盘
1033,10:32:45,23.08,0.01,2,4616,买盘
1034,10:32:52,23.07,-0.01,40,92280,卖盘
1035,10:33:01,23.07,0.0,3,6922,卖盘
1036,10:33:04,23.07,0.0,31,71547,卖盘
1037,10:33:07,23.08,0.01,18,41544,买盘
1038,10:33:09,23.1,0.02,135,311718,买盘
1039,10:33:12,23.1,0.0,1,2310,买盘
1040,10:33:16,23.1,0.0,3,6930,买盘
1041,10:33:24,23.1,0.0,1,2310,买盘
1042,10:33:27,23.1,0.0,2,4620,买盘
1043,10:33:34,23.08,-0.02,14,32312,卖盘
1044,10:33:36,23.08,0.0,3,6924,买盘
1045,10:33:39,23.08,0.0,4,9232,买盘
1046,10:33:42,23.08,0.0,3,6924,买盘
1047,10:33:46,23.08,0.0,4,9232,买盘
1048,10:33:48,23.08,0.0,37,85396,买盘
1049,10:33:51,23.1,0.02,1,2310,买盘
1050,10:33:58,23.08,-0.02,8,18464,卖盘
1051,10:34:00,23.08,0.0,22,50799,卖盘
1052,10:34:04,23.1,0.02,1,2310,买盘
1053,10:34:07,23.1,0.0,17,39270,买盘
1054,10:34:10,23.1,0.0,2,4620,买盘
1055,10:34:13,23.1,0.0,8,18480,买盘
1056,10:34:16,23.09,-0.01,4,9235,中性盘
1057,10:34:19,23.09,0.0,1,2309,买盘
1058,10:34:22,23.09,0.0,24,55416,买盘
1059,10:34:25,23.09,0.0,12,27708,买盘
1060,10:34:27,23.09,0.0,2,4618,买盘
1061,10:34:30,23.09,0.0,1,2309,买盘
1062,10:34:34,23.09,0.0,38,87742,买盘
1063,10:34:40,23.1,0.01,34,78540,买盘
1064,10:34:43,23.1,0.0,3,6930,买盘
1065,10:34:46,23.1,0.0,1,2310,买盘
1066,10:34:58,23.1,0.0,14,32340,买盘
1067,10:35:01,23.1,0.0,54,124740,买盘
1068,10:35:04,23.09,-0.01,48,110832,卖盘
1069,10:35:07,23.1,0.01,21,48493,买盘
1070,10:35:09,23.09,-0.01,1,2309,中性盘
1071,10:35:15,23.1,0.01,1,2310,买盘
1072,10:35:19,23.1,0.0,4,9239,买盘
1073,10:35:22,23.13,0.03,474,1095426,买盘
1074,10:35:25,23.13,0.0,3,6939,买盘
1075,10:35:28,23.13,0.0,24,55512,买盘
1076,10:35:31,23.13,0.0,2,4626,买盘
1077,10:35:34,23.14,0.01,88,203570,买盘
1078,10:35:37,23.14,0.0,1,2314,买盘
1079,10:35:40,23.14,0.0,1,2314,买盘
1080,10:35:42,23.14,0.0,3,6942,买盘
1081,10:35:46,23.14,0.0,3,6942,买盘
1082,10:35:49,23.14,0.0,39,90246,买盘
1083,10:35:52,23.15,0.01,20,46299,买盘
1084,10:35:55,23.15,0.0,104,240740,买盘
1085,10:35:58,23.14,-0.01,10,23140,卖盘
1086,10:36:01,23.15,0.01,26,60182,买盘
1087,10:36:04,23.15,0.0,3,6945,买盘
1088,10:36:07,23.15,0.0,62,143529,买盘
1089,10:36:10,23.15,0.0,13,30095,买盘
1090,10:36:13,23.17,0.02,287,666006,买盘
1091,10:36:16,23.19,0.02,111,257311,买盘
1092,10:36:19,23.2,0.01,160,371148,买盘
1093,10:36:21,23.22,0.02,200,464122,买盘
1094,10:36:28,23.22,0.0,145,336681,买盘
1095,10:36:30,23.21,-0.01,12,26702,中性盘
1096,10:36:34,23.23,0.02,42,98712,买盘
1097,10:36:37,23.22,-0.01,55,127797,卖盘
1098,10:36:40,23.23,0.01,21,48774,中性盘
1099,10:36:46,23.24,0.01,48,111523,买盘
1100,10:36:49,23.22,-0.02,8,18576,卖盘
1101,10:36:52,23.24,0.02,88,204502,买盘
1102,10:36:55,23.23,-0.01,12,27876,中性盘
1103,10:36:57,23.24,0.01,28,65072,买盘
1104,10:37:04,23.24,0.0,23,53450,买盘
1105,10:37:07,23.24,0.0,22,51124,买盘
1106,10:37:10,23.23,-0.01,14,32528,中性盘
1107,10:37:13,23.23,0.0,32,74320,买盘
1108,10:37:16,23.22,-0.01,60,139342,卖盘
1109,10:37:19,23.22,0.0,59,135840,卖盘
1110,10:37:22,23.21,-0.01,2,5802,卖盘
1111,10:37:25,23.22,0.01,11,25532,买盘
1112,10:37:28,23.2,-0.02,5,11600,卖盘
1113,10:37:31,23.2,0.0,110,255210,卖盘
1114,10:37:34,23.21,0.01,37,85863,买盘
1115,10:37:37,23.21,0.0,52,120692,买盘
1116,10:37:40,23.19,-0.02,30,69572,卖盘
1117,10:37:43,23.2,0.01,11,25510,买盘
1118,10:37:46,23.19,-0.01,24,55665,卖盘
1119,10:37:51,23.2,0.01,26,60304,买盘
1120,10:37:54,23.19,-0.01,33,76527,卖盘
1121,10:37:58,23.2,0.01,60,139176,买盘
1122,10:38:01,23.2,0.0,4,9280,买盘
1123,10:38:04,23.19,-0.01,6,13914,买盘
1124,10:38:07,23.19,0.0,17,39423,买盘
1125,10:38:10,23.2,0.01,71,164698,买盘
1126,10:38:13,23.2,0.0,27,62640,买盘
1127,10:38:19,23.2,0.0,74,171699,卖盘
1128,10:38:22,23.2,0.0,47,109076,卖盘
1129,10:38:24,23.2,0.0,52,120641,卖盘
1130,10:38:30,23.2,0.0,12,27842,卖盘
1131,10:38:33,23.2,0.0,5,11600,卖盘
1132,10:38:36,23.21,0.01,17,39451,买盘
1133,10:38:40,23.2,-0.01,9,20886,卖盘
1134,10:38:43,23.2,0.0,86,199520,买盘
1135,10:38:49,23.2,0.0,12,27840,卖盘
1136,10:38:52,23.2,0.0,1,2320,买盘
1137,10:38:55,23.2,0.0,39,90480,买盘
1138,10:38:58,23.2,0.0,1,2320,卖盘
1139,10:39:04,23.22,0.02,31,71930,买盘
1140,10:39:07,23.21,-0.01,57,132257,中性盘
1141,10:39:10,23.23,0.02,212,492382,买盘
1142,10:39:13,23.23,0.0,10,23230,卖盘
1143,10:39:15,23.24,0.01,9,20915,买盘
1144,10:39:18,23.23,-0.01,53,123120,卖盘
1145,10:39:22,23.26,0.03,1031,2397113,买盘
1146,10:39:25,23.24,-0.02,134,311641,卖盘
1147,10:39:28,23.27,0.03,39,90693,买盘
1148,10:39:31,23.27,0.0,49,114023,买盘
1149,10:39:34,23.26,-0.01,38,88398,卖盘
1150,10:39:36,23.26,0.0,3,6978,买盘
1151,10:39:40,23.26,0.0,89,207011,买盘
1152,10:39:42,23.26,0.0,42,97678,买盘
1153,10:39:46,23.25,-0.01,4,9300,卖盘
1154,10:39:49,23.26,0.01,152,353552,买盘
1155,10:39:52,23.27,0.01,103,239678,买盘
1156,10:39:55,23.26,-0.01,127,295495,卖盘
1157,10:39:57,23.27,0.01,185,430348,买盘
1158,10:40:01,23.26,-0.01,844,1964663,卖盘
1159,10:40:04,23.26,0.0,36,83736,卖盘
1160,10:40:07,23.27,0.01,24,55837,买盘
1161,10:40:10,23.25,-0.02,47,109361,卖盘
1162,10:40:13,23.26,0.01,90,209340,买盘
1163,10:40:16,23.3,0.04,651,1515699,买盘
1164,10:40:18,23.26,-0.04,52,121130,卖盘
1165,10:40:25,23.26,0.0,139,323703,卖盘
1166,10:40:28,23.27,0.01,39,90753,买盘
1167,10:40:31,23.26,-0.01,106,246612,卖盘
1168,10:40:34,23.28,0.02,128,297773,买盘
1169,10:40:36,23.28,0.0,4,9313,卖盘
1170,10:40:39,23.28,0.0,39,90820,卖盘
1171,10:40:42,23.28,0.0,120,279470,卖盘
1172,10:40:46,23.28,0.0,16,37263,卖盘
1173,10:40:48,23.28,0.0,79,183946,卖盘
1174,10:40:52,23.29,0.01,78,181650,买盘
1175,10:40:55,23.29,0.0,32,73364,卖盘
1176,10:40:57,23.29,0.0,46,108298,卖盘
1177,10:41:01,23.3,0.01,500,1164974,买盘
1178,10:41:04,23.3,0.0,12,27955,买盘
1179,10:41:07,23.3,0.0,77,179409,买盘
1180,10:41:10,23.3,0.0,157,365770,买盘
1181,10:41:12,23.3,0.0,63,146760,买盘
1182,10:41:15,23.3,0.0,10,23300,买盘
1183,10:41:19,23.3,0.0,31,72230,买盘
1184,10:41:22,23.3,0.0,49,114146,买盘
1185,10:41:24,23.29,-0.01,41,95489,卖盘
1186,10:41:27,23.29,0.0,38,88538,卖盘
1187,10:41:31,23.3,0.01,123,286586,买盘
1188,10:41:33,23.29,-0.01,20,45987,卖盘
1189,10:41:37,23.29,0.0,49,114146,卖盘
1190,10:41:39,23.29,0.0,139,324347,卖盘
1191,10:41:43,23.3,0.01,156,362659,买盘
1192,10:41:46,23.29,-0.01,31,72188,中性盘
1193,10:41:49,23.29,0.0,87,202633,买盘
1194,10:41:52,23.29,0.0,55,128088,买盘
1195,10:41:54,23.29,0.0,71,165326,买盘
1196,10:41:58,23.29,0.0,449,1046022,买盘
1197,10:42:01,23.28,-0.01,129,300320,卖盘
1198,10:42:04,23.28,0.0,84,195610,卖盘
1199,10:42:07,23.29,0.01,131,305014,买盘
1200,10:42:09,23.3,0.01,100,232927,买盘
1201,10:42:13,23.3,0.0,97,226010,卖盘
1202,10:42:15,23.3,0.0,63,146790,卖盘
1203,10:42:19,23.3,0.0,177,412330,买盘
1204,10:42:21,23.3,0.0,33,76893,卖盘
1205,10:42:24,23.3,0.0,15,34950,卖盘
1206,10:42:27,23.29,-0.01,47,110112,卖盘
1207,10:42:30,23.3,0.01,40,93760,买盘
1208,10:42:33,23.31,0.01,13,30291,买盘
1209,10:42:36,23.3,-0.01,5,11650,卖盘
1210,10:42:40,23.3,0.0,50,115944,卖盘
1211,10:42:43,23.3,0.0,16,37280,买盘
1212,10:42:46,23.29,-0.01,27,62883,卖盘
1213,10:42:48,23.29,0.0,4,9315,买盘
1214,10:42:51,23.28,-0.01,61,142064,卖盘
1215,10:42:54,23.29,0.01,39,90824,买盘
1216,10:42:57,23.28,-0.01,42,97776,卖盘
1217,10:43:00,23.28,0.0,37,86139,卖盘
1218,10:43:04,23.28,0.0,6,13968,买盘
1219,10:43:06,23.28,0.0,17,39576,买盘
1220,10:43:10,23.27,-0.01,34,79160,卖盘
1221,10:43:13,23.27,0.0,14,32578,卖盘
1222,10:43:15,23.25,-0.02,192,446506,卖盘
1223,10:43:18,23.25,0.0,14,32550,买盘
1224,10:43:25,23.27,0.02,23,54164,买盘
1225,10:43:28,23.27,0.0,18,41886,买盘
1226,10:43:33,23.27,0.0,22,51192,买盘
1227,10:43:36,23.27,0.0,44,102388,卖盘
1228,10:43:39,23.29,0.02,133,309612,买盘
1229,10:43:43,23.27,-0.02,38,88482,卖盘
1230,10:43:48,23.29,0.02,55,128092,买盘
1231,10:43:51,23.28,-0.01,25,58192,买盘
1232,10:43:55,23.28,0.0,20,46560,买盘
1233,10:43:58,23.28,0.0,46,107088,买盘
1234,10:44:01,23.28,0.0,46,107103,买盘
1235,10:44:04,23.28,0.0,23,53544,卖盘
1236,10:44:07,23.28,0.0,9,20953,卖盘
1237,10:44:09,23.29,0.01,36,83828,买盘
1238,10:44:13,23.29,0.0,217,505582,买盘
1239,10:44:16,23.28,-0.01,21,48888,卖盘
1240,10:44:18,23.28,0.0,37,86136,买盘
1241,10:44:22,23.27,-0.01,26,60536,卖盘
1242,10:44:27,23.29,0.02,98,228333,卖盘
1243,10:44:30,23.29,0.0,158,368230,卖盘
1244,10:44:33,23.27,-0.02,193,449230,卖盘
1245,10:44:36,23.29,0.02,55,128043,买盘
1246,10:44:40,23.27,-0.02,11,25607,中性盘
1247,10:44:43,23.3,0.03,19,44261,买盘
1248,10:44:46,23.3,0.0,11,25631,卖盘
1249,10:44:49,23.3,0.0,45,104850,卖盘
1250,10:44:52,23.32,0.02,227,528705,买盘
1251,10:44:54,23.33,0.01,280,653439,买盘
1252,10:44:57,23.38,0.05,330,771038,买盘
1253,10:45:01,23.39,0.01,60,140340,买盘
1254,10:45:04,23.4,0.01,154,360314,买盘
1255,10:45:07,23.41,0.01,15,35115,买盘
1256,10:45:10,23.4,-0.01,149,348757,卖盘
1257,10:45:13,23.43,0.03,349,818134,买盘
1258,10:45:15,23.45,0.02,6,14062,买盘
1259,10:45:18,23.45,0.0,56,131280,买盘
1260,10:45:22,23.42,-0.03,37,86754,卖盘
1261,10:45:24,23.45,0.03,38,89048,买盘
1262,10:45:27,23.45,0.0,515,1208234,买盘
1263,10:45:31,23.49,0.04,15,35235,买盘
1264,10:45:33,23.47,-0.02,65,152627,卖盘
1265,10:45:36,23.49,0.02,275,646169,中性盘
1266,10:45:40,23.5,0.01,421,988153,买盘
1267,10:45:43,23.5,0.0,149,350150,卖盘
1268,10:45:46,23.5,0.0,337,793888,卖盘
1269,10:45:49,23.53,0.03,206,484345,买盘
1270,10:45:51,23.53,0.0,47,110553,买盘
1271,10:45:54,23.49,-0.04,685,1609885,卖盘
1272,10:45:57,23.49,0.0,187,439181,买盘
1273,10:46:01,23.47,-0.02,30,70431,卖盘
1274,10:46:04,23.47,0.0,167,390514,买盘
1275,10:46:07,23.45,-0.02,199,467020,卖盘
1276,10:46:10,23.45,0.0,112,263802,卖盘
1277,10:46:13,23.45,0.0,21,49234,买盘
1278,10:46:15,23.43,-0.02,21,49226,中性盘
1279,10:46:19,23.45,0.02,173,405485,买盘
1280,10:46:22,23.45,0.0,301,704534,买盘
1281,10:46:24,23.45,0.0,45,105550,卖盘
1282,10:46:27,23.47,0.02,66,154809,买盘
1283,10:46:30,23.45,-0.02,91,214586,卖盘
1284,10:46:33,23.45,0.0,36,84453,买盘
1285,10:46:36,23.42,-0.03,14,32812,卖盘
1286,10:46:39,23.42,0.0,35,82002,卖盘
1287,10:46:42,23.45,0.03,172,403214,买盘
1288,10:46:45,23.42,-0.03,167,391790,卖盘
1289,10:46:48,23.45,0.03,47,110188,买盘
1290,10:46:52,23.45,0.0,6,14070,卖盘
1291,10:46:55,23.49,0.04,162,380341,买盘
1292,10:46:58,23.5,0.01,737,1731611,买盘
1293,10:47:00,23.5,0.0,95,223261,买盘
1294,10:47:04,23.5,0.0,21,49366,卖盘
1295,10:47:06,23.5,0.0,34,79894,卖盘
1296,10:47:10,23.49,-0.01,41,96327,卖盘
1297,10:47:13,23.49,0.0,38,89232,买盘
1298,10:47:16,23.49,0.0,153,359270,买盘
1299,10:47:19,23.48,-0.01,40,93931,中性盘
1300,10:47:21,23.48,0.0,46,107976,买盘
1301,10:47:24,23.46,-0.02,333,781228,卖盘
1302,10:47:27,23.45,-0.01,47,110175,卖盘
1303,10:47:30,23.45,0.0,15,35175,买盘
1304,10:47:33,23.45,0.0,43,100811,买盘
1305,10:47:37,23.45,0.0,57,133650,买盘
1306,10:47:40,23.42,-0.03,47,110107,卖盘
1307,10:47:42,23.42,0.0,24,56256,买盘
1308,10:47:46,23.42,0.0,74,173254,买盘
1309,10:47:48,23.42,0.0,71,166281,买盘
1310,10:47:51,23.42,0.0,33,76115,卖盘
1311,10:47:54,23.44,0.02,26,60936,买盘
1312,10:47:57,23.43,-0.01,14,32808,卖盘
1313,10:48:01,23.43,0.0,112,262417,卖盘
1314,10:48:03,23.43,0.0,17,39831,买盘
1315,10:48:06,23.43,0.0,15,35135,买盘
1316,10:48:09,23.42,-0.01,19,44524,卖盘
1317,10:48:12,23.43,0.01,156,367538,中性盘
1318,10:48:15,23.43,0.0,5,10546,卖盘
1319,10:48:19,23.43,0.0,13,30459,卖盘
1320,10:48:22,23.44,0.01,4,9376,买盘
1321,10:48:24,23.43,-0.01,46,107814,卖盘
1322,10:48:27,23.43,0.0,12,28117,卖盘
1323,10:48:31,23.45,0.02,123,288353,买盘
1324,10:48:34,23.43,-0.02,432,1013158,卖盘
1325,10:48:37,23.43,0.0,52,121853,卖盘
1326,10:48:40,23.43,0.0,8,18746,卖盘
1327,10:48:42,23.43,0.0,55,130036,卖盘
1328,10:48:45,23.43,0.0,21,49203,买盘
1329,10:48:48,23.43,0.0,51,119448,买盘
1330,10:48:52,23.42,-0.01,286,669819,卖盘
1331,10:48:54,23.4,-0.02,115,268488,卖盘
1332,10:48:57,23.39,-0.01,152,355550,卖盘
1333,10:49:01,23.41,0.02,4,9364,买盘
1334,10:49:04,23.4,-0.01,2,4680,中性盘
1335,10:49:07,23.41,0.01,160,374284,买盘
1336,10:49:10,23.41,0.0,37,86631,卖盘
1337,10:49:13,23.42,0.01,121,283227,买盘
1338,10:49:15,23.41,-0.01,2,4682,买盘
1339,10:49:18,23.4,-0.01,42,98316,卖盘
1340,10:49:21,23.4,0.0,27,63196,卖盘
1341,10:49:27,23.4,0.0,47,109980,卖盘
1342,10:49:31,23.41,0.01,48,112337,买盘
1343,10:49:33,23.4,-0.01,16,37440,卖盘
1344,10:49:36,23.4,0.0,20,46800,卖盘
1345,10:49:40,23.4,0.0,11,25740,买盘
1346,10:49:43,23.4,0.0,154,360390,买盘
1347,10:49:46,23.4,0.0,42,98281,卖盘
1348,10:49:49,23.4,0.0,27,63180,买盘
1349,10:49:52,23.39,-0.01,92,215188,卖盘
1350,10:49:54,23.39,0.0,13,30407,买盘
1351,10:49:57,23.38,-0.01,19,44423,卖盘
1352,10:50:01,23.38,0.0,28,65464,买盘
1353,10:50:04,23.38,0.0,36,84148,买盘
1354,10:50:06,23.37,-0.01,5,11685,卖盘
1355,10:50:10,23.37,0.0,13,30380,买盘
1356,10:50:13,23.37,0.0,18,42066,买盘
1357,10:50:16,23.36,-0.01,19,44399,卖盘
1358,10:50:18,23.37,0.01,38,88792,买盘
1359,10:50:22,23.36,-0.01,31,72417,卖盘
1360,10:50:25,23.36,0.0,7,16352,买盘
1361,10:50:27,23.36,0.0,19,44384,买盘
1362,10:50:30,23.36,0.0,20,46704,买盘
1363,10:50:34,23.36,0.0,10,23360,买盘
1364,10:50:36,23.36,0.0,34,79424,买盘
1365,10:50:39,23.35,-0.01,84,196164,卖盘
1366,10:50:42,23.36,0.01,47,109767,买盘
1367,10:50:46,23.35,-0.01,377,880340,卖盘
1368,10:50:49,23.36,0.01,15,33864,买盘
1369,10:50:52,23.34,-0.02,22,51707,卖盘
1370,10:50:55,23.36,0.02,126,294236,买盘
1371,10:50:57,23.35,-0.01,2,4670,卖盘
1372,10:51:00,23.36,0.01,15,35040,买盘
1373,10:51:04,23.36,0.0,11,25696,买盘
1374,10:51:06,23.36,0.0,69,161119,买盘
1375,10:51:10,23.35,-0.01,66,154173,卖盘
1376,10:51:13,23.35,0.0,29,67716,卖盘
1377,10:51:18,23.36,0.01,11,25687,买盘
1378,10:51:21,23.36,0.0,13,30368,买盘
1379,10:51:24,23.35,-0.01,19,44365,卖盘
1380,10:51:27,23.35,0.0,28,65380,卖盘
1381,10:51:31,23.35,0.0,103,240428,买盘
1382,10:51:34,23.35,0.0,18,42043,买盘
1383,10:51:36,23.34,-0.01,28,65355,卖盘
1384,10:51:40,23.35,0.01,3,7005,中性盘
1385,10:51:42,23.36,0.01,180,420031,买盘
1386,10:51:46,23.33,-0.03,23,53689,卖盘
1387,10:51:54,23.33,0.0,71,165589,买盘
1388,10:51:57,23.33,0.0,21,48993,买盘
1389,10:52:00,23.33,0.0,4,9332,买盘
1390,10:52:04,23.33,0.0,13,30329,买盘
1391,10:52:06,23.33,0.0,91,212253,买盘
1392,10:52:10,23.33,0.0,44,102652,买盘
1393,10:52:12,23.32,-0.01,27,62986,卖盘
1394,10:52:15,23.33,0.01,27,62991,买盘
1395,10:52:18,23.32,-0.01,40,93324,卖盘
1396,10:52:22,23.34,0.02,4,9333,买盘
1397,10:52:28,23.34,0.0,15,35010,买盘
1398,10:52:31,23.33,-0.01,25,58330,卖盘
1399,10:52:33,23.34,0.01,24,56006,买盘
1400,10:52:36,23.34,0.0,8,18673,卖盘
1401,10:52:39,23.34,0.0,20,46694,卖盘
1402,10:52:42,23.35,0.01,26,60710,买盘
1403,10:52:45,23.35,0.0,6,14010,买盘
1404,10:52:48,23.36,0.01,31,72386,买盘
1405,10:52:51,23.36,0.0,16,37376,买盘
1406,10:52:57,23.36,0.0,26,60734,买盘
1407,10:53:01,23.36,0.0,93,217248,买盘
1408,10:53:04,23.36,0.0,26,60736,买盘
1409,10:53:07,23.36,0.0,2,4672,买盘
1410,10:53:10,23.36,0.0,183,427438,买盘
1411,10:53:12,23.36,0.0,16,37376,买盘
1412,10:53:16,23.36,0.0,15,35040,买盘
1413,10:53:18,23.36,0.0,31,72416,买盘
1414,10:53:24,23.36,0.0,26,60736,买盘
1415,10:53:27,23.36,0.0,3,7008,买盘
1416,10:53:30,23.36,0.0,8,18688,买盘
1417,10:53:33,23.36,0.0,21,49054,买盘
1418,10:53:36,23.36,0.0,11,25696,买盘
1419,10:53:39,23.37,0.01,11,25697,买盘
1420,10:53:46,23.38,0.01,16,37403,买盘
1421,10:53:48,23.37,-0.01,11,25707,买盘
1422,10:53:51,23.37,0.0,39,91139,买盘
1423,10:53:55,23.37,0.0,47,109839,买盘
1424,10:53:57,23.38,0.01,13,30389,买盘
1425,10:54:00,23.37,-0.01,22,51397,买盘
1426,10:54:04,23.37,0.0,2,4674,买盘
1427,10:54:07,23.38,0.01,15,35067,买盘
1428,10:54:09,23.36,-0.02,47,109794,卖盘
1429,10:54:12,23.36,0.0,11,25696,买盘
1430,10:54:15,23.36,0.0,20,46720,买盘
1431,10:54:18,23.36,0.0,29,67767,买盘
1432,10:54:21,23.36,0.0,115,268640,买盘
1433,10:54:25,23.35,-0.01,39,91075,卖盘
1434,10:54:27,23.35,0.0,42,98070,卖盘
1435,10:54:31,23.35,0.0,46,107410,买盘
1436,10:54:33,23.36,0.01,29,67717,买盘
1437,10:54:36,23.35,-0.01,5,11675,卖盘
1438,10:54:40,23.36,0.01,25,58390,买盘
1439,10:54:43,23.35,-0.01,6,14010,卖盘
1440,10:54:45,23.35,0.0,2,4670,买盘
1441,10:54:48,23.35,0.0,7,16345,买盘
1442,10:54:51,23.35,0.0,16,37360,卖盘
1443,10:54:58,23.36,0.01,45,105066,买盘
1444,10:55:00,23.35,-0.01,20,46700,卖盘
1445,10:55:04,23.35,0.0,19,44379,卖盘
1446,10:55:06,23.36,0.01,41,95760,买盘
1447,10:55:10,23.36,0.0,20,46711,买盘
1448,10:55:12,23.36,0.0,31,72411,买盘
1449,10:55:15,23.35,-0.01,22,51370,卖盘
1450,10:55:18,23.35,0.0,10,23350,买盘
1451,10:55:24,23.35,0.0,23,53705,买盘
1452,10:55:28,23.35,0.0,4,9337,买盘
1453,10:55:34,23.34,-0.01,4,9336,卖盘
1454,10:55:36,23.35,0.01,15,35025,买盘
1455,10:55:39,23.35,0.0,2,4670,买盘
1456,10:55:43,23.35,0.0,17,39695,买盘
1457,10:55:45,23.36,0.01,20,46715,买盘
1458,10:55:48,23.34,-0.02,5,11674,卖盘
1459,10:55:52,23.35,0.01,1,2335,买盘
1460,10:55:55,23.32,-0.03,200,466620,卖盘
1461,10:55:57,23.35,0.03,40,93416,买盘
1462,10:56:00,23.36,0.01,69,161137,买盘
1463,10:56:04,23.35,-0.01,14,32690,卖盘
1464,10:56:10,23.35,0.0,28,65380,买盘
1465,10:56:15,23.35,0.0,1,2335,买盘
1466,10:56:18,23.35,0.0,54,126061,买盘
1467,10:56:22,23.32,-0.03,42,97950,卖盘
1468,10:56:25,23.35,0.03,22,51364,买盘
1469,10:56:31,23.35,0.0,22,51353,买盘
1470,10:56:34,23.32,-0.03,11,25655,卖盘
1471,10:56:37,23.35,0.03,46,107292,买盘
1472,10:56:43,23.33,-0.02,17,39692,卖盘
1473,10:56:46,23.32,-0.01,15,35001,卖盘
1474,10:56:52,23.35,0.03,5,11675,买盘
1475,10:56:55,23.35,0.0,52,121394,买盘
1476,10:56:58,23.35,0.0,25,58373,买盘
1477,10:57:01,23.35,0.0,7,16345,卖盘
1478,10:57:04,23.36,0.01,15,35040,买盘
1479,10:57:07,23.35,-0.01,28,67085,卖盘
1480,10:57:10,23.36,0.01,74,172174,买盘
1481,10:57:13,23.37,0.01,48,112176,买盘
1482,10:57:15,23.36,-0.01,240,561104,卖盘
1483,10:57:21,23.4,0.04,94,219881,买盘
1484,10:57:25,23.4,0.0,16,37440,买盘
1485,10:57:28,23.39,-0.01,2,4678,卖盘
1486,10:57:31,23.4,0.01,32,74873,买盘
1487,10:57:34,23.39,-0.01,10,23392,卖盘
1488,10:57:37,23.4,0.01,80,187131,买盘
1489,10:57:43,23.39,-0.01,16,37424,买盘
1490,10:57:46,23.39,0.0,1,2339,买盘
1491,10:57:49,23.4,0.01,18,42117,买盘
1492,10:57:54,23.4,0.0,58,134550,买盘
1493,10:57:57,23.4,0.0,67,156792,卖盘
1494,10:58:01,23.41,0.01,17,39797,买盘
1495,10:58:04,23.41,0.0,16,37449,买盘
1496,10:58:07,23.42,0.01,26,60892,买盘
1497,10:58:10,23.43,0.01,52,121775,买盘
1498,10:58:13,23.42,-0.01,14,32793,买盘
1499,10:58:16,23.42,0.0,4,9369,卖盘
1500,10:58:18,23.43,0.01,32,74974,买盘
1501,10:58:21,23.44,0.01,26,60916,买盘
1502,10:58:25,23.43,-0.01,100,234300,卖盘
1503,10:58:27,23.43,0.0,37,86718,卖盘
1504,10:58:30,23.43,0.0,3,7029,卖盘
1505,10:58:33,23.44,0.01,58,135958,买盘
1506,10:58:36,23.45,0.01,35,82070,买盘
1507,10:58:40,23.44,-0.01,16,37515,卖盘
1508,10:58:43,23.46,0.02,85,200508,买盘
1509,10:58:46,23.46,0.0,11,25805,买盘
1510,10:58:49,23.47,0.01,53,124373,买盘
1511,10:58:51,23.47,0.0,11,25807,买盘
1512,10:58:55,23.48,0.01,16,37560,买盘
1513,10:58:57,23.49,0.01,167,392116,买盘
1514,10:59:00,23.5,0.01,419,984313,买盘
1515,10:59:04,23.5,0.0,22,51683,买盘
1516,10:59:06,23.48,-0.02,25,58743,卖盘
1517,10:59:10,23.5,0.02,20,46995,买盘
1518,10:59:13,23.49,-0.01,23,54039,买盘
1519,10:59:16,23.5,0.01,66,155043,买盘
1520,10:59:18,23.48,-0.02,163,382780,卖盘
1521,10:59:25,23.48,0.0,18,42244,买盘
1522,10:59:27,23.46,-0.02,17,39911,卖盘
1523,10:59:30,23.46,0.0,223,523519,卖盘
1524,10:59:34,23.45,-0.01,33,77389,卖盘
1525,10:59:36,23.45,0.0,145,340101,卖盘
1526,10:59:40,23.48,0.03,20,46926,买盘
1527,10:59:43,23.45,-0.03,12,28141,卖盘
1528,10:59:45,23.45,0.0,77,180584,卖盘
1529,10:59:48,23.45,0.0,37,86808,卖盘
1530,10:59:51,23.45,0.0,41,94958,卖盘
1531,10:59:54,23.44,-0.01,13,30483,中性盘
1532,10:59:57,23.44,0.0,37,86755,卖盘
1533,11:00:01,23.44,0.0,47,110185,卖盘
1534,11:00:04,23.44,0.0,30,70320,卖盘
1535,11:00:10,23.43,-0.01,27,63263,卖盘
1536,11:00:12,23.44,0.01,34,79691,买盘
1537,11:00:15,23.43,-0.01,6,14058,卖盘
1538,11:00:19,23.43,0.0,49,114807,卖盘
1539,11:00:21,23.44,0.01,38,89038,买盘
1540,11:00:24,23.43,-0.01,5,11715,中性盘
1541,11:00:27,23.43,0.0,1,2343,买盘
1542,11:00:30,23.42,-0.01,37,86681,卖盘
1543,11:00:34,23.42,0.0,58,135899,卖盘
1544,11:00:36,23.42,0.0,13,30446,卖盘
1545,11:00:39,23.42,0.0,110,257627,卖盘
1546,11:00:46,23.4,-0.02,15,35128,卖盘
1547,11:00:48,23.4,0.0,24,56160,卖盘
1548,11:00:51,23.42,0.02,1,2342,买盘
1549,11:00:54,23.42,0.0,40,93630,买盘
1550,11:00:57,23.4,-0.02,2,4680,卖盘
1551,11:01:04,23.4,0.0,6,15795,卖盘
1552,11:01:07,23.42,0.02,20,46840,买盘
1553,11:01:10,23.4,-0.02,73,170876,卖盘
1554,11:01:12,23.42,0.02,16,37472,买盘
1555,11:01:15,23.42,0.0,3,7026,卖盘
1556,11:01:18,23.43,0.01,26,60902,买盘
1557,11:01:24,23.4,-0.03,1,2340,卖盘
1558,11:01:27,23.43,0.03,14,32797,买盘
1559,11:01:30,23.43,0.0,1,2343,买盘
1560,11:01:40,23.43,0.0,20,46849,买盘
1561,11:01:42,23.42,-0.01,1,2342,卖盘
1562,11:01:45,23.42,0.0,29,67946,卖盘
1563,11:01:49,23.43,0.01,7,16398,买盘
1564,11:01:51,23.43,0.0,13,30447,买盘
1565,11:01:54,23.43,0.0,21,49199,买盘
1566,11:01:57,23.43,0.0,18,42154,买盘
1567,11:02:00,23.42,-0.01,5,11710,中性盘
1568,11:02:07,23.42,0.0,10,23420,买盘
1569,11:02:09,23.43,0.01,42,98406,买盘
1570,11:02:12,23.42,-0.01,23,52732,卖盘
1571,11:02:15,23.42,0.0,19,44506,卖盘
1572,11:02:19,23.42,0.0,4,9368,卖盘
1573,11:02:21,23.42,0.0,30,70285,卖盘
1574,11:02:25,23.42,0.0,11,25765,卖盘
1575,11:02:27,23.42,0.0,4,9368,卖盘
1576,11:02:30,23.44,0.02,7,16408,买盘
1577,11:02:36,23.44,0.0,5,11718,买盘
1578,11:02:39,23.45,0.01,26,60965,买盘
1579,11:02:42,23.45,0.0,20,46900,买盘
1580,11:02:45,23.44,-0.01,9,21096,卖盘
1581,11:02:48,23.44,0.0,3,7032,买盘
1582,11:02:51,23.42,-0.02,5,11710,卖盘
1583,11:02:54,23.44,0.02,13,30460,买盘
1584,11:02:57,23.44,0.0,57,133606,买盘
1585,11:03:00,23.45,0.01,8,18760,买盘
1586,11:03:04,23.45,0.0,1,2345,买盘
1587,11:03:06,23.44,-0.01,24,56273,卖盘
1588,11:03:09,23.45,0.01,18,43382,买盘
1589,11:03:13,23.46,0.01,14,32841,买盘
1590,11:03:16,23.45,-0.01,39,90292,卖盘
1591,11:03:18,23.45,0.0,5,11725,买盘
1592,11:03:24,23.44,-0.01,9,21096,卖盘
1593,11:03:27,23.45,0.01,140,328298,买盘
1594,11:03:30,23.45,0.0,18,43378,买盘
1595,11:03:33,23.45,0.0,11,24630,卖盘
1596,11:03:36,23.46,0.01,8,18768,买盘
1597,11:03:40,23.46,0.0,38,89128,买盘
1598,11:03:43,23.47,0.01,301,707591,买盘
1599,11:03:45,23.5,0.03,671,1576306,买盘
1600,11:03:48,23.5,0.0,103,242049,买盘
1601,11:03:51,23.5,0.0,127,298449,买盘
1602,11:03:54,23.5,0.0,100,233824,买盘
1603,11:03:57,23.5,0.0,23,55225,卖盘
1604,11:04:01,23.49,-0.01,146,341906,卖盘
1605,11:04:04,23.49,0.0,245,575862,中性盘
1606,11:04:07,23.48,-0.01,52,122137,卖盘
1607,11:04:10,23.49,0.01,123,288738,买盘
1608,11:04:12,23.49,0.0,22,51669,买盘
1609,11:04:15,23.49,0.0,8,18792,买盘
1610,11:04:18,23.48,-0.01,4,9389,中性盘
1611,11:04:21,23.47,-0.01,51,120870,卖盘
1612,11:04:25,23.47,0.0,22,51634,买盘
1613,11:04:27,23.47,0.0,15,35185,买盘
1614,11:04:30,23.47,0.0,17,39899,买盘
1615,11:04:34,23.47,0.0,1,2347,买盘
1616,11:04:36,23.45,-0.02,39,91455,卖盘
1617,11:04:39,23.45,0.0,22,51590,买盘
1618,11:04:42,23.45,0.0,71,166482,买盘
1619,11:04:45,23.46,0.01,9,21114,买盘
1620,11:04:48,23.47,0.01,39,91488,买盘
1621,11:04:52,23.45,-0.02,3,7035,卖盘
1622,11:04:55,23.46,0.01,20,46920,卖盘
1623,11:04:58,23.46,0.0,17,39882,卖盘
1624,11:05:01,23.48,0.02,115,269910,买盘
1625,11:05:04,23.48,0.0,187,439331,卖盘
1626,11:05:07,23.48,0.0,23,54004,卖盘
1627,11:05:10,23.52,0.04,774,1819046,买盘
1628,11:05:12,23.52,0.0,140,329051,买盘
1629,11:05:15,23.52,0.0,48,112836,买盘
1630,11:05:18,23.52,0.0,4,9408,买盘
1631,11:05:21,23.51,-0.01,70,164633,卖盘
1632,11:05:24,23.52,0.01,3,7056,买盘
1633,11:05:28,23.52,0.0,16,37626,买盘
1634,11:05:31,23.5,-0.02,187,439474,卖盘
1635,11:05:33,23.48,-0.02,94,220776,卖盘
1636,11:05:36,23.48,0.0,40,93900,买盘
1637,11:05:39,23.48,0.0,74,173702,买盘
1638,11:05:42,23.48,0.0,34,79832,买盘
1639,11:05:46,23.45,-0.03,32,75048,卖盘
1640,11:05:49,23.5,0.05,209,491040,买盘
1641,11:05:51,23.51,0.01,53,124551,买盘
1642,11:05:54,23.5,-0.01,22,51721,卖盘
1643,11:05:57,23.5,0.0,46,108127,卖盘
1644,11:06:01,23.52,0.02,26,61143,买盘
1645,11:06:04,23.51,-0.01,27,63475,买盘
1646,11:06:07,23.51,0.0,144,338449,买盘
1647,11:06:10,23.5,-0.01,97,227950,卖盘
1648,11:06:13,23.51,0.01,113,265572,买盘
1649,11:06:15,23.48,-0.03,27,63440,卖盘
1650,11:06:18,23.5,0.02,109,256271,卖盘
1651,11:06:21,23.5,0.0,3,7050,买盘
1652,11:06:24,23.5,0.0,160,375900,买盘
1653,11:06:27,23.5,0.0,19,44650,买盘
1654,11:06:30,23.49,-0.01,3,7047,卖盘
1655,11:06:34,23.5,0.01,34,79893,买盘
1656,11:06:36,23.48,-0.02,52,122181,卖盘
1657,11:06:39,23.5,0.02,20,46992,买盘
1658,11:06:46,23.48,-0.02,34,79828,买盘
1659,11:06:49,23.49,0.01,20,46980,买盘
1660,11:06:54,23.48,-0.01,21,49308,卖盘
1661,11:06:58,23.48,0.0,15,35226,卖盘
1662,11:07:01,23.48,0.0,21,49328,卖盘
1663,11:07:04,23.48,0.0,11,25831,卖盘
1664,11:07:06,23.48,0.0,37,86876,卖盘
1665,11:07:10,23.48,0.0,25,58721,买盘
1666,11:07:13,23.49,0.01,20,46978,买盘
1667,11:07:15,23.46,-0.03,4,9384,卖盘
1668,11:07:18,23.46,0.0,1,2346,买盘
1669,11:07:21,23.46,0.0,20,46920,买盘
1670,11:07:24,23.46,0.0,1,2346,买盘
1671,11:07:27,23.46,0.0,1,2346,买盘
1672,11:07:30,23.45,-0.01,41,96166,卖盘
1673,11:07:33,23.45,0.0,20,46900,买盘
1674,11:07:36,23.45,0.0,1,2345,买盘
1675,11:07:40,23.44,-0.01,10,23440,卖盘
1676,11:07:42,23.44,0.0,2,4688,卖盘
1677,11:07:45,23.46,0.02,14,32843,买盘
1678,11:07:48,23.46,0.0,7,16423,卖盘
1679,11:07:51,23.45,-0.01,21,49263,卖盘
1680,11:07:54,23.48,0.03,31,72749,买盘
1681,11:07:57,23.45,-0.03,3,7035,卖盘
1682,11:08:00,23.47,0.02,3,7041,买盘
1683,11:08:04,23.46,-0.01,6,14081,卖盘
1684,11:08:07,23.49,0.03,22,51667,买盘
1685,11:08:10,23.46,-0.03,15,35190,卖盘
1686,11:08:15,23.47,0.01,3,7039,买盘
1687,11:08:18,23.46,-0.01,22,51669,卖盘
1688,11:08:21,23.47,0.01,27,63369,买盘
1689,11:08:24,23.46,-0.01,1,2346,卖盘
1690,11:08:27,23.47,0.01,30,70400,买盘
1691,11:08:30,23.46,-0.01,24,56304,卖盘
1692,11:08:33,23.46,0.0,14,32844,卖盘
1693,11:08:37,23.47,0.01,5,11735,买盘
1694,11:08:39,23.46,-0.01,74,173604,卖盘
1695,11:08:42,23.46,0.0,4,9384,买盘
1696,11:08:45,23.46,0.0,10,23460,买盘
1697,11:08:48,23.46,0.0,8,18768,买盘
1698,11:08:51,23.46,0.0,32,75070,买盘
1699,11:08:54,23.46,0.0,13,30497,买盘
1700,11:08:58,23.46,0.0,30,70380,买盘
1701,11:09:00,23.47,0.01,20,46922,买盘
1702,11:09:04,23.46,-0.01,5,11730,中性盘
1703,11:09:07,23.46,0.0,13,30494,买盘
1704,11:09:10,23.46,0.0,17,39882,买盘
1705,11:09:12,23.46,0.0,30,70380,买盘
1706,11:09:15,23.45,-0.01,6,14070,卖盘
1707,11:09:18,23.45,0.0,55,128975,卖盘
1708,11:09:21,23.46,0.01,23,53958,买盘
1709,11:09:24,23.45,-0.01,56,131342,卖盘
1710,11:09:34,23.46,0.01,32,75053,买盘
1711,11:09:40,23.46,0.0,28,65688,卖盘
1712,11:09:42,23.46,0.0,78,183006,卖盘
1713,11:09:45,23.47,0.01,38,89180,买盘
1714,11:09:49,23.46,-0.01,116,272248,卖盘
1715,11:09:51,23.46,0.0,179,419930,卖盘
1716,11:09:55,23.45,-0.01,43,100848,卖盘
1717,11:09:58,23.46,0.01,218,511228,买盘
1718,11:10:01,23.46,0.0,2,4692,买盘
1719,11:10:04,23.45,-0.01,7,16415,卖盘
1720,11:10:06,23.46,0.01,25,58629,买盘
1721,11:10:10,23.44,-0.02,56,131302,卖盘
1722,11:10:15,23.45,0.01,1,2345,买盘
1723,11:10:19,23.44,-0.01,111,260218,卖盘
1724,11:10:22,23.43,-0.01,37,86691,卖盘
1725,11:10:25,23.42,-0.01,106,248252,卖盘
1726,11:10:28,23.42,0.0,44,103048,买盘
1727,11:10:31,23.42,0.0,22,51516,买盘
1728,11:10:40,23.41,-0.01,76,177270,买盘
1729,11:10:46,23.39,-0.02,37,86585,卖盘
1730,11:10:52,23.38,-0.01,35,81870,卖盘
1731,11:10:55,23.39,0.01,1,2339,买盘
1732,11:10:58,23.38,-0.01,31,72490,卖盘
1733,11:11:04,23.37,-0.01,93,217444,卖盘
1734,11:11:06,23.41,0.04,17,39772,买盘
1735,11:11:10,23.38,-0.03,11,25718,卖盘
1736,11:11:12,23.36,-0.02,10,23360,卖盘
1737,11:11:16,23.38,0.02,22,51436,买盘
1738,11:11:19,23.36,-0.02,88,205589,卖盘
1739,11:11:25,23.4,0.04,20,46790,买盘
1740,11:11:28,23.36,-0.04,20,46724,卖盘
1741,11:11:34,23.35,-0.01,204,476445,卖盘
1742,11:11:36,23.38,0.03,25,58435,中性盘
1743,11:11:40,23.36,-0.02,1,2336,卖盘
1744,11:11:46,23.37,0.01,3,7011,买盘
1745,11:11:52,23.36,-0.01,10,22195,卖盘
1746,11:11:58,23.37,0.01,3,7011,买盘
1747,11:12:01,23.36,-0.01,10,23360,卖盘
1748,11:12:04,23.36,0.0,15,35040,卖盘
1749,11:12:07,23.37,0.01,311,726270,买盘
1750,11:12:10,23.37,0.0,38,88803,买盘
1751,11:12:13,23.36,-0.01,2,4673,中性盘
1752,11:12:18,23.35,-0.01,9,21021,卖盘
1753,11:12:21,23.35,0.0,23,53714,卖盘
1754,11:12:24,23.36,0.01,4,9344,买盘
1755,11:12:27,23.35,-0.01,5,11675,卖盘
1756,11:12:31,23.35,0.0,249,583258,卖盘
1757,11:12:34,23.35,0.0,1,537,卖盘
1758,11:12:37,23.37,0.02,3,7009,买盘
1759,11:12:40,23.35,-0.02,20,48501,卖盘
1760,11:12:43,23.35,0.0,10,23350,卖盘
1761,11:12:46,23.36,0.01,13,30368,买盘
1762,11:12:49,23.36,0.0,19,44374,买盘
1763,11:12:52,23.36,0.0,13,30368,买盘
1764,11:12:58,23.36,0.0,54,126133,买盘
1765,11:13:00,23.36,0.0,10,23360,买盘
1766,11:13:03,23.35,-0.01,235,548726,卖盘
1767,11:13:07,23.35,0.0,83,193838,卖盘
1768,11:13:10,23.35,0.0,8,18680,买盘
1769,11:13:13,23.35,0.0,30,70050,买盘
1770,11:13:16,23.34,-0.01,10,23340,卖盘
1771,11:13:19,23.3,-0.04,280,652631,卖盘
1772,11:13:22,23.34,0.04,3,7002,买盘
1773,11:13:25,23.3,-0.04,10,23300,卖盘
1774,11:13:31,23.3,0.0,2,4663,卖盘
1775,11:13:34,23.31,0.01,7,16314,中性盘
1776,11:13:36,23.31,0.0,4,9324,卖盘
1777,11:13:39,23.32,0.01,4,9328,中性盘
1778,11:13:42,23.31,-0.01,36,83976,卖盘
1779,11:13:46,23.32,0.01,2,4664,中性盘
1780,11:13:48,23.32,0.0,26,60632,卖盘
1781,11:13:52,23.33,0.01,8,18664,卖盘
1782,11:13:54,23.35,0.02,33,77029,买盘
1783,11:13:57,23.35,0.0,27,63037,买盘
1784,11:14:04,23.33,-0.02,3,6999,卖盘
1785,11:14:07,23.34,0.01,22,51343,买盘
1786,11:14:10,23.35,0.01,39,91029,买盘
1787,11:14:12,23.35,0.0,95,221825,买盘
1788,11:14:16,23.33,-0.02,1,2333,卖盘
1789,11:14:18,23.34,0.01,1,2334,中性盘
1790,11:14:22,23.35,0.01,3,7003,买盘
1791,11:14:24,23.34,-0.01,1,2334,卖盘
1792,11:14:27,23.34,0.0,136,317545,卖盘
1793,11:14:31,23.34,0.0,26,60684,买盘
1794,11:14:34,23.34,0.0,11,25674,买盘
1795,11:14:36,23.36,0.02,21,49024,买盘
1796,11:14:40,23.34,-0.02,8,18678,中性盘
1797,11:14:46,23.36,0.02,12,28018,买盘
1798,11:14:49,23.34,-0.02,131,305790,卖盘
1799,11:14:52,23.35,0.01,158,368916,买盘
1800,11:14:55,23.35,0.0,21,49035,买盘
1801,11:14:57,23.35,0.0,2,4670,买盘
1802,11:15:00,23.36,0.01,34,79391,买盘
1803,11:15:10,23.35,-0.01,38,88771,卖盘
1804,11:15:13,23.36,0.01,10,23360,卖盘
1805,11:15:15,23.35,-0.01,120,280214,卖盘
1806,11:15:22,23.35,0.0,52,121390,买盘
1807,11:15:28,23.33,-0.02,21,48995,卖盘
1808,11:15:34,23.32,-0.01,13,30331,卖盘
1809,11:15:40,23.33,0.01,15,34994,买盘
1810,11:15:43,23.33,0.0,8,18664,卖盘
1811,11:15:55,23.32,-0.01,112,261217,卖盘
1812,11:15:58,23.33,0.01,43,99170,买盘
1813,11:16:04,23.32,-0.01,2,4664,卖盘
1814,11:16:07,23.3,-0.02,402,936962,卖盘
1815,11:16:10,23.32,0.02,13,30316,买盘
1816,11:16:13,23.3,-0.02,100,233006,卖盘
1817,11:16:18,23.31,0.01,6,13986,中性盘
1818,11:16:22,23.3,-0.01,109,253972,卖盘
1819,11:16:24,23.3,0.0,7,16310,卖盘
1820,11:16:28,23.3,0.0,136,316884,卖盘
1821,11:16:30,23.3,0.0,132,307530,卖盘
1822,11:16:34,23.3,0.0,71,165420,买盘
1823,11:16:37,23.3,0.0,27,62910,卖盘
1824,11:16:40,23.3,0.0,119,277270,卖盘
1825,11:16:43,23.3,0.0,12,27960,卖盘
1826,11:16:46,23.3,0.0,94,219020,卖盘
1827,11:16:52,23.29,-0.01,17,39593,卖盘
1828,11:16:55,23.3,0.01,53,123470,买盘
1829,11:16:58,23.32,0.02,5,11652,买盘
1830,11:17:01,23.29,-0.03,100,232997,卖盘
1831,11:17:04,23.31,0.02,80,186411,中性盘
1832,11:17:07,23.29,-0.02,32,73388,卖盘
1833,11:17:10,23.32,0.03,15,34980,买盘
1834,11:17:13,23.29,-0.03,101,235382,卖盘
1835,11:17:15,23.3,0.01,4,9320,买盘
1836,11:17:22,23.32,0.02,53,123457,买盘
1837,11:17:25,23.33,0.01,1,2333,买盘
1838,11:17:28,23.32,-0.01,8,19825,卖盘
1839,11:17:31,23.32,0.0,32,73468,卖盘
1840,11:17:37,23.32,0.0,1,2332,买盘
1841,11:17:40,23.3,-0.02,1,2330,中性盘
1842,11:17:46,23.33,0.03,23,53644,买盘
1843,11:17:52,23.32,-0.01,7,16326,卖盘
1844,11:17:57,23.32,0.0,1,2332,卖盘
1845,11:18:01,23.32,0.0,10,23329,卖盘
1846,11:18:04,23.32,0.0,16,37313,卖盘
1847,11:18:07,23.33,0.01,21,48993,买盘
1848,11:18:10,23.34,0.01,13,30342,买盘
1849,11:18:13,23.33,-0.01,19,44327,卖盘
1850,11:18:16,23.34,0.01,1,2334,买盘
1851,11:18:19,23.33,-0.01,30,69980,卖盘
1852,11:18:21,23.35,0.02,200,468066,买盘
1853,11:18:24,23.35,0.0,17,39698,卖盘
1854,11:18:30,23.35,0.0,7,16346,卖盘
1855,11:18:33,23.36,0.01,6,14015,买盘
1856,11:18:37,23.36,0.0,10,23360,买盘
1857,11:18:42,23.36,0.0,502,1172207,卖盘
1858,11:18:48,23.36,0.0,4,9344,卖盘
1859,11:18:54,23.37,0.01,9,21033,买盘
1860,11:18:57,23.37,0.0,16,37386,买盘
1861,11:19:00,23.36,-0.01,4,9344,卖盘
1862,11:19:04,23.37,0.01,6,14018,买盘
1863,11:19:07,23.36,-0.01,3,7008,卖盘
1864,11:19:09,23.36,0.0,56,129658,卖盘
1865,11:19:12,23.36,0.0,1,2336,买盘
1866,11:19:15,23.36,0.0,179,417246,买盘
1867,11:19:18,23.36,0.0,2,4672,买盘
1868,11:19:21,23.36,0.0,4,9344,买盘
1869,11:19:25,23.35,-0.01,50,116750,卖盘
1870,11:19:27,23.36,0.01,9,21023,买盘
1871,11:19:30,23.34,-0.02,67,156447,卖盘
1872,11:19:34,23.35,0.01,51,119121,买盘
1873,11:19:37,23.35,0.0,6,14010,买盘
1874,11:19:40,23.35,0.0,1,2335,买盘
1875,11:19:43,23.34,-0.01,109,254510,中性盘
1876,11:19:46,23.35,0.01,245,571931,买盘
1877,11:19:49,23.34,-0.01,34,79357,中性盘
1878,11:19:51,23.32,-0.02,1,2332,卖盘
1879,11:19:54,23.32,0.0,32,74682,卖盘
1880,11:19:57,23.32,0.0,1,2332,买盘
1881,11:20:01,23.34,0.02,144,336878,买盘
1882,11:20:04,23.32,-0.02,3,6997,卖盘
1883,11:20:10,23.32,0.0,98,228582,卖盘
1884,11:20:13,23.32,0.0,27,62964,买盘
1885,11:20:16,23.34,0.02,67,156378,买盘
1886,11:20:19,23.34,0.0,7,16341,卖盘
1887,11:20:21,23.35,0.01,20,46700,买盘
1888,11:20:25,23.34,-0.01,51,119034,卖盘
1889,11:20:27,23.35,0.01,4,9340,买盘
1890,11:20:31,23.34,-0.01,45,105030,卖盘
1891,11:20:37,23.34,0.0,1,2334,买盘
1892,11:20:40,23.32,-0.02,53,123636,卖盘
1893,11:20:43,23.32,0.0,1,2332,买盘
1894,11:20:45,23.32,0.0,3,6995,买盘
1895,11:20:49,23.34,0.02,71,165534,买盘
1896,11:20:52,23.32,-0.02,57,133024,卖盘
1897,11:20:55,23.32,0.0,55,128193,买盘
1898,11:20:57,23.32,0.0,73,170236,买盘
1899,11:21:01,23.33,0.01,2,4666,中性盘
1900,11:21:06,23.34,0.01,5,11662,买盘
1901,11:21:10,23.34,0.0,4,9336,买盘
1902,11:21:13,23.34,0.0,1,2334,卖盘
1903,11:21:16,23.34,0.0,6,14007,卖盘
1904,11:21:19,23.35,0.01,5,11675,买盘
1905,11:21:22,23.34,-0.01,6,14005,卖盘
1906,11:21:31,23.34,0.0,6,14004,买盘
1907,11:21:34,23.34,0.0,8,18673,买盘
1908,11:21:39,23.34,0.0,15,35010,卖盘
1909,11:21:42,23.35,0.01,11,25685,买盘
1910,11:21:46,23.35,0.0,9,21014,买盘
1911,11:21:48,23.34,-0.01,2,4668,卖盘
1912,11:21:51,23.34,0.0,100,233400,卖盘
1913,11:21:55,23.34,0.0,40,93360,卖盘
1914,11:21:58,23.34,0.0,2,4668,买盘
1915,11:22:01,23.34,0.0,11,25664,买盘
1916,11:22:04,23.33,-0.01,13,30329,卖盘
1917,11:22:06,23.34,0.01,4,9335,买盘
1918,11:22:10,23.34,0.0,11,25674,买盘
1919,11:22:13,23.34,0.0,5,11670,买盘
1920,11:22:16,23.34,0.0,52,121368,买盘
1921,11:22:19,23.33,-0.01,2,4666,卖盘
1922,11:22:25,23.34,0.01,1,2334,买盘
1923,11:22:27,23.33,-0.01,50,116650,卖盘
1924,11:22:34,23.34,0.01,10,23340,买盘
1925,11:22:37,23.34,0.0,20,46677,买盘
1926,11:22:40,23.34,0.0,1,2334,买盘
1927,11:22:43,23.34,0.0,35,81690,买盘
1928,11:22:45,23.34,0.0,45,103838,买盘
1929,11:22:52,23.34,0.0,6,14005,卖盘
1930,11:22:58,23.35,0.01,1,2335,买盘
1931,11:23:04,23.35,0.0,1,2335,买盘
1932,11:23:10,23.35,0.0,9,21015,买盘
1933,11:23:12,23.34,-0.01,11,25680,卖盘
1934,11:23:15,23.34,0.0,3,7002,卖盘
1935,11:23:19,23.35,0.01,1,2335,买盘
1936,11:23:24,23.34,-0.01,1,2334,卖盘
1937,11:23:30,23.35,0.01,1,2335,买盘
1938,11:23:37,23.34,-0.01,1,2334,卖盘
1939,11:23:40,23.34,0.0,20,46680,卖盘
1940,11:23:43,23.35,0.01,7,16345,买盘
1941,11:23:48,23.35,0.0,23,53685,买盘
1942,11:23:51,23.34,-0.01,31,72354,卖盘
1943,11:23:54,23.33,-0.01,71,165708,卖盘
1944,11:23:57,23.34,0.01,31,72322,中性盘
1945,11:24:04,23.33,-0.01,11,25653,买盘
1946,11:24:06,23.32,-0.01,21,48972,卖盘
1947,11:24:09,23.33,0.01,5,11665,买盘
1948,11:24:13,23.33,0.0,15,34995,买盘
1949,11:24:15,23.32,-0.01,23,53636,卖盘
1950,11:24:24,23.34,0.02,1,2334,买盘
1951,11:24:27,23.34,0.0,1,2334,买盘
1952,11:24:30,23.32,-0.02,105,244860,卖盘
1953,11:24:33,23.34,0.02,49,114356,买盘
1954,11:24:36,23.32,-0.02,11,25659,卖盘
1955,11:24:42,23.32,0.0,20,46640,卖盘
1956,11:24:48,23.33,0.01,2,4665,买盘
1957,11:24:51,23.33,0.0,56,130598,买盘
1958,11:24:55,23.33,0.0,55,128315,买盘
1959,11:24:57,23.33,0.0,14,32662,卖盘
1960,11:25:04,23.34,0.01,4,9336,买盘
1961,11:25:09,23.33,-0.01,117,273021,卖盘
1962,11:25:12,23.35,0.02,75,175125,买盘
1963,11:25:15,23.35,0.0,1,2335,买盘
1964,11:25:21,23.33,-0.02,50,116650,卖盘
1965,11:25:27,23.35,0.02,1,2335,买盘
1966,11:25:33,23.35,0.0,1,2335,买盘
1967,11:25:36,23.33,-0.02,30,70015,卖盘
1968,11:25:39,23.33,0.0,10,23330,卖盘
1969,11:25:42,23.33,0.0,13,30330,卖盘
1970,11:25:45,23.32,-0.01,37,86303,卖盘
1971,11:25:48,23.32,0.0,1,2332,卖盘
1972,11:25:51,23.32,0.0,10,23320,卖盘
1973,11:25:54,23.33,0.01,1,2333,买盘
1974,11:26:00,23.34,0.01,3,7000,买盘
1975,11:26:06,23.33,-0.01,1,2333,买盘
1976,11:26:09,23.33,0.0,6,13998,买盘
1977,11:26:12,23.34,0.01,17,39676,买盘
1978,11:26:16,23.33,-0.01,13,31496,卖盘
1979,11:26:18,23.34,0.01,7,16332,买盘
1980,11:26:21,23.33,-0.01,4,8166,卖盘
1981,11:26:27,23.33,0.0,2,4666,买盘
1982,11:26:33,23.33,0.0,1,2333,买盘
1983,11:26:39,23.32,-0.01,1,2332,卖盘
1984,11:26:42,23.33,0.01,65,152758,买盘
1985,11:26:45,23.32,-0.01,1,2332,中性盘
1986,11:26:51,23.3,-0.02,123,286938,卖盘
1987,11:26:54,23.3,0.0,1,2330,卖盘
1988,11:26:57,23.35,0.05,3,7005,买盘
1989,11:27:01,23.3,-0.05,10,23305,卖盘
1990,11:27:06,23.3,0.0,10,23300,卖盘
1991,11:27:09,23.3,0.0,22,51260,卖盘
1992,11:27:12,23.32,0.02,2,4666,中性盘
1993,11:27:21,23.32,0.0,5,11660,卖盘
1994,11:27:24,23.34,0.02,2,4667,买盘
1995,11:27:36,23.33,-0.01,9,20997,买盘
1996,11:27:39,23.32,-0.01,20,46648,卖盘
1997,11:27:45,23.32,0.0,3,6996,买盘
1998,11:27:48,23.32,0.0,16,37312,买盘
1999,11:27:52,23.32,0.0,6,13992,买盘
2000,11:27:54,23.31,-0.01,5,11658,卖盘
2001,11:27:57,23.31,0.0,1,2331,卖盘
2002,11:28:00,23.32,0.01,43,100267,买盘
2003,11:28:04,23.31,-0.01,1,2331,买盘
2004,11:28:06,23.31,0.0,1,2331,买盘
2005,11:28:09,23.3,-0.01,5,11650,卖盘
2006,11:28:12,23.32,0.02,18,41968,买盘
2007,11:28:15,23.31,-0.01,4,9324,中性盘
2008,11:28:18,23.31,0.0,1,2331,买盘
2009,11:28:21,23.31,0.0,28,65268,买盘
2010,11:28:30,23.33,0.02,26,60635,买盘
2011,11:28:33,23.32,-0.01,1,2332,卖盘
2012,11:28:39,23.33,0.01,16,37328,买盘
2013,11:28:42,23.33,0.0,36,83980,卖盘
2014,11:28:48,23.34,0.01,3,7000,买盘
2015,11:28:58,23.34,0.0,1,2334,买盘
2016,11:29:00,23.34,0.0,24,56016,买盘
2017,11:29:04,23.33,-0.01,10,23334,卖盘
2018,11:29:06,23.35,0.02,95,221821,买盘
2019,11:29:09,23.33,-0.02,30,70032,卖盘
2020,11:29:12,23.35,0.02,14,31522,买盘
2021,11:29:15,23.33,-0.02,2,4669,卖盘
2022,11:29:21,23.36,0.03,1,2336,买盘
2023,11:29:36,23.35,-0.01,2,4670,买盘
2024,11:29:42,23.36,0.01,196,457747,买盘
2025,11:29:48,23.37,0.01,167,389648,买盘
2026,11:29:51,23.37,0.0,5,11685,卖盘
2027,11:30:01,23.35,-0.02,86,201558,卖盘
2028,13:00:00,23.35,0.0,1,2335,买盘
2029,13:00:04,23.35,0.0,168,392650,买盘
2030,13:00:07,23.35,0.0,9,19848,卖盘
2031,13:00:09,23.37,0.02,136,318233,买盘
2032,13:00:12,23.37,0.0,3,7011,卖盘
2033,13:00:15,23.38,0.01,1,2338,买盘
2034,13:00:18,23.38,0.0,14,32732,买盘
2035,13:00:21,23.38,0.0,90,210420,买盘
2036,13:00:30,23.39,0.01,21,49098,买盘
2037,13:00:36,23.38,-0.01,1,2338,买盘
2038,13:00:39,23.37,-0.01,4,9351,卖盘
2039,13:00:42,23.39,0.02,1,2339,买盘
2040,13:00:48,23.39,0.0,4,9356,买盘
2041,13:00:51,23.38,-0.01,6,14028,卖盘
2042,13:00:54,23.4,0.02,52,121629,买盘
2043,13:01:00,23.38,-0.02,5,11690,卖盘
2044,13:01:09,23.38,0.0,179,418504,卖盘
2045,13:01:12,23.38,0.0,19,44422,买盘
2046,13:01:15,23.38,0.0,11,25718,买盘
2047,13:01:21,23.38,0.0,1,2338,买盘
2048,13:01:24,23.38,0.0,15,35070,买盘
2049,13:01:33,23.38,0.0,1,2338,买盘
2050,13:01:39,23.38,0.0,2,4676,买盘
2051,13:01:42,23.35,-0.03,3,7007,卖盘
2052,13:01:48,23.35,0.0,2,4672,卖盘
2053,13:02:00,23.35,0.0,10,23352,卖盘
2054,13:02:03,23.35,0.0,1,2335,卖盘
2055,13:02:12,23.37,0.02,16,37392,买盘
2056,13:02:15,23.35,-0.02,53,123755,卖盘
2057,13:02:18,23.36,0.01,3,7008,买盘
2058,13:02:21,23.35,-0.01,1,2335,卖盘
2059,13:02:24,23.36,0.01,5,11680,买盘
2060,13:02:27,23.36,0.0,1,2336,买盘
2061,13:02:33,23.36,0.0,1,2336,买盘
2062,13:02:39,23.36,0.0,1,2336,买盘
2063,13:02:42,23.36,0.0,20,46720,买盘
2064,13:02:45,23.35,-0.01,1,2335,卖盘
2065,13:02:51,23.36,0.01,39,91100,买盘
2066,13:02:54,23.35,-0.01,6,14010,卖盘
2067,13:03:00,23.35,0.0,1,2335,卖盘
2068,13:03:04,23.36,0.01,4,9344,买盘
2069,13:03:07,23.36,0.0,1,2336,买盘
2070,13:03:09,23.35,-0.01,11,25171,卖盘
2071,13:03:12,23.36,0.01,13,30360,买盘
2072,13:03:15,23.35,-0.01,6,14013,中性盘
2073,13:03:18,23.36,0.01,2,4671,买盘
2074,13:03:21,23.34,-0.02,2,4669,卖盘
2075,13:03:24,23.34,0.0,1,2334,卖盘
2076,13:03:30,23.35,0.01,2,4670,买盘
2077,13:03:33,23.34,-0.01,6,14004,卖盘
2078,13:03:36,23.35,0.01,1,2335,买盘
2079,13:03:45,23.34,-0.01,2,4669,卖盘
2080,13:03:54,23.34,0.0,22,51348,卖盘
2081,13:03:57,23.34,0.0,3,7003,卖盘
2082,13:04:00,23.34,0.0,1,2334,卖盘
2083,13:04:03,23.34,0.0,1,2334,卖盘
2084,13:04:06,23.34,0.0,85,198391,卖盘
2085,13:04:09,23.34,0.0,4,9333,买盘
2086,13:04:12,23.34,0.0,20,46675,买盘
2087,13:04:24,23.34,0.0,1,2334,买盘
2088,13:04:31,23.33,-0.01,1,2333,卖盘
2089,13:04:36,23.33,0.0,9,20998,卖盘
2090,13:04:39,23.33,0.0,16,37328,卖盘
2091,13:04:45,23.33,0.0,1,2333,卖盘
2092,13:04:48,23.34,0.01,3,7001,买盘
2093,13:04:51,23.33,-0.01,53,123649,卖盘
2094,13:04:54,23.33,0.0,2,4665,买盘
2095,13:05:00,23.32,-0.01,13,30316,卖盘
2096,13:05:04,23.32,0.0,25,58301,卖盘
2097,13:05:09,23.32,0.0,4,9331,卖盘
2098,13:05:12,23.32,0.0,24,55968,卖盘
2099,13:05:15,23.32,0.0,5,11660,买盘
2100,13:05:18,23.31,-0.01,1,2331,卖盘
2101,13:05:21,23.31,0.0,2,4662,卖盘
2102,13:05:24,23.31,0.0,24,55944,卖盘
2103,13:05:27,23.31,0.0,31,72277,卖盘
2104,13:05:36,23.31,0.0,20,46620,卖盘
2105,13:05:39,23.31,0.0,8,18648,卖盘
2106,13:05:42,23.31,0.0,5,11656,卖盘
2107,13:05:45,23.31,0.0,3,6993,卖盘
2108,13:05:51,23.31,0.0,4,9324,卖盘
2109,13:05:54,23.31,0.0,8,18649,卖盘
2110,13:06:04,23.3,-0.01,10,23300,卖盘
2111,13:06:06,23.31,0.01,14,32631,买盘
2112,13:06:09,23.3,-0.01,193,449693,卖盘
2113,13:06:13,23.3,0.0,11,25630,买盘
2114,13:06:16,23.29,-0.01,27,62883,卖盘
2115,13:06:19,23.3,0.01,16,37279,买盘
2116,13:06:21,23.3,0.0,5,11651,卖盘
2117,13:06:24,23.29,-0.01,20,46581,卖盘
2118,13:06:34,23.3,0.01,1,2330,买盘
2119,13:06:36,23.29,-0.01,18,41922,卖盘
2120,13:06:39,23.29,0.0,36,83844,卖盘
2121,13:06:45,23.3,0.01,3,6988,买盘
2122,13:06:51,23.29,-0.01,8,18632,卖盘
2123,13:06:54,23.28,-0.01,10,23286,卖盘
2124,13:07:00,23.28,0.0,5,11644,卖盘
2125,13:07:03,23.29,0.01,5,11645,买盘
2126,13:07:12,23.3,0.01,43,100185,买盘
2127,13:07:15,23.29,-0.01,3,6989,卖盘
2128,13:07:18,23.29,0.0,10,23290,卖盘
2129,13:07:21,23.28,-0.01,3,6985,卖盘
2130,13:07:24,23.3,0.02,1,2330,买盘
2131,13:07:39,23.29,-0.01,3,6988,卖盘
2132,13:07:45,23.29,0.0,1,2329,卖盘
2133,13:07:49,23.29,0.0,1,2329,卖盘
2134,13:07:51,23.3,0.01,1,2330,买盘
2135,13:07:54,23.29,-0.01,1,2329,卖盘
2136,13:07:57,23.3,0.01,3,6990,买盘
2137,13:08:00,23.29,-0.01,125,291125,卖盘
2138,13:08:03,23.3,0.01,1,2330,买盘
2139,13:08:09,23.29,-0.01,1,2329,卖盘
2140,13:08:12,23.3,0.01,15,34950,买盘
2141,13:08:19,23.29,-0.01,4,9318,卖盘
2142,13:08:21,23.29,0.0,2,4658,卖盘
2143,13:08:28,23.29,0.0,31,72199,卖盘
2144,13:08:30,23.29,0.0,4,9317,卖盘
2145,13:08:37,23.3,0.01,10,23300,买盘
2146,13:08:39,23.29,-0.01,2,4658,卖盘
2147,13:08:42,23.3,0.01,1,2330,买盘
2148,13:08:46,23.29,-0.01,9,20961,卖盘
2149,13:08:49,23.29,0.0,1,2329,卖盘
2150,13:08:54,23.29,0.0,4,9319,卖盘
2151,13:08:57,23.3,0.01,1,2330,买盘
2152,13:09:06,23.29,-0.01,15,34946,卖盘
2153,13:09:09,23.29,0.0,1,2329,买盘
2154,13:09:15,23.28,-0.01,12,27947,卖盘
2155,13:09:18,23.28,0.0,2,4657,卖盘
2156,13:09:21,23.3,0.02,59,137430,买盘
2157,13:09:30,23.28,-0.02,1,2328,卖盘
2158,13:09:36,23.29,0.01,2,4658,买盘
2159,13:09:39,23.29,0.0,2,4658,卖盘
2160,13:09:42,23.29,0.0,29,67531,卖盘
2161,13:09:45,23.28,-0.01,1,2328,卖盘
2162,13:09:48,23.29,0.01,1,2329,买盘
2163,13:09:51,23.29,0.0,3,6987,买盘
2164,13:09:54,23.28,-0.01,1,2328,卖盘
2165,13:10:01,23.28,0.0,9,20953,卖盘
2166,13:10:04,23.29,0.01,5,11641,买盘
2167,13:10:12,23.29,0.0,24,55896,买盘
2168,13:10:15,23.3,0.01,17,39610,买盘
2169,13:10:18,23.3,0.0,1,2330,买盘
2170,13:10:21,23.29,-0.01,4,9316,卖盘
2171,13:10:24,23.29,0.0,5,11649,卖盘
2172,13:10:30,23.3,0.01,1,2330,买盘
2173,13:10:33,23.29,-0.01,1,2329,卖盘
2174,13:10:39,23.29,0.0,21,48909,卖盘
2175,13:10:43,23.3,0.01,13,30278,买盘
2176,13:10:48,23.29,-0.01,10,23293,卖盘
2177,13:10:57,23.29,0.0,1,2329,买盘
2178,13:11:00,23.28,-0.01,2,4656,卖盘
2179,13:11:04,23.29,0.01,24,55881,买盘
2180,13:11:10,23.29,0.0,33,76855,买盘
2181,13:11:16,23.3,0.01,15,34950,买盘
2182,13:11:18,23.29,-0.01,5,11645,卖盘
2183,13:11:21,23.3,0.01,1,2330,买盘
2184,13:11:24,23.29,-0.01,53,123487,卖盘
2185,13:11:27,23.3,0.01,89,207370,买盘
2186,13:11:30,23.3,0.0,1,2330,卖盘
2187,13:11:34,23.31,0.01,3,6993,买盘
2188,13:11:36,23.31,0.0,15,34965,买盘
2189,13:11:39,23.31,0.0,6,13986,买盘
2190,13:11:42,23.3,-0.01,50,116500,卖盘
2191,13:11:45,23.31,0.01,3,6993,买盘
2192,13:11:48,23.31,0.0,1,2331,买盘
2193,13:11:51,23.31,0.0,12,27972,买盘
2194,13:12:00,23.32,0.01,16,37312,买盘
2195,13:12:06,23.32,0.0,3,6996,买盘
2196,13:12:09,23.32,0.0,7,16324,买盘
2197,13:12:15,23.32,0.0,18,41975,买盘
2198,13:12:27,23.32,0.0,3,6996,买盘
2199,13:12:31,23.31,-0.01,3,6993,卖盘
2200,13:12:39,23.32,0.01,1,2332,买盘
2201,13:12:45,23.32,0.0,3,6996,买盘
2202,13:12:49,23.31,-0.01,13,30303,卖盘
2203,13:12:55,23.31,0.0,1,2331,买盘
2204,13:13:01,23.31,0.0,5,11655,买盘
2205,13:13:04,23.29,-0.02,303,705751,卖盘
2206,13:13:06,23.32,0.03,1,2332,买盘
2207,13:13:12,23.31,-0.01,15,34965,中性盘
2208,13:13:15,23.31,0.0,13,30303,买盘
2209,13:13:19,23.32,0.01,1,2332,买盘
2210,13:13:21,23.3,-0.02,36,83881,卖盘
2211,13:13:28,23.31,0.01,8,18648,买盘
2212,13:13:30,23.31,0.0,7,16311,买盘
2213,13:13:33,23.3,-0.01,4,9321,卖盘
2214,13:13:36,23.3,0.0,10,23300,卖盘
2215,13:13:39,23.31,0.01,5,11655,买盘
2216,13:13:45,23.29,-0.02,213,496102,卖盘
2217,13:13:51,23.28,-0.01,10,23285,卖盘
2218,13:13:57,23.29,0.01,11,25619,买盘
2219,13:14:06,23.29,0.0,10,23290,买盘
2220,13:14:12,23.29,0.0,1,2329,买盘
2221,13:14:16,23.29,0.0,80,186320,买盘
2222,13:14:19,23.31,0.02,10,23310,买盘
2223,13:14:24,23.31,0.0,1,2331,买盘
2224,13:14:30,23.3,-0.01,13,30300,卖盘
2225,13:14:36,23.31,0.01,4,9324,买盘
2226,13:14:39,23.3,-0.01,3,6990,卖盘
2227,13:14:42,23.3,0.0,22,51270,卖盘
2228,13:14:45,23.3,0.0,18,41940,买盘
2229,13:14:48,23.31,0.01,6,13986,买盘
2230,13:14:51,23.31,0.0,12,27970,买盘
2231,13:14:57,23.3,-0.01,1,2330,买盘
2232,13:15:03,23.3,0.0,23,53577,买盘
2233,13:15:06,23.29,-0.01,2,4659,卖盘
2234,13:15:12,23.3,0.01,11,25628,买盘
2235,13:15:15,23.3,0.0,20,46600,买盘
2236,13:15:18,23.3,0.0,2,4660,买盘
2237,13:15:24,23.3,0.0,10,23300,买盘
2238,13:15:30,23.29,-0.01,9,20962,卖盘
2239,13:15:33,23.29,0.0,3,6987,卖盘
2240,13:15:36,23.3,0.01,12,27960,买盘
2241,13:15:39,23.29,-0.01,4,9316,卖盘
2242,13:15:42,23.3,0.01,1,2330,买盘
2243,13:15:45,23.3,0.0,10,23300,买盘
2244,13:15:51,23.29,-0.01,12,27948,卖盘
2245,13:15:54,23.3,0.01,1,2330,买盘
2246,13:15:58,23.3,0.0,10,23300,买盘
2247,13:16:04,23.29,-0.01,5,11645,卖盘
2248,13:16:09,23.3,0.01,11,25630,买盘
2249,13:16:15,23.3,0.0,15,34947,买盘
2250,13:16:18,23.3,0.0,29,67570,买盘
2251,13:16:21,23.3,0.0,1,2330,买盘
2252,13:16:30,23.31,0.01,105,244660,买盘
2253,13:16:33,23.31,0.0,3,6991,买盘
2254,13:16:36,23.31,0.0,3,6993,买盘
2255,13:16:42,23.31,0.0,10,23310,买盘
2256,13:16:45,23.3,-0.01,1,2330,卖盘
2257,13:16:48,23.31,0.01,1,2331,买盘
2258,13:16:52,23.31,0.0,13,30303,买盘
2259,13:16:54,23.3,-0.01,35,81580,卖盘
2260,13:16:57,23.3,0.0,10,25127,卖盘
2261,13:17:01,23.31,0.01,10,23310,买盘
2262,13:17:04,23.31,0.0,30,69909,买盘
2263,13:17:07,23.31,0.0,21,48951,买盘
2264,13:17:10,23.3,-0.01,478,1111923,卖盘
2265,13:17:13,23.3,0.0,1,2330,买盘
2266,13:17:16,23.31,0.01,27,62914,买盘
2267,13:17:18,23.29,-0.02,1,2329,卖盘
2268,13:17:21,23.3,0.01,5,11650,卖盘
2269,13:17:24,23.31,0.01,11,25631,买盘
2270,13:17:28,23.31,0.0,4,9324,买盘
2271,13:17:36,23.31,0.0,28,65238,买盘
2272,13:17:40,23.31,0.0,1,2331,买盘
2273,13:17:45,23.29,-0.02,3,6987,卖盘
2274,13:17:48,23.31,0.02,9,20979,买盘
2275,13:17:52,23.31,0.0,8,18634,买盘
2276,13:17:55,23.3,-0.01,1,2330,中性盘
2277,13:17:58,23.31,0.01,10,23310,买盘
2278,13:18:01,23.3,-0.01,10,23306,卖盘
2279,13:18:06,23.3,0.0,1,2330,买盘
2280,13:18:10,23.3,0.0,9,20970,买盘
2281,13:18:16,23.3,0.0,26,60573,买盘
2282,13:18:18,23.3,0.0,16,37265,买盘
2283,13:18:21,23.3,0.0,16,38440,买盘
2284,13:18:24,23.3,0.0,20,46600,买盘
2285,13:18:28,23.29,-0.01,3,6987,卖盘
2286,13:18:30,23.3,0.01,1,2330,买盘
2287,13:18:33,23.3,0.0,9,20970,买盘
2288,13:18:36,23.29,-0.01,7,16308,卖盘
2289,13:18:39,23.3,0.01,4,9320,买盘
2290,13:18:42,23.3,0.0,30,69880,买盘
2291,13:18:45,23.29,-0.01,11,25620,卖盘
2292,13:18:52,23.29,0.0,16,36100,卖盘
2293,13:18:54,23.29,0.0,33,76854,买盘
2294,13:18:57,23.29,0.0,1,2329,买盘
2295,13:19:04,23.28,-0.01,15,34920,卖盘
2296,13:19:07,23.29,0.01,10,23290,买盘
2297,13:19:10,23.29,0.0,3,6985,买盘
2298,13:19:16,23.29,0.0,73,171132,买盘
2299,13:19:19,23.28,-0.01,2,4656,买盘
2300,13:19:21,23.28,0.0,3,6984,买盘
2301,13:19:24,23.28,0.0,3,6984,买盘
2302,13:19:27,23.28,0.0,10,23280,买盘
2303,13:19:30,23.27,-0.01,22,51194,卖盘
2304,13:19:36,23.28,0.01,10,23271,买盘
2305,13:19:39,23.28,0.0,9,20952,买盘
2306,13:19:46,23.27,-0.01,43,100061,卖盘
2307,13:19:48,23.28,0.01,65,151275,买盘
2308,13:19:54,23.28,0.0,2,4656,买盘
2309,13:19:57,23.27,-0.01,11,25597,卖盘
2310,13:20:00,23.28,0.01,10,23280,买盘
2311,13:20:04,23.27,-0.01,18,41887,卖盘
2312,13:20:06,23.27,0.0,3,6982,卖盘
2313,13:20:12,23.28,0.01,9,20952,买盘
2314,13:20:16,23.28,0.0,18,41904,买盘
2315,13:20:19,23.27,-0.01,25,58189,卖盘
2316,13:20:21,23.28,0.01,9,20952,买盘
2317,13:20:27,23.27,-0.01,38,88426,卖盘
2318,13:20:30,23.28,0.01,1,2328,买盘
2319,13:20:33,23.28,0.0,9,20952,买盘
2320,13:20:40,23.28,0.0,7,16290,买盘
2321,13:20:45,23.28,0.0,34,79148,买盘
2322,13:20:51,23.28,0.0,1,2328,买盘
2323,13:20:54,23.29,0.01,34,79155,买盘
2324,13:20:57,23.28,-0.01,21,48889,中性盘
2325,13:21:06,23.29,0.01,9,20961,买盘
2326,13:21:09,23.29,0.0,1,2329,买盘
2327,13:21:12,23.29,0.0,3,6987,买盘
2328,13:21:15,23.28,-0.01,4,9313,卖盘
2329,13:21:18,23.29,0.01,26,60554,买盘
2330,13:21:21,23.28,-0.01,7,16296,卖盘
2331,13:21:25,23.3,0.02,226,526511,买盘
2332,13:21:28,23.3,0.0,10,23300,买盘
2333,13:21:33,23.29,-0.01,1,2329,卖盘
2334,13:21:36,23.29,0.0,3,6988,卖盘
2335,13:21:40,23.3,0.01,9,20970,买盘
2336,13:21:49,23.31,0.01,4,9321,买盘
2337,13:21:51,23.3,-0.01,11,25640,卖盘
2338,13:22:00,23.31,0.01,10,23310,买盘
2339,13:22:04,23.31,0.0,1,2331,买盘
2340,13:22:06,23.3,-0.01,50,116500,卖盘
2341,13:22:10,23.31,0.01,3,6993,买盘
2342,13:22:13,23.31,0.0,9,20979,买盘
2343,13:22:15,23.31,0.0,2,4661,买盘
2344,13:22:19,23.31,0.0,20,46620,买盘
2345,13:22:22,23.3,-0.01,200,466000,卖盘
2346,13:22:25,23.31,0.01,10,23310,买盘
2347,13:22:28,23.3,-0.01,29,67571,卖盘
2348,13:22:30,23.31,0.01,1,2331,买盘
2349,13:22:34,23.31,0.0,22,51282,买盘
2350,13:22:37,23.3,-0.01,335,780550,卖盘
2351,13:22:40,23.3,0.0,41,95530,买盘
2352,13:22:43,23.3,0.0,7,16310,买盘
2353,13:22:45,23.3,0.0,15,34950,买盘
2354,13:22:48,23.3,0.0,1,2330,买盘
2355,13:22:51,23.29,-0.01,1,2329,卖盘
2356,13:22:55,23.3,0.01,113,263290,买盘
2357,13:22:58,23.3,0.0,10,23300,买盘
2358,13:23:01,23.3,0.0,7,16310,买盘
2359,13:23:06,23.3,0.0,26,60568,买盘
2360,13:23:09,23.3,0.0,22,51260,买盘
2361,13:23:12,23.3,0.0,28,65240,卖盘
2362,13:23:18,23.32,0.02,86,199972,买盘
2363,13:23:22,23.32,0.0,1,2332,买盘
2364,13:23:24,23.31,-0.01,21,49464,卖盘
2365,13:23:31,23.32,0.01,20,46628,买盘
2366,13:23:34,23.32,0.0,101,235533,买盘
2367,13:23:39,23.32,0.0,10,23320,买盘
2368,13:23:45,23.32,0.0,1,2332,买盘
2369,13:23:51,23.32,0.0,9,20988,买盘
2370,13:23:55,23.32,0.0,6,13992,买盘
2371,13:24:01,23.32,0.0,1,2332,买盘
2372,13:24:04,23.32,0.0,9,20988,买盘
2373,13:24:07,23.31,-0.01,15,34965,卖盘
2374,13:24:12,23.31,0.0,1,2331,买盘
2375,13:24:16,23.32,0.01,9,20985,买盘
2376,13:24:18,23.3,-0.02,19,44304,卖盘
2377,13:24:25,23.32,0.02,12,27983,买盘
2378,13:24:27,23.31,-0.01,18,41958,卖盘
2379,13:24:31,23.31,0.0,47,108438,卖盘
2380,13:24:36,23.31,0.0,17,40804,卖盘
2381,13:24:39,23.31,0.0,4,9324,买盘
2382,13:24:42,23.3,-0.01,6,13980,卖盘
2383,13:24:49,23.32,0.02,10,23316,买盘
2384,13:24:51,23.32,0.0,1,2332,买盘
2385,13:24:54,23.3,-0.02,12,27976,卖盘
2386,13:24:57,23.32,0.02,19,44308,买盘
2387,13:25:00,23.32,0.0,3,6996,买盘
2388,13:25:04,23.32,0.0,1,2332,买盘
2389,13:25:06,23.31,-0.01,6,13989,卖盘
2390,13:25:09,23.32,0.01,9,19822,买盘
2391,13:25:16,23.33,0.01,50,116650,买盘
2392,13:25:18,23.32,-0.01,18,41990,卖盘
2393,13:25:21,23.33,0.01,10,23330,买盘
2394,13:25:28,23.33,0.0,9,20997,买盘
2395,13:25:30,23.33,0.0,10,23330,买盘
2396,13:25:33,23.33,0.0,9,20997,买盘
2397,13:25:39,23.33,0.0,30,69990,买盘
2398,13:25:42,23.33,0.0,15,34995,买盘
2399,13:25:45,23.32,-0.01,4,10494,卖盘
2400,13:25:51,23.32,0.0,3,6996,买盘
2401,13:25:54,23.3,-0.02,143,333227,卖盘
2402,13:25:58,23.33,0.03,26,59469,买盘
2403,13:26:00,23.33,0.0,5,11665,买盘
2404,13:26:04,23.33,0.0,10,23330,买盘
2405,13:26:09,23.33,0.0,11,25663,买盘
2406,13:26:12,23.32,-0.01,1,2332,卖盘
2407,13:26:15,23.33,0.01,10,24490,买盘
2408,13:26:18,23.33,0.0,16,37328,买盘
2409,13:26:22,23.33,0.0,15,34995,买盘
2410,13:26:27,23.33,0.0,11,25663,买盘
2411,13:26:33,23.33,0.0,10,23330,买盘
2412,13:26:36,23.33,0.0,11,25663,买盘
2413,13:26:45,23.33,0.0,2,4666,买盘
2414,13:26:48,23.33,0.0,13,30329,买盘
2415,13:26:54,23.33,0.0,3,6999,买盘
2416,13:27:01,23.33,0.0,11,25663,买盘
2417,13:27:10,23.33,0.0,13,30329,买盘
2418,13:27:15,23.32,-0.01,3,6996,买盘
2419,13:27:18,23.33,0.01,15,34995,买盘
2420,13:27:21,23.33,0.0,10,23330,买盘
2421,13:27:27,23.32,-0.01,4,9328,卖盘
2422,13:27:31,23.32,0.0,4,9328,买盘
2423,13:27:33,23.32,0.0,29,67609,买盘
2424,13:27:36,23.32,0.0,70,163240,买盘
2425,13:27:39,23.32,0.0,1,2332,买盘
2426,13:27:42,23.32,0.0,10,23320,买盘
2427,13:27:55,23.31,-0.01,310,722416,卖盘
2428,13:28:01,23.32,0.01,3,6996,买盘
2429,13:28:07,23.32,0.0,10,23320,买盘
2430,13:28:09,23.32,0.0,23,53636,买盘
2431,13:28:15,23.32,0.0,10,23320,买盘
2432,13:28:18,23.3,-0.02,42,97884,卖盘
2433,13:28:25,23.32,0.02,3,6996,买盘
2434,13:28:27,23.32,0.0,11,25648,买盘
2435,13:28:33,23.31,-0.01,1,2331,中性盘
2436,13:28:39,23.32,0.01,8,18656,买盘
2437,13:28:42,23.3,-0.02,1,2330,卖盘
2438,13:28:46,23.32,0.02,1,2332,买盘
2439,13:28:48,23.32,0.0,13,30314,买盘
2440,13:28:57,23.32,0.0,2,4664,买盘
2441,13:29:00,23.31,-0.01,19,44279,中性盘
2442,13:29:13,23.31,0.0,11,25641,买盘
2443,13:29:16,23.3,-0.01,5,11650,卖盘
2444,13:29:18,23.31,0.01,9,20977,买盘
2445,13:29:21,23.31,0.0,15,34965,买盘
2446,13:29:24,23.3,-0.01,5,11651,卖盘
2447,13:29:30,23.3,0.0,2,4660,卖盘
2448,13:29:33,23.31,0.01,9,20979,买盘
2449,13:29:36,23.31,0.0,1,2331,买盘
2450,13:29:43,23.31,0.0,3,6993,买盘
2451,13:29:45,23.31,0.0,10,23310,买盘
2452,13:29:52,23.31,0.0,1,2331,买盘
2453,13:29:54,23.31,0.0,49,114179,买盘
2454,13:30:00,23.3,-0.01,43,100190,卖盘
2455,13:30:04,23.31,0.01,1,2331,买盘
2456,13:30:06,23.31,0.0,15,34961,买盘
2457,13:30:09,23.3,-0.01,24,55930,卖盘
2458,13:30:16,23.3,0.0,15,34950,卖盘
2459,13:30:18,23.31,0.01,27,62937,买盘
2460,13:30:21,23.3,-0.01,34,79221,卖盘
2461,13:30:28,23.31,0.01,24,55930,买盘
2462,13:30:30,23.3,-0.01,28,65240,卖盘
2463,13:30:34,23.3,0.0,1,2330,买盘
2464,13:30:37,23.31,0.01,137,319296,买盘
2465,13:30:39,23.3,-0.01,36,82727,中性盘
2466,13:30:43,23.3,0.0,3,6990,卖盘
2467,13:30:46,23.31,0.01,21,48931,中性盘
2468,13:30:51,23.3,-0.01,10,24475,买盘
2469,13:30:58,23.3,0.0,29,67570,买盘
2470,13:31:01,23.3,0.0,11,25629,买盘
2471,13:31:04,23.29,-0.01,2,4658,卖盘
2472,13:31:09,23.29,0.0,22,51238,卖盘
2473,13:31:13,23.29,0.0,16,37275,卖盘
2474,13:31:15,23.29,0.0,4,9316,卖盘
2475,13:31:18,23.29,0.0,15,34943,卖盘
2476,13:31:21,23.29,0.0,11,24462,卖盘
2477,13:31:25,23.29,0.0,11,25629,卖盘
2478,13:31:31,23.29,0.0,15,36100,卖盘
2479,13:31:37,23.3,0.01,54,125770,买盘
2480,13:31:40,23.28,-0.02,2,4656,卖盘
2481,13:31:43,23.28,0.0,3,6984,卖盘
2482,13:31:49,23.28,0.0,38,88473,卖盘
2483,13:31:51,23.29,0.01,3,6987,买盘
2484,13:31:55,23.28,-0.01,16,37248,卖盘
2485,13:31:57,23.28,0.0,28,65184,卖盘
2486,13:32:04,23.29,0.01,6,13969,买盘
2487,13:32:07,23.28,-0.01,4,9309,买盘
2488,13:32:10,23.28,0.0,17,39569,买盘
2489,13:32:16,23.27,-0.01,19,44214,卖盘
2490,13:32:19,23.28,0.01,17,39576,买盘
2491,13:32:22,23.27,-0.01,12,27930,卖盘
2492,13:32:25,23.27,0.0,12,27924,买盘
2493,13:32:27,23.27,0.0,24,55848,卖盘
2494,13:32:31,23.28,0.01,10,23280,买盘
2495,13:32:34,23.28,0.0,3,6984,买盘
2496,13:32:37,23.27,-0.01,15,34905,卖盘
2497,13:32:40,23.27,0.0,1,2327,卖盘
2498,13:32:43,23.27,0.0,67,155919,卖盘
2499,13:32:46,23.28,0.01,8,18617,买盘
2500,13:32:52,23.27,-0.01,18,41886,买盘
2501,13:32:54,23.28,0.01,14,32579,买盘
2502,13:32:57,23.27,-0.01,11,25597,卖盘
2503,13:33:04,23.27,0.0,39,90753,卖盘
2504,13:33:10,23.27,0.0,65,151226,买盘
2505,13:33:13,23.27,0.0,11,25599,卖盘
2506,13:33:15,23.27,0.0,15,34914,卖盘
2507,13:33:19,23.28,0.01,21,48876,买盘
2508,13:33:21,23.28,0.0,40,93116,买盘
2509,13:33:24,23.29,0.01,11,25617,买盘
2510,13:33:28,23.28,-0.01,1,2328,卖盘
2511,13:33:31,23.28,0.0,22,51219,卖盘
2512,13:33:34,23.28,0.0,1,2328,买盘
2513,13:33:37,23.28,0.0,59,137302,买盘
2514,13:33:40,23.28,0.0,1,2328,买盘
2515,13:33:42,23.28,0.0,27,62856,买盘
2516,13:33:46,23.27,-0.01,10,23270,卖盘
2517,13:33:49,23.27,0.0,12,27935,卖盘
2518,13:33:52,23.28,0.01,1,2328,买盘
2519,13:33:55,23.28,0.0,20,46560,买盘
2520,13:33:58,23.28,0.0,10,23280,买盘
2521,13:34:00,23.28,0.0,1,2328,买盘
2522,13:34:04,23.28,0.0,10,23280,买盘
2523,13:34:10,23.28,0.0,10,23280,买盘
2524,13:34:13,23.28,0.0,31,72138,买盘
2525,13:34:16,23.28,0.0,1,2328,买盘
2526,13:34:19,23.28,0.0,5,11640,买盘
2527,13:34:22,23.28,0.0,15,34920,买盘
2528,13:34:24,23.28,0.0,2,4656,卖盘
2529,13:34:28,23.29,0.01,4,9316,买盘
2530,13:34:31,23.29,0.0,15,34930,买盘
2531,13:34:34,23.28,-0.01,9,20954,卖盘
2532,13:34:37,23.28,0.0,1,2328,卖盘
2533,13:34:40,23.29,0.01,1,2329,买盘
2534,13:34:43,23.29,0.0,9,20961,买盘
2535,13:34:49,23.28,-0.01,20,45396,卖盘
2536,13:34:51,23.28,0.0,34,79153,卖盘
2537,13:34:54,23.28,0.0,16,37258,卖盘
2538,13:34:57,23.28,0.0,24,55892,卖盘
2539,13:35:04,23.29,0.01,10,23290,买盘
2540,13:35:06,23.28,-0.01,3,6985,卖盘
2541,13:35:10,23.28,0.0,68,158304,卖盘
2542,13:35:16,23.29,0.01,10,23290,买盘
2543,13:35:19,23.29,0.0,1,2329,买盘
2544,13:35:22,23.28,-0.01,12,27946,卖盘
2545,13:35:25,23.29,0.01,3,6987,买盘
2546,13:35:28,23.29,0.0,10,23290,买盘
2547,13:35:30,23.28,-0.01,49,115236,卖盘
2548,13:35:37,23.28,0.0,10,23280,买盘
2549,13:35:39,23.27,-0.01,6,13962,卖盘
2550,13:35:45,23.28,0.01,7,16296,买盘
2551,13:35:48,23.28,0.0,11,25608,买盘
2552,13:35:51,23.28,0.0,22,51216,买盘
2553,13:35:58,23.28,0.0,7,16290,买盘
2554,13:36:01,23.28,0.0,10,23280,买盘
2555,13:36:04,23.27,-0.01,198,460746,卖盘
2556,13:36:09,23.27,0.0,11,25597,买盘
2557,13:36:16,23.27,0.0,15,34904,买盘
2558,13:36:22,23.27,0.0,31,72135,买盘
2559,13:36:24,23.26,-0.01,11,25587,卖盘
2560,13:36:28,23.27,0.01,13,30251,买盘
2561,13:36:31,23.26,-0.01,1,2326,卖盘
2562,13:36:33,23.27,0.01,13,30251,买盘
2563,13:36:37,23.27,0.0,1,2327,买盘
2564,13:36:40,23.26,-0.01,64,148864,卖盘
2565,13:36:43,23.27,0.01,21,48855,买盘
2566,13:36:46,23.26,-0.01,9,20934,卖盘
2567,13:36:49,23.27,0.01,1,2327,买盘
2568,13:36:55,23.27,0.0,10,23270,买盘
2569,13:37:04,23.26,-0.01,57,132583,卖盘
2570,13:37:07,23.26,0.0,20,46528,卖盘
2571,13:37:10,23.26,0.0,1,2326,卖盘
2572,13:37:16,23.26,0.0,77,179103,卖盘
2573,13:37:19,23.27,0.01,10,23270,买盘
2574,13:37:22,23.27,0.0,19,44212,买盘
2575,13:37:25,23.26,-0.01,4,9304,卖盘
2576,13:37:27,23.27,0.01,11,25596,买盘
2577,13:37:31,23.26,-0.01,10,23260,卖盘
2578,13:37:33,23.26,0.0,24,55824,卖盘
2579,13:37:37,23.26,0.0,6,13956,卖盘
2580,13:37:39,23.26,0.0,19,44203,卖盘
2581,13:37:43,23.26,0.0,1,2326,买盘
2582,13:37:48,23.25,-0.01,17,39525,卖盘
2583,13:37:51,23.26,0.01,9,20934,买盘
2584,13:37:54,23.26,0.0,1,2326,买盘
2585,13:37:58,23.25,-0.01,28,65100,卖盘
2586,13:38:04,23.25,0.0,10,23250,买盘
2587,13:38:06,23.24,-0.01,6,13945,卖盘
2588,13:38:09,23.24,0.0,1,2324,卖盘
2589,13:38:12,23.24,0.0,32,74377,卖盘
2590,13:38:16,23.25,0.01,3,6975,买盘
2591,13:38:18,23.25,0.0,1,2325,买盘
2592,13:38:21,23.25,0.0,14,32550,买盘
2593,13:38:24,23.24,-0.01,62,144098,卖盘
2594,13:38:28,23.24,0.0,7,16273,卖盘
2595,13:38:34,23.24,0.0,12,27887,买盘
2596,13:38:37,23.24,0.0,2,4648,买盘
2597,13:38:42,23.24,0.0,4,9296,买盘
2598,13:38:45,23.24,0.0,17,38342,买盘
2599,13:38:57,23.24,0.0,9,20916,买盘
2600,13:39:01,23.24,0.0,6,13939,买盘
2601,13:39:04,23.24,0.0,26,60419,买盘
2602,13:39:07,23.23,-0.01,30,69712,卖盘
2603,13:39:09,23.24,0.01,18,41832,买盘
2604,13:39:12,23.24,0.0,14,32536,买盘
2605,13:39:15,23.24,0.0,4,9296,卖盘
2606,13:39:18,23.25,0.01,9,20925,买盘
2607,13:39:21,23.25,0.0,32,74397,买盘
2608,13:39:25,23.25,0.0,32,74370,买盘
2609,13:39:27,23.24,-0.01,3,6972,卖盘
2610,13:39:30,23.25,0.01,9,20925,买盘
2611,13:39:33,23.25,0.0,49,113925,买盘
2612,13:39:36,23.24,-0.01,2,4648,卖盘
2613,13:39:40,23.26,0.02,2,4651,买盘
2614,13:39:43,23.26,0.0,10,23260,买盘
2615,13:39:52,23.26,0.0,24,55811,买盘
2616,13:40:00,23.26,0.0,8,18604,买盘
2617,13:40:04,23.26,0.0,45,104679,买盘
2618,13:40:06,23.26,0.0,1,2326,中性盘
2619,13:40:09,23.27,0.01,47,109338,买盘
2620,13:40:15,23.27,0.0,10,23269,买盘
2621,13:40:22,23.27,0.0,32,74433,买盘
2622,13:40:25,23.26,-0.01,9,20934,中性盘
2623,13:40:28,23.26,0.0,3,6978,中性盘
2624,13:40:30,23.25,-0.01,10,23250,卖盘
2625,13:40:34,23.27,0.02,4,9305,买盘
2626,13:40:36,23.26,-0.01,16,37216,中性盘
2627,13:40:40,23.26,0.0,12,27923,卖盘
2628,13:40:46,23.27,0.01,17,39559,买盘
2629,13:40:48,23.27,0.0,9,20943,买盘
2630,13:40:54,23.27,0.0,3,6981,买盘
2631,13:40:57,23.27,0.0,11,25595,买盘
2632,13:41:00,23.27,0.0,1,2327,买盘
2633,13:41:04,23.26,-0.01,5,11630,卖盘
2634,13:41:06,23.26,0.0,23,53501,卖盘
2635,13:41:09,23.27,0.01,14,32578,买盘
2636,13:41:12,23.26,-0.01,47,109323,卖盘
2637,13:41:18,23.26,0.0,46,106996,买盘
2638,13:41:21,23.27,0.01,48,111666,买盘
2639,13:41:24,23.27,0.0,1,2327,买盘
2640,13:41:31,23.27,0.0,10,23270,买盘
2641,13:41:33,23.25,-0.02,100,232584,卖盘
2642,13:41:39,23.27,0.02,205,476835,买盘
2643,13:41:43,23.25,-0.02,11,25575,中性盘
2644,13:41:46,23.24,-0.01,5,11620,卖盘
2645,13:41:49,23.25,0.01,24,55800,买盘
2646,13:41:52,23.24,-0.01,77,178949,卖盘
2647,13:41:55,23.24,0.0,8,18592,买盘
2648,13:42:01,23.24,0.0,10,23240,买盘
2649,13:42:04,23.24,0.0,40,92930,买盘
2650,13:42:07,23.24,0.0,2,4648,买盘
2651,13:42:10,23.23,-0.01,1,2323,卖盘
2652,13:42:13,23.24,0.01,18,41832,买盘
2653,13:42:15,23.23,-0.01,63,146358,卖盘
2654,13:42:19,23.23,0.0,9,20908,卖盘
2655,13:42:21,23.24,0.01,27,62748,买盘
2656,13:42:25,23.23,-0.01,10,23230,卖盘
2657,13:42:28,23.23,0.0,36,83637,卖盘
2658,13:42:31,23.23,0.0,29,68528,卖盘
2659,13:42:34,23.22,-0.01,15,34830,卖盘
2660,13:42:37,23.22,0.0,24,55742,卖盘
2661,13:42:39,23.22,0.0,21,48762,卖盘
2662,13:42:43,23.24,0.02,2,4647,买盘
2663,13:42:46,23.24,0.0,119,275394,买盘
2664,13:42:49,23.25,0.01,21,49971,买盘
2665,13:42:52,23.24,-0.01,20,46480,买盘
2666,13:42:55,23.24,0.0,4,9296,卖盘
2667,13:42:58,23.25,0.01,4,9299,买盘
2668,13:43:01,23.23,-0.02,14,32548,卖盘
2669,13:43:06,23.22,-0.01,48,111457,卖盘
2670,13:43:10,23.25,0.03,11,25555,买盘
2671,13:43:12,23.22,-0.03,24,55728,卖盘
2672,13:43:15,23.24,0.02,20,46480,卖盘
2673,13:43:21,23.23,-0.01,21,48783,买盘
2674,13:43:24,23.22,-0.01,40,92896,卖盘
2675,13:43:33,23.25,0.03,10,23250,买盘
2676,13:43:36,23.22,-0.03,12,27877,卖盘
2677,13:43:45,23.23,0.01,9,20907,买盘
2678,13:43:48,23.23,0.0,3,6967,买盘
2679,13:43:51,23.22,-0.01,42,97555,卖盘
2680,13:43:54,23.22,0.0,125,290250,卖盘
2681,13:44:00,23.22,0.0,5,11610,买盘
2682,13:44:04,23.21,-0.01,19,44099,卖盘
2683,13:44:07,23.22,0.01,20,46440,买盘
2684,13:44:12,23.23,0.01,65,150995,买盘
2685,13:44:15,23.23,0.0,31,72014,卖盘
2686,13:44:18,23.23,0.0,20,46470,卖盘
2687,13:44:21,23.23,0.0,38,88280,卖盘
2688,13:44:27,23.23,0.0,15,34845,买盘
2689,13:44:30,23.22,-0.01,2,4644,卖盘
2690,13:44:33,23.23,0.01,46,106858,买盘
2691,13:44:36,23.23,0.0,9,20913,卖盘
2692,13:44:39,23.24,0.01,10,23240,买盘
2693,13:44:46,23.24,0.0,5,11618,买盘
2694,13:44:48,23.23,-0.01,1,2323,卖盘
2695,13:44:51,23.25,0.02,12,27893,买盘
2696,13:44:55,23.23,-0.02,4,9293,卖盘
2697,13:45:00,23.24,0.01,10,23239,买盘
2698,13:45:04,23.23,-0.01,3,6970,卖盘
2699,13:45:06,23.25,0.02,1,2325,买盘
2700,13:45:09,23.25,0.0,7,16275,买盘
2701,13:45:13,23.25,0.0,10,23248,买盘
2702,13:45:16,23.23,-0.02,2,3484,卖盘
2703,13:45:19,23.24,0.01,1,2324,买盘
2704,13:45:22,23.25,0.01,10,23248,买盘
2705,13:45:24,23.25,0.0,16,37200,买盘
2706,13:45:34,23.25,0.0,11,25575,买盘
2707,13:45:40,23.23,-0.02,5,11615,卖盘
2708,13:45:43,23.23,0.0,1,2323,卖盘
2709,13:45:46,23.24,0.01,10,23240,买盘
2710,13:45:49,23.24,0.0,3,6972,买盘
2711,13:45:52,23.23,-0.01,44,103374,卖盘
2712,13:45:55,23.23,0.0,2,4646,买盘
2713,13:45:58,23.23,0.0,11,25553,买盘
2714,13:46:01,23.23,0.0,23,53428,买盘
2715,13:46:04,23.23,0.0,57,131250,买盘
2716,13:46:06,23.24,0.01,23,53438,买盘
2717,13:46:10,23.23,-0.01,5,11615,卖盘
2718,13:46:12,23.23,0.0,17,40654,卖盘
2719,13:46:15,23.22,-0.01,259,601419,卖盘
2720,13:46:19,23.22,0.0,10,23220,买盘
2721,13:46:22,23.22,0.0,7,16254,买盘
2722,13:46:25,23.22,0.0,7,16254,买盘
2723,13:46:28,23.21,-0.01,15,34825,卖盘
2724,13:46:31,23.21,0.0,97,225147,卖盘
2725,13:46:34,23.2,-0.01,236,546930,卖盘
2726,13:46:36,23.21,0.01,2,4642,中性盘
2727,13:46:40,23.21,0.0,9,20889,买盘
2728,13:46:42,23.2,-0.01,3,6960,卖盘
2729,13:46:45,23.2,0.0,45,105006,卖盘
2730,13:46:52,23.19,-0.01,80,185545,卖盘
2731,13:46:55,23.19,0.0,30,69570,卖盘
2732,13:46:57,23.19,0.0,15,34785,卖盘
2733,13:47:01,23.19,0.0,44,102048,卖盘
2734,13:47:04,23.19,0.0,55,127555,卖盘
2735,13:47:07,23.18,-0.01,15,34776,卖盘
2736,13:47:10,23.18,0.0,53,122857,卖盘
2737,13:47:13,23.19,0.01,9,20871,买盘
2738,13:47:16,23.19,0.0,1,2319,买盘
2739,13:47:19,23.18,-0.01,6,13908,卖盘
2740,13:47:22,23.18,0.0,1,2318,卖盘
2741,13:47:25,23.19,0.01,58,134437,买盘
2742,13:47:31,23.18,-0.01,1,2318,买盘
2743,13:47:37,23.16,-0.02,18,41722,卖盘
2744,13:47:42,23.16,0.0,68,157496,卖盘
2745,13:47:46,23.16,0.0,30,69480,卖盘
2746,13:47:49,23.16,0.0,10,23160,买盘
2747,13:47:55,23.16,0.0,49,113436,买盘
2748,13:47:58,23.16,0.0,19,44001,买盘
2749,13:48:00,23.15,-0.01,46,106490,卖盘
2750,13:48:06,23.15,0.0,13,30095,卖盘
2751,13:48:09,23.15,0.0,11,25465,买盘
2752,13:48:19,23.14,-0.01,19,43978,卖盘
2753,13:48:22,23.15,0.01,4,9259,买盘
2754,13:48:25,23.15,0.0,20,46295,买盘
2755,13:48:28,23.14,-0.01,21,48597,卖盘
2756,13:48:31,23.14,0.0,49,113425,卖盘
2757,13:48:34,23.14,0.0,18,41652,卖盘
2758,13:48:39,23.14,0.0,31,71734,买盘
2759,13:48:42,23.14,0.0,76,175755,买盘
2760,13:48:46,23.14,0.0,1,2314,买盘
2761,13:48:49,23.12,-0.02,25,57802,卖盘
2762,13:48:52,23.12,0.0,30,69360,买盘
2763,13:48:55,23.12,0.0,8,18496,卖盘
2764,13:48:58,23.12,0.0,3,6936,卖盘
2765,13:49:01,23.13,0.01,51,117892,买盘
2766,13:49:04,23.13,0.0,39,90153,买盘
2767,13:49:09,23.12,-0.01,12,27733,买盘
2768,13:49:13,23.13,0.01,3,6939,买盘
2769,13:49:15,23.11,-0.02,22,50864,卖盘
2770,13:49:18,23.13,0.02,5,11565,买盘
2771,13:49:21,23.13,0.0,10,23130,买盘
2772,13:49:25,23.13,0.0,30,69390,买盘
2773,13:49:28,23.11,-0.02,41,94804,卖盘
2774,13:49:33,23.12,0.01,11,25433,卖盘
2775,13:49:37,23.14,0.02,9,20826,买盘
