,time,price,change,volume,amount,type
0,09:25:04,6.59,-0.02,55,36245,卖盘
1,09:30:04,6.58,-0.01,5,3290,中性盘
2,09:30:10,6.57,-0.01,4,2628,卖盘
3,09:30:16,6.57,0.0,6,3942,卖盘
4,09:30:19,6.57,0.0,24,15788,卖盘
5,09:30:22,6.58,0.01,9,5919,买盘
6,09:30:25,6.58,0.0,1,658,买盘
7,09:30:37,6.58,0.0,1,658,买盘
8,09:30:43,6.57,-0.01,5,3285,卖盘
9,09:30:46,6.58,0.01,1,658,买盘
10,09:30:52,6.56,-0.02,40,26242,卖盘
11,09:31:10,6.55,-0.01,55,36025,卖盘
12,09:31:21,6.55,0.0,6,3930,买盘
13,09:31:28,6.54,-0.01,5,3270,卖盘
14,09:31:37,6.54,0.0,3,1962,卖盘
15,09:31:40,6.54,0.0,47,30738,卖盘
16,09:31:43,6.55,0.01,10,6550,买盘
17,09:31:49,6.57,0.02,5,3285,买盘
18,09:32:06,6.57,0.0,6,3942,买盘
19,09:32:13,6.56,-0.01,14,9184,卖盘
20,09:32:16,6.56,0.0,4,2624,买盘
21,09:32:22,6.55,-0.01,10,6550,卖盘
22,09:32:25,6.55,0.0,36,23586,卖盘
23,09:32:34,6.56,0.01,6,3936,买盘
24,09:32:36,6.56,0.0,1,656,买盘
25,09:32:39,6.56,0.0,83,54448,买盘
26,09:32:43,6.57,0.01,1,657,买盘
27,09:32:52,6.57,0.0,10,6570,中性盘
28,09:33:00,6.58,0.01,15,9870,买盘
29,09:33:25,6.58,0.0,3,1974,买盘
30,09:33:37,6.57,-0.01,11,7227,卖盘
31,09:33:46,6.57,0.0,27,17719,买盘
32,09:33:55,6.56,-0.01,5,3280,买盘
33,09:34:04,6.55,-0.01,21,13775,卖盘
34,09:34:10,6.54,-0.01,59,38586,卖盘
35,09:34:25,6.54,0.0,35,22893,卖盘
36,09:34:33,6.57,0.03,30,19710,买盘
37,09:34:43,6.56,-0.01,1,656,买盘
38,09:34:46,6.56,0.0,51,33456,买盘
39,09:34:55,6.56,0.0,32,21023,卖盘
40,09:35:07,6.59,0.03,93,61241,买盘
41,09:35:18,6.59,0.0,32,21088,买盘
42,09:35:49,6.59,0.0,3,1977,买盘
43,09:35:55,6.59,0.0,20,13180,买盘
44,09:36:19,6.59,0.0,1,659,买盘
45,09:36:25,6.59,0.0,2,1318,买盘
46,09:36:34,6.58,-0.01,4,2632,卖盘
47,09:36:37,6.56,-0.02,120,78856,卖盘
48,09:36:55,6.58,0.02,1,658,买盘
49,09:37:22,6.56,-0.02,4,2624,卖盘
50,09:37:25,6.56,0.0,6,3936,卖盘
51,09:37:28,6.56,0.0,10,6560,卖盘
52,09:37:31,6.56,0.0,17,11152,卖盘
53,09:37:34,6.55,-0.01,125,82079,卖盘
54,09:37:43,6.57,0.02,10,6570,买盘
55,09:37:46,6.55,-0.02,80,52400,卖盘
56,09:37:48,6.56,0.01,68,44608,卖盘
57,09:37:55,6.55,-0.01,66,43231,卖盘
58,09:38:01,6.55,0.0,4,2620,买盘
59,09:38:04,6.55,0.0,32,20960,买盘
60,09:38:07,6.55,0.0,3,1965,卖盘
61,09:38:16,6.55,0.0,100,65500,买盘
62,09:39:13,6.55,0.0,41,26855,卖盘
63,09:39:19,6.55,0.0,17,11135,卖盘
64,09:39:43,6.56,0.01,32,20992,买盘
65,09:39:58,6.56,0.0,20,13120,买盘
66,09:40:46,6.56,0.0,5,3280,买盘
67,09:40:49,6.56,0.0,10,6560,卖盘
68,09:40:57,6.56,0.0,1,656,卖盘
69,09:41:19,6.57,0.01,1,657,买盘
70,09:41:25,6.57,0.0,2,1314,买盘
71,09:41:34,6.57,0.0,68,44676,买盘
72,09:41:55,6.56,-0.01,1,656,卖盘
73,09:42:10,6.57,0.01,1,657,买盘
74,09:42:16,6.57,0.0,1,657,买盘
75,09:42:28,6.56,-0.01,30,19680,卖盘
76,09:42:31,6.56,0.0,2,1312,卖盘
77,09:42:57,6.56,0.0,1,656,卖盘
78,09:43:10,6.56,0.0,30,19680,卖盘
79,09:43:18,6.57,0.01,1,657,买盘
80,09:43:21,6.57,0.0,17,11169,买盘
81,09:43:54,6.57,0.0,3,1971,买盘
82,09:43:58,6.56,-0.01,1,656,卖盘
83,09:44:12,6.57,0.01,50,32850,买盘
84,09:44:25,6.57,0.0,1,657,买盘
85,09:44:28,6.56,-0.01,2,1312,卖盘
86,09:44:31,6.56,0.0,1,656,卖盘
87,09:44:37,6.57,0.01,20,13140,买盘
88,09:45:13,6.57,0.0,5,3285,卖盘
89,09:45:25,6.58,0.01,81,53218,买盘
90,09:45:28,6.57,-0.01,15,9855,卖盘
91,09:45:31,6.58,0.01,4,2631,买盘
92,09:45:58,6.57,-0.01,7,4599,卖盘
93,09:46:13,6.57,0.0,29,19053,卖盘
94,09:46:25,6.56,-0.01,1,656,卖盘
95,09:46:43,6.57,0.01,10,6570,买盘
96,09:46:57,6.56,-0.01,1,656,卖盘
97,09:47:07,6.55,-0.01,246,161217,卖盘
98,09:47:31,6.55,0.0,6,3930,卖盘
99,09:47:40,6.55,0.0,3,1965,卖盘
100,09:47:46,6.56,0.01,20,13120,买盘
101,09:47:58,6.56,0.0,11,7216,卖盘
102,09:48:25,6.56,0.0,1,656,卖盘
103,09:48:55,6.58,0.02,209,137369,买盘
104,09:48:57,6.57,-0.01,2,1314,卖盘
105,09:49:10,6.57,0.0,1,657,买盘
106,09:49:40,6.58,0.01,1,658,买盘
107,09:49:48,6.58,0.0,1,658,买盘
108,09:49:58,6.57,-0.01,1,657,卖盘
109,09:50:10,6.56,-0.01,15,9841,卖盘
110,09:50:16,6.58,0.02,30,19734,买盘
111,09:50:19,6.57,-0.01,5,3285,买盘
112,09:50:40,6.57,0.0,9,5913,买盘
113,09:50:42,6.57,0.0,10,6570,买盘
114,09:50:54,6.58,0.01,16,10528,买盘
115,09:51:01,6.57,-0.01,1,657,卖盘
116,09:51:18,6.58,0.01,3,1974,买盘
117,09:51:25,6.58,0.0,2,1316,买盘
118,09:51:40,6.57,-0.01,13,8541,卖盘
119,09:51:43,6.57,0.0,7,4599,买盘
120,09:51:55,6.58,0.01,1,658,买盘
121,09:51:58,6.57,-0.01,1,657,卖盘
122,09:52:13,6.57,0.0,7,4599,卖盘
123,09:52:15,6.58,0.01,11,7238,买盘
124,09:52:22,6.57,-0.01,1,657,卖盘
125,09:52:25,6.57,0.0,2,1314,卖盘
126,09:52:28,6.57,0.0,1,657,卖盘
127,09:52:55,6.58,0.01,1,658,买盘
128,09:52:58,6.57,-0.01,1,657,卖盘
129,09:53:43,6.57,0.0,10,6570,卖盘
130,09:53:48,6.57,0.0,9,5913,卖盘
131,09:54:16,6.57,0.0,1,657,卖盘
132,09:54:55,6.57,0.0,5,3285,卖盘
133,09:54:58,6.57,0.0,42,27594,卖盘
134,09:55:01,6.57,0.0,1,657,卖盘
135,09:55:04,6.58,0.01,82,53908,买盘
136,09:55:06,6.56,-0.02,6,3936,卖盘
137,09:55:10,6.56,0.0,3,1968,卖盘
138,09:55:13,6.56,0.0,3,1968,卖盘
139,09:55:31,6.58,0.02,254,167119,买盘
140,09:55:52,6.59,0.01,44,28996,买盘
141,09:55:58,6.58,-0.01,1,658,卖盘
142,09:56:10,6.58,0.0,1,658,卖盘
143,09:56:31,6.59,0.01,75,49425,买盘
144,09:56:40,6.59,0.0,19,12521,买盘
145,09:56:48,6.59,0.0,53,34927,买盘
146,09:56:58,6.59,0.0,1,659,卖盘
147,09:57:10,6.6,0.01,1,660,买盘
148,09:57:19,6.6,0.0,1,660,买盘
149,09:57:40,6.59,-0.01,1,659,卖盘
150,09:57:46,6.6,0.01,13,8580,买盘
151,09:57:55,6.59,-0.01,1,659,卖盘
152,09:57:58,6.59,0.0,1,659,卖盘
153,09:58:22,6.59,0.0,9,5931,卖盘
154,09:58:37,6.59,0.0,10,6590,卖盘
155,09:58:55,6.6,0.01,2,1320,买盘
156,09:58:58,6.59,-0.01,1,659,卖盘
157,09:59:25,6.6,0.01,1,660,买盘
158,09:59:27,6.59,-0.01,1,659,卖盘
159,09:59:34,6.59,0.0,1,659,卖盘
160,09:59:58,6.59,0.0,1,659,卖盘
161,10:00:04,6.59,0.0,1,659,卖盘
162,10:00:07,6.59,0.0,10,6590,卖盘
163,10:00:10,6.58,-0.01,46,30311,卖盘
164,10:00:16,6.58,0.0,3,1974,卖盘
165,10:00:19,6.58,0.0,6,3948,卖盘
166,10:00:22,6.58,0.0,23,15154,卖盘
167,10:00:28,6.58,0.0,1,658,卖盘
168,10:00:31,6.58,0.0,2,1316,卖盘
169,10:00:34,6.58,0.0,3,1974,卖盘
170,10:01:01,6.58,0.0,1,658,卖盘
171,10:01:03,6.58,0.0,1,658,卖盘
172,10:01:07,6.58,0.0,3,1974,卖盘
173,10:01:51,6.58,0.0,1,658,卖盘
174,10:02:07,6.58,0.0,26,17108,卖盘
175,10:02:58,6.57,-0.01,1,657,卖盘
176,10:03:04,6.57,0.0,1,657,卖盘
177,10:03:39,6.58,0.01,101,66457,买盘
178,10:03:43,6.57,-0.01,89,58473,卖盘
179,10:03:51,6.57,0.0,1,657,卖盘
180,10:03:58,6.57,0.0,1,657,卖盘
181,10:04:15,6.58,0.01,7,4606,买盘
182,10:04:40,6.58,0.0,1,658,买盘
183,10:05:01,6.57,-0.01,1,657,卖盘
184,10:05:39,6.58,0.01,16,10528,买盘
185,10:05:46,6.57,-0.01,1,657,卖盘
186,10:06:00,6.58,0.01,32,21056,买盘
187,10:06:25,6.58,0.0,16,10527,买盘
188,10:06:30,6.58,0.0,1,658,卖盘
189,10:06:45,6.58,0.0,2,1316,卖盘
190,10:06:52,6.58,0.0,1,658,买盘
191,10:07:07,6.57,-0.01,66,43362,卖盘
192,10:07:16,6.57,0.0,40,26280,卖盘
193,10:07:18,6.57,0.0,3,1971,卖盘
194,10:07:25,6.57,0.0,63,41391,卖盘
195,10:07:28,6.57,0.0,1,657,卖盘
196,10:07:31,6.57,0.0,49,32193,卖盘
197,10:07:43,6.56,-0.01,1,656,卖盘
198,10:07:46,6.56,0.0,3,1968,卖盘
199,10:07:51,6.56,0.0,43,28208,卖盘
200,10:07:58,6.56,0.0,35,22960,卖盘
201,10:08:04,6.56,0.0,1,656,卖盘
202,10:08:07,6.56,0.0,11,7216,卖盘
203,10:08:10,6.56,0.0,20,13120,卖盘
204,10:08:16,6.56,0.0,42,27552,卖盘
205,10:08:28,6.56,0.0,162,106272,卖盘
206,10:08:31,6.57,0.01,16,10512,买盘
207,10:08:51,6.56,-0.01,6,3936,卖盘
208,10:09:06,6.56,0.0,1,656,卖盘
209,10:09:13,6.56,0.0,55,36080,卖盘
210,10:09:37,6.56,0.0,1,656,卖盘
211,10:10:04,6.56,0.0,2,1312,卖盘
212,10:10:45,6.57,0.01,20,13140,买盘
213,10:11:04,6.56,-0.01,1,656,卖盘
214,10:11:31,6.56,0.0,1,656,卖盘
215,10:12:04,6.57,0.01,5,3285,买盘
216,10:12:07,6.56,-0.01,1,656,卖盘
217,10:13:25,6.57,0.01,4,2628,买盘
218,10:13:31,6.57,0.0,33,21678,买盘
219,10:13:34,6.57,0.0,1,657,卖盘
220,10:13:49,6.57,0.0,32,21024,卖盘
221,10:13:52,6.58,0.01,10,6580,买盘
222,10:14:10,6.57,-0.01,1,657,卖盘
223,10:14:37,6.57,0.0,10,6570,卖盘
224,10:14:40,6.57,0.0,1,657,卖盘
225,10:14:43,6.57,0.0,3,1971,卖盘
226,10:14:46,6.57,0.0,1,657,卖盘
227,10:15:07,6.57,0.0,200,131400,卖盘
228,10:15:10,6.57,0.0,1,657,卖盘
229,10:15:19,6.57,0.0,3,1971,卖盘
230,10:15:22,6.57,0.0,3,1971,卖盘
231,10:15:25,6.57,0.0,4,2628,卖盘
232,10:15:30,6.57,0.0,3,1971,卖盘
233,10:15:34,6.57,0.0,5,3285,卖盘
234,10:15:37,6.57,0.0,11,7227,卖盘
235,10:15:46,6.57,0.0,4,2628,卖盘
236,10:15:52,6.57,0.0,4,2628,卖盘
237,10:15:55,6.57,0.0,3,1971,卖盘
238,10:16:01,6.57,0.0,44,28908,卖盘
239,10:16:07,6.56,-0.01,2,1312,卖盘
240,10:16:18,6.56,0.0,8,5248,卖盘
241,10:16:25,6.57,0.01,11,7227,买盘
242,10:17:04,6.57,0.0,1,657,卖盘
243,10:17:13,6.57,0.0,1,657,卖盘
244,10:17:52,6.56,-0.01,33,21668,卖盘
245,10:17:58,6.56,0.0,15,9840,卖盘
246,10:18:10,6.56,0.0,1,656,卖盘
247,10:18:31,6.56,0.0,3,1968,卖盘
248,10:18:33,6.58,0.02,15,9870,买盘
249,10:18:58,6.56,-0.02,3,1968,卖盘
250,10:19:01,6.56,0.0,4,2624,卖盘
251,10:19:06,6.56,0.0,133,87248,卖盘
252,10:19:25,6.56,0.0,5,3280,卖盘
253,10:19:31,6.56,0.0,3,1968,卖盘
254,10:19:37,6.57,0.01,3,1971,中性盘
255,10:19:40,6.57,0.0,3,1971,卖盘
256,10:19:49,6.57,0.0,1,657,卖盘
257,10:19:55,6.57,0.0,4,2628,卖盘
258,10:19:57,6.58,0.01,43,28294,买盘
259,10:20:00,6.57,-0.01,1,657,卖盘
260,10:20:03,6.57,0.0,3,1971,卖盘
261,10:20:07,6.57,0.0,4,2629,卖盘
262,10:20:10,6.57,0.0,3,1971,卖盘
263,10:20:13,6.57,0.0,3,1971,卖盘
264,10:20:34,6.57,0.0,1,657,卖盘
265,10:20:52,6.58,0.01,11,7238,买盘
266,10:21:01,6.57,-0.01,3,1971,卖盘
267,10:21:07,6.57,0.0,1,657,卖盘
268,10:21:33,6.57,0.0,40,26280,卖盘
269,10:21:39,6.57,0.0,1,657,卖盘
270,10:21:45,6.57,0.0,1,657,卖盘
271,10:21:52,6.57,0.0,4,2628,卖盘
272,10:22:04,6.56,-0.01,4,2624,卖盘
273,10:22:10,6.56,0.0,1,656,卖盘
274,10:22:22,6.56,0.0,5,3280,卖盘
275,10:22:25,6.57,0.01,1,657,买盘
276,10:22:31,6.56,-0.01,20,13120,卖盘
277,10:22:34,6.56,0.0,4,2624,卖盘
278,10:22:45,6.57,0.01,45,29565,买盘
279,10:23:04,6.57,0.0,1,657,卖盘
280,10:23:19,6.57,0.0,1,657,卖盘
281,10:23:48,6.57,0.0,1,657,卖盘
282,10:24:04,6.57,0.0,1,657,卖盘
283,10:24:49,6.58,0.01,38,25004,买盘
284,10:24:58,6.57,-0.01,3,1971,卖盘
285,10:25:04,6.57,0.0,1,657,卖盘
286,10:25:12,6.57,0.0,8,5256,卖盘
287,10:25:19,6.57,0.0,10,6571,卖盘
288,10:25:22,6.57,0.0,8,5256,卖盘
289,10:25:24,6.57,0.0,5,3285,卖盘
290,10:25:31,6.57,0.0,2,1315,卖盘
291,10:25:33,6.57,0.0,3,1971,卖盘
292,10:25:37,6.57,0.0,6,3942,卖盘
293,10:25:40,6.56,-0.01,539,353913,卖盘
294,10:25:43,6.56,0.0,4,2624,卖盘
295,10:25:46,6.56,0.0,1,656,卖盘
296,10:25:54,6.56,0.0,3,1968,卖盘
297,10:26:01,6.57,0.01,9,5913,买盘
298,10:26:04,6.57,0.0,4,2628,卖盘
299,10:26:13,6.57,0.0,9,5913,卖盘
300,10:26:34,6.57,0.0,4,2628,卖盘
301,10:26:36,6.57,0.0,3,1971,卖盘
302,10:26:40,6.57,0.0,12,7884,卖盘
303,10:26:43,6.57,0.0,6,3942,卖盘
304,10:26:46,6.57,0.0,3,1971,卖盘
305,10:27:07,6.57,0.0,1,657,卖盘
306,10:27:13,6.57,0.0,1,657,卖盘
307,10:27:16,6.57,0.0,28,18396,卖盘
308,10:27:21,6.57,0.0,20,13140,卖盘
309,10:27:27,6.56,-0.01,7,4592,卖盘
310,10:27:34,6.56,0.0,2,1312,卖盘
311,10:27:40,6.56,0.0,1,656,卖盘
312,10:28:04,6.56,0.0,6,3936,卖盘
313,10:28:06,6.56,0.0,7,4592,卖盘
314,10:28:10,6.56,0.0,3,1968,卖盘
315,10:28:13,6.56,0.0,234,153505,卖盘
316,10:28:18,6.56,0.0,8,5248,卖盘
317,10:28:31,6.56,0.0,1,656,卖盘
318,10:28:34,6.56,0.0,10,6560,卖盘
319,10:28:37,6.56,0.0,13,8528,卖盘
320,10:28:45,6.56,0.0,1,656,卖盘
321,10:28:51,6.56,0.0,103,67568,卖盘
322,10:28:57,6.55,-0.01,5,3275,卖盘
323,10:29:04,6.55,0.0,1,655,卖盘
324,10:29:07,6.55,0.0,1,655,卖盘
325,10:29:10,6.56,0.01,7,4592,买盘
326,10:29:12,6.55,-0.01,5,3275,卖盘
327,10:29:19,6.55,0.0,33,21615,卖盘
328,10:29:21,6.55,0.0,21,13755,卖盘
329,10:29:36,6.56,0.01,2,1312,卖盘
330,10:30:10,6.55,-0.01,62,40610,卖盘
331,10:30:43,6.55,0.0,2,1310,卖盘
332,10:30:48,6.55,0.0,5,3275,卖盘
333,10:30:55,6.57,0.02,1,657,买盘
334,10:30:58,6.55,-0.02,3,1965,卖盘
335,10:31:04,6.55,0.0,1,655,卖盘
336,10:31:31,6.55,0.0,7,4585,卖盘
337,10:32:01,6.55,0.0,8,5240,卖盘
338,10:32:04,6.55,0.0,1,655,卖盘
339,10:32:13,6.55,0.0,108,70740,卖盘
340,10:32:25,6.55,0.0,7,4585,卖盘
341,10:32:55,6.55,0.0,8,5240,卖盘
342,10:33:12,6.55,0.0,20,13100,卖盘
343,10:33:31,6.55,0.0,21,13755,卖盘
344,10:33:49,6.55,0.0,21,13755,卖盘
345,10:34:12,6.55,0.0,7,4585,卖盘
346,10:34:18,6.55,0.0,21,13755,卖盘
347,10:34:22,6.55,0.0,45,29475,卖盘
348,10:34:58,6.55,0.0,21,13755,卖盘
349,10:35:22,6.55,0.0,20,13100,卖盘
350,10:35:34,6.55,0.0,1,655,卖盘
351,10:35:54,6.55,0.0,21,13755,卖盘
352,10:36:04,6.55,0.0,28,18340,卖盘
353,10:36:10,6.55,0.0,1,655,卖盘
354,10:36:13,6.56,0.01,4,2624,买盘
355,10:36:16,6.56,0.0,1,656,买盘
356,10:36:27,6.55,-0.01,21,13755,卖盘
357,10:36:31,6.55,0.0,1,655,卖盘
358,10:36:39,6.55,0.0,17,11135,卖盘
359,10:36:49,6.56,0.01,26,17035,买盘
360,10:36:51,6.56,0.0,11,7215,买盘
361,10:37:04,6.55,-0.01,19,12445,卖盘
362,10:37:07,6.56,0.01,4,2624,买盘
363,10:37:16,6.55,-0.01,1,655,卖盘
364,10:37:22,6.56,0.01,4,2624,买盘
365,10:37:25,6.55,-0.01,7,4585,卖盘
366,10:37:45,6.55,0.0,3,1965,卖盘
367,10:37:55,6.55,0.0,30,19650,卖盘
368,10:37:58,6.56,0.01,3,1968,买盘
369,10:38:01,6.55,-0.01,1,655,卖盘
370,10:38:04,6.55,0.0,2,1310,卖盘
371,10:38:12,6.55,0.0,63,41265,卖盘
372,10:38:25,6.55,0.0,18,11790,卖盘
373,10:38:28,6.55,0.0,35,22925,卖盘
374,10:38:31,6.55,0.0,2,1310,卖盘
375,10:38:52,6.55,0.0,1,655,卖盘
376,10:38:57,6.55,0.0,17,11135,卖盘
377,10:39:07,6.55,0.0,1,655,卖盘
378,10:39:10,6.56,0.01,30,19680,买盘
379,10:39:16,6.56,0.0,5,3280,买盘
380,10:39:25,6.54,-0.02,680,445399,卖盘
381,10:39:28,6.56,0.02,4,2624,买盘
382,10:39:31,6.54,-0.02,1,654,卖盘
383,10:39:54,6.54,0.0,25,16350,卖盘
384,10:40:04,6.54,0.0,35,22890,卖盘
385,10:40:07,6.54,0.0,1,654,卖盘
386,10:40:24,6.54,0.0,35,22890,卖盘
387,10:40:28,6.54,0.0,1,654,卖盘
388,10:40:52,6.54,0.0,80,52320,卖盘
389,10:41:31,6.54,0.0,15,9810,卖盘
390,10:41:46,6.55,0.01,4,2620,买盘
391,10:42:04,6.54,-0.01,1,654,卖盘
392,10:42:12,6.55,0.01,21,13754,买盘
393,10:42:46,6.55,0.0,4,2620,买盘
394,10:43:04,6.54,-0.01,6,3929,卖盘
395,10:43:19,6.54,0.0,308,201432,卖盘
396,10:43:30,6.54,0.0,1,654,卖盘
397,10:43:36,6.54,0.0,1,654,卖盘
398,10:43:46,6.55,0.01,50,32750,买盘
399,10:44:01,6.54,-0.01,24,15717,卖盘
400,10:44:04,6.54,0.0,11,7194,卖盘
401,10:44:07,6.54,0.0,7,4578,卖盘
402,10:44:13,6.55,0.01,2,1310,买盘
403,10:44:19,6.54,-0.01,1,654,卖盘
404,10:44:40,6.54,0.0,1,654,卖盘
405,10:44:46,6.54,0.0,381,249174,卖盘
406,10:44:55,6.53,-0.01,23,15019,卖盘
407,10:44:58,6.53,0.0,2,1306,卖盘
408,10:45:01,6.53,0.0,3,1959,卖盘
409,10:45:04,6.53,0.0,6,3918,卖盘
410,10:45:07,6.53,0.0,19,12407,卖盘
411,10:45:10,6.52,-0.01,95,61988,卖盘
412,10:45:22,6.52,0.0,18,11736,卖盘
413,10:45:25,6.53,0.01,1,653,买盘
414,10:45:31,6.53,0.0,3,1959,买盘
415,10:45:43,6.52,-0.01,103,67156,卖盘
416,10:45:51,6.51,-0.01,250,162786,卖盘
417,10:45:58,6.51,0.0,1,651,买盘
418,10:46:04,6.5,-0.01,7,4550,卖盘
419,10:46:06,6.5,0.0,1,650,卖盘
420,10:46:13,6.5,0.0,2,1300,卖盘
421,10:46:34,6.51,0.01,30,19530,买盘
422,10:46:39,6.51,0.0,15,9765,买盘
423,10:46:46,6.51,0.0,1,651,买盘
424,10:46:52,6.51,0.0,12,7802,买盘
425,10:46:55,6.51,0.0,21,13651,买盘
426,10:46:58,6.51,0.0,5,3255,买盘
427,10:47:01,6.5,-0.01,1,650,卖盘
428,10:47:04,6.5,0.0,111,72150,卖盘
429,10:47:16,6.5,0.0,1,650,卖盘
430,10:47:43,6.5,0.0,20,13000,卖盘
431,10:48:04,6.5,0.0,31,20150,卖盘
432,10:48:10,6.51,0.01,10,6510,买盘
433,10:48:13,6.51,0.0,100,65100,买盘
434,10:48:22,6.51,0.0,1,651,买盘
435,10:48:34,6.51,0.0,1,651,卖盘
436,10:48:49,6.52,0.01,7,4564,买盘
437,10:49:04,6.51,-0.01,1,651,卖盘
438,10:49:07,6.52,0.01,20,13040,买盘
439,10:49:16,6.52,0.0,14,9128,买盘
440,10:49:19,6.52,0.0,1,652,卖盘
441,10:49:31,6.52,0.0,10,6520,卖盘
442,10:49:57,6.52,0.0,1,652,卖盘
443,10:50:00,6.52,0.0,3,1956,卖盘
444,10:50:37,6.52,0.0,1,652,卖盘
445,10:50:51,6.52,0.0,1,652,卖盘
446,10:51:04,6.52,0.0,1,652,卖盘
447,10:51:06,6.52,0.0,1,652,卖盘
448,10:51:19,6.52,0.0,1,652,卖盘
449,10:52:04,6.52,0.0,18,11743,卖盘
450,10:52:07,6.52,0.0,1,652,卖盘
451,10:52:10,6.52,0.0,9,5868,卖盘
452,10:52:39,6.52,0.0,1,652,卖盘
453,10:53:00,6.52,0.0,1,652,卖盘
454,10:54:04,6.52,0.0,1,652,卖盘
455,10:54:07,6.52,0.0,1,652,卖盘
456,10:54:52,6.52,0.0,3,1957,卖盘
457,10:54:55,6.52,0.0,7,4564,卖盘
458,10:55:00,6.52,0.0,15,9780,卖盘
459,10:55:04,6.52,0.0,4,2608,卖盘
460,10:55:07,6.52,0.0,12,7824,卖盘
461,10:55:09,6.52,0.0,3,1956,卖盘
462,10:56:05,6.52,0.0,14,9128,卖盘
463,10:56:10,6.52,0.0,75,48900,卖盘
464,10:56:13,6.52,0.0,2,1304,卖盘
465,10:56:37,6.51,-0.01,42,27342,卖盘
466,10:56:42,6.52,0.01,4,2610,卖盘
467,10:56:46,6.52,0.0,1,652,卖盘
468,10:56:49,6.52,0.0,17,11084,卖盘
469,10:56:54,6.53,0.01,8,5222,买盘
470,10:57:04,6.51,-0.02,5,3259,卖盘
471,10:57:21,6.52,0.01,30,19560,买盘
472,10:57:58,6.52,0.0,1,652,卖盘
473,10:58:04,6.52,0.0,2,1304,卖盘
474,10:58:39,6.53,0.01,34,22202,买盘
475,10:58:45,6.52,-0.01,1,652,卖盘
476,10:58:55,6.51,-0.01,101,65794,卖盘
477,10:58:58,6.51,0.0,3,1953,卖盘
478,10:59:07,6.52,0.01,1,652,卖盘
479,10:59:21,6.52,0.0,1,652,卖盘
480,10:59:25,6.52,0.0,10,6520,卖盘
481,10:59:31,6.52,0.0,3,1956,卖盘
482,10:59:43,6.52,0.0,3,1956,卖盘
483,10:59:48,6.52,0.0,3,1956,卖盘
484,11:00:04,6.53,0.01,119,77707,买盘
485,11:00:07,6.53,0.0,8,5224,卖盘
486,11:00:12,6.52,-0.01,11,7177,卖盘
487,11:00:15,6.52,0.0,9,5868,买盘
488,11:00:25,6.51,-0.01,3,1953,卖盘
489,11:00:28,6.51,0.0,3,1953,卖盘
490,11:00:37,6.52,0.01,1,652,买盘
491,11:00:40,6.51,-0.01,3,1955,卖盘
492,11:00:43,6.51,0.0,3,1953,卖盘
493,11:00:45,6.51,0.0,3,1953,卖盘
494,11:00:52,6.51,0.0,67,43629,卖盘
495,11:00:58,6.51,0.0,2,1302,卖盘
496,11:01:01,6.51,0.0,2,1302,卖盘
497,11:01:10,6.51,0.0,1,651,卖盘
498,11:01:28,6.51,0.0,3,1953,卖盘
499,11:01:34,6.51,0.0,3,1953,卖盘
500,11:01:39,6.51,0.0,1,651,卖盘
501,11:02:03,6.51,0.0,1,651,卖盘
502,11:02:16,6.51,0.0,1,651,卖盘
503,11:02:24,6.51,0.0,1,651,卖盘
504,11:02:46,6.51,0.0,1,651,卖盘
505,11:02:51,6.51,0.0,1,651,卖盘
506,11:03:10,6.51,0.0,1,651,卖盘
507,11:03:16,6.51,0.0,3,1953,卖盘
508,11:03:18,6.51,0.0,5,3255,卖盘
509,11:03:21,6.51,0.0,2,1302,卖盘
510,11:03:24,6.51,0.0,1,651,卖盘
511,11:03:34,6.52,0.01,2,1304,卖盘
512,11:03:36,6.51,-0.01,5,3255,卖盘
513,11:03:42,6.52,0.01,5,3260,卖盘
514,11:04:15,6.51,-0.01,1,651,卖盘
515,11:04:34,6.51,0.0,1,651,卖盘
516,11:04:51,6.52,0.01,2,1304,买盘
517,11:04:57,6.52,0.0,3,1956,买盘
518,11:05:07,6.52,0.0,1,652,卖盘
519,11:05:10,6.52,0.0,3,1956,卖盘
520,11:05:22,6.51,-0.01,138,89838,卖盘
521,11:05:25,6.51,0.0,25,16275,卖盘
522,11:05:37,6.51,0.0,19,12369,买盘
523,11:05:40,6.51,0.0,3,1953,买盘
524,11:05:43,6.51,0.0,5,3255,买盘
525,11:05:46,6.51,0.0,54,35154,买盘
526,11:06:04,6.51,0.0,1,651,卖盘
527,11:06:10,6.51,0.0,1,651,卖盘
528,11:06:16,6.51,0.0,1,651,卖盘
529,11:06:28,6.53,0.02,13,8477,买盘
530,11:06:34,6.53,0.0,30,19590,卖盘
531,11:06:42,6.54,0.01,14,9156,买盘
532,11:06:48,6.54,0.0,43,28122,买盘
533,11:06:58,6.54,0.0,80,52320,卖盘
534,11:07:10,6.51,-0.03,1,651,卖盘
535,11:07:18,6.51,0.0,1,651,卖盘
536,11:07:28,6.51,0.0,2,1302,卖盘
537,11:07:36,6.51,0.0,6,3906,卖盘
538,11:07:40,6.51,0.0,3,1953,卖盘
539,11:07:45,6.53,0.02,5,3265,买盘
540,11:07:48,6.51,-0.02,6,3906,卖盘
541,11:08:01,6.53,0.02,12,7830,买盘
542,11:08:12,6.52,-0.01,1,652,卖盘
543,11:08:16,6.51,-0.01,3,1953,卖盘
544,11:08:33,6.52,0.01,8,5216,卖盘
545,11:08:36,6.52,0.0,6,3912,卖盘
546,11:08:40,6.53,0.01,4,2609,买盘
547,11:08:45,6.52,-0.01,3,1956,卖盘
548,11:08:52,6.52,0.0,3,1956,卖盘
549,11:08:55,6.52,0.0,1,652,卖盘
550,11:08:58,6.52,0.0,9,5868,卖盘
551,11:09:00,6.52,0.0,6,3913,卖盘
552,11:09:16,6.52,0.0,1,652,卖盘
553,11:09:19,6.52,0.0,4,2608,卖盘
554,11:09:24,6.52,0.0,5,3260,卖盘
555,11:09:33,6.52,0.0,5,3260,卖盘
556,11:09:40,6.52,0.0,11,7172,卖盘
557,11:09:48,6.51,-0.01,1,651,卖盘
558,11:09:52,6.51,0.0,2,1302,卖盘
559,11:09:55,6.51,0.0,1,651,卖盘
560,11:10:04,6.51,0.0,1,651,卖盘
561,11:10:10,6.51,0.0,5,3255,卖盘
562,11:10:12,6.51,0.0,57,37107,卖盘
563,11:10:15,6.51,0.0,2,1302,卖盘
564,11:10:21,6.51,0.0,9,5859,卖盘
565,11:10:28,6.51,0.0,9,5859,卖盘
566,11:10:34,6.51,0.0,5,3255,卖盘
567,11:10:45,6.52,0.01,200,130400,买盘
568,11:10:52,6.51,-0.01,3,1953,卖盘
569,11:11:00,6.51,0.0,3,1953,卖盘
570,11:11:07,6.52,0.01,4,2605,买盘
571,11:11:10,6.52,0.0,1,652,卖盘
572,11:11:13,6.52,0.0,1,652,卖盘
573,11:11:16,6.52,0.0,1,652,卖盘
574,11:11:22,6.53,0.01,1,653,买盘
575,11:11:27,6.53,0.0,1,653,卖盘
576,11:11:43,6.52,-0.01,2,1304,卖盘
577,11:11:49,6.52,0.0,5,3260,卖盘
578,11:11:55,6.54,0.02,7,4568,买盘
579,11:11:57,6.52,-0.02,9,5868,卖盘
580,11:12:00,6.52,0.0,3,1956,卖盘
581,11:12:03,6.52,0.0,21,13692,卖盘
582,11:12:06,6.53,0.01,23,15015,中性盘
583,11:12:10,6.52,-0.01,1,652,卖盘
584,11:12:13,6.52,0.0,3,1956,卖盘
585,11:12:16,6.52,0.0,7,4564,卖盘
586,11:12:19,6.52,0.0,1,652,卖盘
587,11:12:22,6.52,0.0,4,2608,卖盘
588,11:12:33,6.52,0.0,24,15705,卖盘
589,11:12:51,6.52,0.0,6,3912,卖盘
590,11:12:54,6.54,0.02,6,3924,买盘
591,11:13:06,6.52,-0.02,1,652,卖盘
592,11:14:01,6.53,0.01,1,653,卖盘
593,11:14:04,6.54,0.01,11,7194,买盘
594,11:14:12,6.54,0.0,1,654,卖盘
595,11:14:25,6.54,0.0,1,654,买盘
596,11:14:43,6.54,0.0,4,2616,卖盘
597,11:15:06,6.54,0.0,1,654,卖盘
598,11:15:15,6.54,0.0,2,1308,卖盘
599,11:15:40,6.54,0.0,5,3270,卖盘
600,11:15:42,6.54,0.0,1,654,卖盘
601,11:15:45,6.54,0.0,4,2616,卖盘
602,11:15:51,6.54,0.0,79,51666,卖盘
603,11:16:04,6.53,-0.01,3,1959,卖盘
604,11:16:06,6.53,0.0,1,653,卖盘
605,11:16:09,6.53,0.0,5,3265,卖盘
606,11:16:40,6.53,0.0,5,3265,卖盘
607,11:16:46,6.54,0.01,1,654,买盘
608,11:16:55,6.53,-0.01,5,3265,卖盘
609,11:16:58,6.53,0.0,4,2612,卖盘
610,11:17:21,6.53,0.0,5,3265,卖盘
611,11:17:28,6.53,0.0,1,653,卖盘
612,11:17:42,6.53,0.0,4,2612,卖盘
613,11:17:48,6.53,0.0,5,3265,卖盘
614,11:18:07,6.53,0.0,1,653,卖盘
615,11:18:45,6.53,0.0,4,2612,卖盘
616,11:18:51,6.53,0.0,1,653,卖盘
617,11:19:04,6.54,0.01,14,9156,买盘
618,11:19:24,6.53,-0.01,6,3918,卖盘
619,11:19:28,6.53,0.0,1,653,买盘
620,11:19:30,6.52,-0.01,1,652,卖盘
621,11:20:12,6.52,0.0,1,652,卖盘
622,11:20:33,6.52,0.0,2,1304,卖盘
623,11:20:40,6.52,0.0,3,1956,卖盘
624,11:20:46,6.52,0.0,1,652,卖盘
625,11:20:51,6.52,0.0,3,1956,卖盘
626,11:21:00,6.52,0.0,2,1304,卖盘
627,11:21:04,6.52,0.0,2,1304,卖盘
628,11:21:07,6.52,0.0,6,3912,卖盘
629,11:21:42,6.52,0.0,2,1304,卖盘
630,11:22:00,6.53,0.01,5,3265,买盘
631,11:22:04,6.52,-0.01,2,1304,卖盘
632,11:22:09,6.53,0.01,1,653,买盘
633,11:22:18,6.53,0.0,5,3263,买盘
634,11:22:27,6.53,0.0,10,6530,买盘
635,11:22:51,6.53,0.0,13,8489,买盘
636,11:25:04,6.53,0.0,2,1306,卖盘
637,11:25:45,6.53,0.0,2,1306,卖盘
638,11:25:48,6.54,0.01,11,7194,买盘
639,11:25:54,6.53,-0.01,1,653,卖盘
640,11:26:12,6.53,0.0,1,653,卖盘
641,11:26:21,6.53,0.0,2,1306,卖盘
642,11:26:30,6.53,0.0,1,653,卖盘
643,11:26:48,6.53,0.0,1,653,卖盘
644,11:26:57,6.53,0.0,2,1306,卖盘
645,11:27:09,6.54,0.01,1,654,买盘
646,11:27:12,6.53,-0.01,1,653,卖盘
647,11:27:34,6.54,0.01,1,654,买盘
648,11:27:43,6.53,-0.01,3,1959,卖盘
649,11:27:48,6.54,0.01,1,654,买盘
650,11:27:51,6.54,0.0,1,654,卖盘
651,11:27:54,6.54,0.0,48,31392,卖盘
652,11:28:09,6.53,-0.01,1,653,卖盘
653,11:28:24,6.53,0.0,4,2614,卖盘
654,11:28:48,6.55,0.02,4,2620,买盘
655,11:29:45,6.53,-0.02,2,1306,卖盘
656,11:29:48,6.53,0.0,7,4571,卖盘
657,13:00:04,6.54,0.01,1,654,买盘
658,13:00:07,6.53,-0.01,3,1959,卖盘
659,13:00:12,6.53,0.0,3,1959,卖盘
660,13:00:24,6.53,0.0,7,4571,卖盘
661,13:00:27,6.53,0.0,2,1306,卖盘
662,13:00:48,6.53,0.0,3,1959,卖盘
663,13:01:04,6.53,0.0,2,1306,卖盘
664,13:01:54,6.53,0.0,2,1306,卖盘
665,13:02:42,6.54,0.01,1,654,买盘
666,13:02:48,6.53,-0.01,2,1306,卖盘
667,13:03:54,6.53,0.0,2,1306,卖盘
668,13:04:45,6.53,0.0,1,653,卖盘
669,13:04:48,6.53,0.0,1,653,卖盘
670,13:04:54,6.53,0.0,2,1306,卖盘
671,13:05:21,6.54,0.01,1,654,买盘
672,13:05:52,6.53,-0.01,2,1306,卖盘
673,13:06:18,6.53,0.0,1,653,卖盘
674,13:06:39,6.53,0.0,10,6530,卖盘
675,13:06:45,6.53,0.0,360,235080,卖盘
676,13:06:49,6.53,0.0,12,7836,卖盘
677,13:06:55,6.52,-0.01,2,1304,卖盘
678,13:07:21,6.52,0.0,8,5216,卖盘
679,13:07:31,6.52,0.0,5,3260,卖盘
680,13:07:36,6.53,0.01,1,653,买盘
681,13:07:51,6.52,-0.01,2,1304,卖盘
682,13:08:00,6.53,0.01,1,653,买盘
683,13:08:16,6.53,0.0,10,6530,买盘
684,13:09:06,6.52,-0.01,2,1304,卖盘
685,13:09:30,6.52,0.0,3,1956,卖盘
686,13:09:51,6.52,0.0,2,1304,卖盘
687,13:10:40,6.53,0.01,1,653,买盘
688,13:10:43,6.52,-0.01,55,35860,卖盘
689,13:10:51,6.52,0.0,4,2608,卖盘
690,13:10:55,6.52,0.0,2,1304,卖盘
691,13:11:33,6.53,0.01,2,1306,买盘
692,13:11:51,6.52,-0.01,2,1304,卖盘
693,13:12:04,6.52,0.0,44,28688,卖盘
694,13:12:15,6.52,0.0,12,7824,卖盘
695,13:12:31,6.52,0.0,2,1304,卖盘
696,13:12:46,6.52,0.0,10,6520,卖盘
697,13:12:57,6.51,-0.01,2,1302,卖盘
698,13:13:19,6.51,0.0,2,1303,卖盘
699,13:13:28,6.51,0.0,1,651,卖盘
700,13:13:51,6.51,0.0,15,9765,卖盘
701,13:14:12,6.51,0.0,80,52080,卖盘
702,13:14:37,6.51,0.0,13,8463,卖盘
703,13:15:01,6.52,0.01,3,1956,买盘
704,13:15:30,6.51,-0.01,2,1302,卖盘
705,13:15:46,6.52,0.01,2,1304,买盘
706,13:15:57,6.52,0.0,1,652,买盘
707,13:16:27,6.51,-0.01,2,1302,卖盘
708,13:16:46,6.51,0.0,1,651,卖盘
709,13:16:49,6.52,0.01,1,652,买盘
710,13:16:52,6.52,0.0,1,652,买盘
711,13:17:34,6.52,0.0,19,12386,买盘
712,13:17:37,6.51,-0.01,586,381489,卖盘
713,13:17:40,6.51,0.0,18,11718,买盘
714,13:17:49,6.5,-0.01,1,650,卖盘
715,13:18:16,6.53,0.03,37,24161,买盘
716,13:18:28,6.53,0.0,3,1959,卖盘
717,13:18:34,6.53,0.0,2,1306,卖盘
718,13:18:37,6.54,0.01,69,45126,买盘
719,13:18:46,6.54,0.0,30,19620,卖盘
720,13:18:49,6.54,0.0,21,13734,卖盘
721,13:19:07,6.53,-0.01,9,5877,卖盘
722,13:19:31,6.51,-0.02,2,1302,卖盘
723,13:20:18,6.52,0.01,20,13040,买盘
724,13:20:22,6.52,0.0,1,652,买盘
725,13:20:25,6.52,0.0,1,652,买盘
726,13:20:30,6.51,-0.01,12,7822,卖盘
727,13:20:58,6.51,0.0,1,651,卖盘
728,13:21:18,6.51,0.0,1,651,卖盘
729,13:21:30,6.51,0.0,2,1302,卖盘
730,13:21:34,6.52,0.01,3,1955,买盘
731,13:21:43,6.52,0.0,14,9128,买盘
732,13:21:46,6.52,0.0,36,23472,买盘
733,13:21:52,6.52,0.0,1,652,卖盘
734,13:22:21,6.53,0.01,1,653,买盘
735,13:22:27,6.52,-0.01,2,1304,卖盘
736,13:22:36,6.53,0.01,100,65300,买盘
737,13:22:43,6.52,-0.01,480,312973,卖盘
738,13:23:27,6.52,0.0,12,7824,买盘
739,13:23:33,6.51,-0.01,6,3910,卖盘
740,13:23:54,6.52,0.01,1,652,买盘
741,13:24:12,6.52,0.0,10,6520,买盘
742,13:24:15,6.51,-0.01,1,651,卖盘
743,13:24:30,6.51,0.0,2,1302,卖盘
744,13:24:42,6.51,0.0,10,6510,卖盘
745,13:25:15,6.51,0.0,2,1302,卖盘
746,13:25:27,6.52,0.01,1,652,买盘
747,13:25:30,6.51,-0.01,2,1302,卖盘
748,13:25:51,6.52,0.01,13,8476,买盘
749,13:26:30,6.53,0.01,3,1957,买盘
750,13:26:39,6.52,-0.01,10,6520,卖盘
751,13:26:49,6.51,-0.01,3,1953,卖盘
752,13:27:30,6.51,0.0,2,1302,卖盘
753,13:27:37,6.52,0.01,5,3260,买盘
754,13:28:22,6.51,-0.01,3,1953,卖盘
755,13:28:37,6.51,0.0,2,1302,卖盘
756,13:28:39,6.51,0.0,4,2604,卖盘
757,13:28:46,6.51,0.0,1,651,卖盘
758,13:29:30,6.51,0.0,2,1302,卖盘
759,13:29:39,6.51,0.0,624,406224,卖盘
760,13:30:01,6.5,-0.01,1,650,卖盘
761,13:30:07,6.51,0.01,1,651,买盘
762,13:30:13,6.5,-0.01,4,2600,卖盘
763,13:30:16,6.5,0.0,1,650,卖盘
764,13:30:19,6.5,0.0,2,1300,卖盘
765,13:30:28,6.5,0.0,6,3900,卖盘
766,13:30:43,6.5,0.0,5,3250,卖盘
767,13:30:54,6.5,0.0,24,15600,卖盘
768,13:30:57,6.51,0.01,20,13020,买盘
769,13:31:33,6.5,-0.01,2,1300,卖盘
770,13:31:36,6.51,0.01,5,3251,买盘
771,13:31:49,6.51,0.0,1,651,买盘
772,13:31:51,6.51,0.0,1,651,买盘
773,13:31:58,6.5,-0.01,3,1950,卖盘
774,13:32:31,6.5,0.0,4,2600,卖盘
775,13:32:34,6.5,0.0,1,650,卖盘
776,13:32:42,6.51,0.01,6,3906,买盘
777,13:33:07,6.5,-0.01,20,13010,卖盘
778,13:33:13,6.51,0.01,10,6510,买盘
779,13:33:30,6.5,-0.01,2,1300,卖盘
780,13:33:37,6.5,0.0,1,650,卖盘
781,13:33:40,6.51,0.01,10,6510,买盘
782,13:33:46,6.5,-0.01,2,1300,卖盘
783,13:34:01,6.5,0.0,2,1300,卖盘
784,13:34:04,6.51,0.01,9,5859,买盘
785,13:34:25,6.51,0.0,5,3255,买盘
786,13:34:28,6.51,0.0,1,651,买盘
787,13:34:40,6.51,0.0,17,11064,买盘
788,13:34:52,6.51,0.0,42,27301,买盘
789,13:34:54,6.5,-0.01,53,34450,卖盘
790,13:35:13,6.5,0.0,3,1950,卖盘
791,13:35:19,6.5,0.0,6,3900,卖盘
792,13:35:25,6.49,-0.01,388,252156,卖盘
793,13:35:31,6.49,0.0,1,649,卖盘
794,13:35:34,6.49,0.0,9,5841,卖盘
795,13:35:37,6.49,0.0,3,1947,卖盘
796,13:35:43,6.49,0.0,5,3245,卖盘
797,13:35:45,6.49,0.0,2,1298,卖盘
798,13:35:55,6.5,0.01,5,3250,买盘
799,13:36:25,6.49,-0.01,13,8437,卖盘
800,13:36:51,6.49,0.0,1,649,卖盘
801,13:37:13,6.49,0.0,4,2596,卖盘
802,13:37:22,6.5,0.01,6,3900,买盘
803,13:37:28,6.5,0.0,7,4550,买盘
804,13:37:37,6.5,0.0,10,6500,买盘
805,13:37:40,6.49,-0.01,3,1947,卖盘
806,13:37:43,6.5,0.01,2,1300,买盘
807,13:37:46,6.5,0.0,21,13650,买盘
808,13:37:49,6.49,-0.01,1,649,卖盘
809,13:37:57,6.5,0.01,22,14300,买盘
810,13:38:10,6.51,0.01,22,14322,买盘
811,13:38:19,6.51,0.0,18,11718,买盘
812,13:38:30,6.51,0.0,19,12369,买盘
813,13:38:42,6.51,0.0,20,13020,买盘
814,13:38:51,6.51,0.0,20,13020,买盘
815,13:39:04,6.51,0.0,20,13020,买盘
816,13:39:10,6.49,-0.02,5,3245,卖盘
817,13:39:16,6.51,0.02,21,13656,买盘
818,13:39:19,6.5,-0.01,1,650,买盘
819,13:39:25,6.51,0.01,22,14320,买盘
820,13:39:28,6.51,0.0,1,651,买盘
821,13:39:37,6.5,-0.01,20,13018,卖盘
822,13:39:43,6.5,0.0,3,1950,卖盘
823,13:39:46,6.51,0.01,1,651,买盘
824,13:39:49,6.5,-0.01,22,14335,卖盘
825,13:39:58,6.53,0.03,21,13703,买盘
826,13:40:01,6.53,0.0,169,110357,买盘
827,13:40:04,6.5,-0.03,64,41633,卖盘
828,13:40:10,6.54,0.04,21,13734,买盘
829,13:40:22,6.54,0.0,22,14382,买盘
830,13:40:31,6.54,0.0,19,12426,买盘
831,13:40:43,6.54,0.0,19,12422,买盘
832,13:40:55,6.55,0.01,22,14399,买盘
833,13:40:58,6.54,-0.01,1,654,卖盘
834,13:41:04,6.54,0.0,21,13731,中性盘
835,13:41:16,6.54,0.0,20,13080,买盘
836,13:41:22,6.51,-0.03,11,7161,卖盘
837,13:41:25,6.51,0.0,1,651,中性盘
838,13:41:27,6.55,0.04,19,12445,买盘
839,13:41:39,6.55,0.0,19,12437,买盘
840,13:41:49,6.55,0.0,20,13091,买盘
841,13:42:01,6.55,0.0,22,14410,买盘
842,13:42:10,6.51,-0.04,1,651,卖盘
843,13:42:13,6.55,0.04,19,12439,买盘
844,13:42:22,6.55,0.0,19,12440,买盘
845,13:42:24,6.54,-0.01,3,1959,中性盘
846,13:42:34,6.55,0.01,19,12444,买盘
847,13:42:45,6.55,0.0,20,13100,买盘
848,13:42:55,6.55,0.0,21,13755,买盘
849,13:43:06,6.55,0.0,20,13100,买盘
850,13:43:18,6.54,-0.01,22,14388,买盘
851,13:43:28,6.54,0.0,18,11772,买盘
852,13:43:40,6.52,-0.02,21,13736,卖盘
853,13:43:51,6.55,0.03,19,12445,买盘
854,13:44:01,6.55,0.0,20,13100,买盘
855,13:44:13,6.55,0.0,20,13100,买盘
856,13:44:25,6.55,0.0,20,13100,买盘
857,13:44:34,6.55,0.0,21,13755,买盘
858,13:44:45,6.55,0.0,22,14410,买盘
859,13:44:58,6.55,0.0,19,12443,买盘
860,13:45:04,6.54,-0.01,2,1308,买盘
861,13:45:06,6.54,0.0,19,12426,买盘
862,13:45:15,6.52,-0.02,33,21518,卖盘
863,13:45:18,6.52,0.0,24,15699,卖盘
864,13:45:27,6.52,0.0,3,1956,卖盘
865,13:45:31,6.54,0.02,19,12426,买盘
866,13:45:33,6.52,-0.02,3,1956,卖盘
867,13:45:40,6.55,0.03,20,13097,买盘
868,13:45:52,6.55,0.0,20,13100,买盘
869,13:45:55,6.52,-0.03,24,15648,卖盘
870,13:46:04,6.55,0.03,20,13098,买盘
871,13:46:13,6.55,0.0,21,13745,买盘
872,13:46:15,6.52,-0.03,7,4564,卖盘
873,13:46:25,6.52,0.0,83,54116,卖盘
874,13:46:28,6.52,0.0,54,35208,买盘
875,13:46:37,6.52,0.0,18,11736,买盘
876,13:46:40,6.52,0.0,3,1956,买盘
877,13:46:46,6.52,0.0,19,12388,买盘
878,13:46:55,6.52,0.0,29,18908,买盘
879,13:46:58,6.54,0.02,19,12426,中性盘
880,13:47:10,6.54,0.0,19,12426,买盘
881,13:47:19,6.55,0.01,20,13083,买盘
882,13:47:28,6.52,-0.03,21,13692,卖盘
883,13:47:31,6.52,0.0,21,13692,买盘
884,13:47:33,6.51,-0.01,2,1302,卖盘
885,13:47:39,6.52,0.01,2,1304,买盘
886,13:47:43,6.54,0.02,19,12390,买盘
887,13:47:55,6.51,-0.03,28,18285,卖盘
888,13:48:04,6.53,0.02,20,13060,买盘
889,13:48:13,6.52,-0.01,20,13040,卖盘
890,13:48:15,6.54,0.02,19,12414,买盘
891,13:48:28,6.54,0.0,21,13734,买盘
892,13:48:37,6.55,0.01,21,13746,买盘
893,13:48:49,6.55,0.0,21,13755,买盘
894,13:49:01,6.55,0.0,22,14410,买盘
895,13:49:10,6.55,0.0,18,11790,买盘
896,13:49:16,6.52,-0.03,3,1956,卖盘
897,13:49:22,6.55,0.03,21,13755,买盘
898,13:49:34,6.55,0.0,19,12444,买盘
899,13:49:42,6.55,0.0,20,13090,买盘
900,13:49:55,6.52,-0.03,21,13752,卖盘
901,13:50:07,6.56,0.04,21,13756,买盘
902,13:50:10,6.55,-0.01,1,655,买盘
903,13:50:15,6.56,0.01,21,13770,买盘
904,13:50:22,6.55,-0.01,1,655,买盘
905,13:50:28,6.55,0.0,21,13755,买盘
906,13:50:40,6.55,0.0,18,11790,买盘
907,13:50:49,6.56,0.01,23,15086,买盘
908,13:50:52,6.55,-0.01,8,5240,卖盘
909,13:51:01,6.55,0.0,19,12445,买盘
910,13:51:13,6.55,0.0,19,12440,买盘
911,13:51:22,6.52,-0.03,21,13752,卖盘
912,13:51:33,6.55,0.03,21,13755,买盘
913,13:51:40,6.52,-0.03,1,652,卖盘
914,13:51:46,6.55,0.03,21,13755,买盘
915,13:51:55,6.56,0.01,21,13775,买盘
916,13:52:06,6.56,0.0,20,13110,买盘
917,13:52:13,6.52,-0.04,4,2608,卖盘
918,13:52:19,6.52,0.0,20,13116,卖盘
919,13:52:28,6.56,0.04,21,13744,买盘
920,13:52:39,6.52,-0.04,22,14424,卖盘
921,13:52:52,6.56,0.04,20,13120,买盘
922,13:53:01,6.55,-0.01,22,14404,买盘
923,13:53:13,6.53,-0.02,320,209000,卖盘
924,13:53:25,6.55,0.02,22,14408,买盘
925,13:53:34,6.55,0.0,22,14410,买盘
926,13:53:46,6.55,0.0,20,13100,买盘
927,13:53:58,6.54,-0.01,20,13080,买盘
928,13:54:10,6.54,0.0,21,13732,买盘
929,13:54:19,6.54,0.0,21,13732,买盘
930,13:54:31,6.54,0.0,22,14388,买盘
931,13:54:37,6.52,-0.02,1,652,卖盘
932,13:54:43,6.53,0.01,19,12407,买盘
933,13:54:46,6.53,0.0,123,80319,买盘
934,13:54:51,6.54,0.01,19,12426,买盘
935,13:55:04,6.54,0.0,19,12426,买盘
936,13:55:16,6.54,0.0,20,13080,买盘
937,13:55:24,6.54,0.0,20,13080,买盘
938,13:55:33,6.53,-0.01,1,653,买盘
939,13:55:36,6.53,0.0,19,12407,买盘
940,13:55:40,6.53,0.0,4,2612,买盘
941,13:55:45,6.53,0.0,1,653,卖盘
942,13:55:48,6.54,0.01,20,13080,买盘
943,13:55:57,6.54,0.0,18,11772,买盘
944,13:56:10,6.54,0.0,18,11772,买盘
945,13:56:21,6.54,0.0,19,12425,买盘
946,13:56:31,6.54,0.0,20,13078,买盘
947,13:56:43,6.54,0.0,20,13080,买盘
948,13:56:54,6.54,0.0,18,11772,买盘
949,13:57:04,6.54,0.0,22,14388,买盘
950,13:57:10,6.53,-0.01,4,2612,卖盘
951,13:57:16,6.54,0.01,19,12426,买盘
952,13:57:25,6.53,-0.01,4,2612,卖盘
953,13:57:28,6.54,0.01,20,13080,买盘
954,13:57:31,6.53,-0.01,10,6530,卖盘
955,13:57:34,6.53,0.0,2,1306,卖盘
956,13:57:37,6.55,0.02,26,17009,买盘
957,13:57:40,6.53,-0.02,43,28079,卖盘
958,13:57:49,6.55,0.02,26,17017,买盘
959,13:57:55,6.53,-0.02,16,10448,卖盘
960,13:57:58,6.53,0.0,2,1306,卖盘
961,13:58:01,6.53,0.0,27,17652,卖盘
962,13:58:04,6.53,0.0,4,2612,卖盘
963,13:58:07,6.54,0.01,3,1962,买盘
964,13:58:10,6.52,-0.02,22,14377,卖盘
965,13:58:21,6.52,0.0,24,15681,卖盘
966,13:58:34,6.54,0.02,19,12426,买盘
967,13:58:36,6.52,-0.02,4,2608,卖盘
968,13:58:43,6.54,0.02,20,13080,买盘
969,13:58:49,6.52,-0.02,192,125184,卖盘
970,13:58:55,6.54,0.02,20,13080,买盘
971,13:59:07,6.53,-0.01,41,26794,卖盘
972,13:59:15,6.53,0.0,21,13713,买盘
973,13:59:28,6.53,0.0,22,14366,买盘
974,13:59:40,6.53,0.0,22,14366,买盘
975,13:59:49,6.53,0.0,19,12407,买盘
976,13:59:58,6.52,-0.01,15,9780,卖盘
977,14:00:00,6.53,0.01,19,12407,买盘
978,14:00:13,6.54,0.01,19,12426,买盘
979,14:00:22,6.54,0.0,20,13079,买盘
980,14:00:33,6.54,0.0,21,13734,买盘
981,14:00:46,6.54,0.0,21,13730,买盘
982,14:00:55,6.52,-0.02,24,15648,卖盘
983,14:00:58,6.54,0.02,20,13080,买盘
984,14:01:07,6.54,0.0,19,12426,买盘
985,14:01:18,6.54,0.0,20,13080,买盘
986,14:01:31,6.54,0.0,20,13080,买盘
987,14:01:40,6.54,0.0,21,13734,买盘
988,14:01:52,6.54,0.0,23,15042,买盘
989,14:02:04,6.54,0.0,18,11772,买盘
990,14:02:13,6.54,0.0,19,12426,买盘
991,14:02:25,6.54,0.0,19,12426,买盘
992,14:02:37,6.52,-0.02,21,13730,卖盘
993,14:02:46,6.54,0.02,18,11770,买盘
994,14:02:58,6.54,0.0,19,12426,买盘
995,14:03:07,6.52,-0.02,7,4564,卖盘
996,14:03:10,6.54,0.02,19,12426,买盘
997,14:03:16,6.52,-0.02,4,2608,卖盘
998,14:03:19,6.54,0.02,20,13080,买盘
999,14:03:31,6.52,-0.02,29,18948,卖盘
1000,14:03:42,6.54,0.02,20,13080,买盘
1001,14:03:46,6.52,-0.02,72,46944,卖盘
1002,14:03:49,6.52,0.0,158,103016,卖盘
1003,14:03:52,6.54,0.02,21,13733,买盘
1004,14:03:58,6.53,-0.01,3,1959,买盘
1005,14:04:01,6.52,-0.01,11,7172,卖盘
1006,14:04:04,6.53,0.01,22,14351,买盘
1007,14:04:16,6.53,0.0,18,11754,买盘
1008,14:04:25,6.53,0.0,19,12407,买盘
1009,14:04:37,6.53,0.0,19,12407,买盘
1010,14:04:48,6.53,0.0,20,13060,买盘
1011,14:04:58,6.53,0.0,20,13060,买盘
1012,14:05:09,6.53,0.0,20,13060,买盘
1013,14:05:22,6.54,0.01,22,14388,买盘
1014,14:05:31,6.54,0.0,21,13734,买盘
1015,14:05:43,6.54,0.0,22,14388,买盘
1016,14:05:51,6.51,-0.03,507,330057,卖盘
1017,14:05:55,6.5,-0.01,29,18941,卖盘
1018,14:05:58,6.51,0.01,6,3906,中性盘
1019,14:06:04,6.53,0.02,21,13713,买盘
1020,14:06:06,6.5,-0.03,14,9100,卖盘
1021,14:06:13,6.5,0.0,9,5850,卖盘
1022,14:06:16,6.53,0.03,22,14360,买盘
1023,14:06:28,6.53,0.0,18,11754,买盘
1024,14:06:31,6.5,-0.03,6,3900,卖盘
1025,14:06:37,6.53,0.03,18,11754,买盘
1026,14:06:48,6.5,-0.03,25,16313,卖盘
1027,14:06:52,6.5,0.0,67,43550,卖盘
1028,14:06:58,6.5,0.0,9,5850,卖盘
1029,14:07:01,6.5,0.0,95,61813,卖盘
1030,14:07:13,6.5,0.0,22,14356,卖盘
1031,14:07:19,6.5,0.0,30,19500,卖盘
1032,14:07:22,6.53,0.03,22,14366,买盘
1033,14:07:34,6.51,-0.02,39,25389,卖盘
1034,14:07:37,6.51,0.0,10,6510,买盘
1035,14:07:45,6.5,-0.01,23,14968,卖盘
1036,14:07:52,6.51,0.01,4,2604,买盘
1037,14:07:55,6.51,0.0,20,13020,买盘
1038,14:07:58,6.5,-0.01,74,48100,卖盘
1039,14:08:01,6.5,0.0,41,26650,卖盘
1040,14:08:04,6.5,0.0,55,35750,卖盘
1041,14:08:07,6.51,0.01,30,19524,买盘
1042,14:08:10,6.5,-0.01,39,25350,卖盘
1043,14:08:13,6.5,0.0,21,13650,卖盘
1044,14:08:19,6.5,0.0,28,18220,卖盘
1045,14:08:24,6.49,-0.01,4,2596,卖盘
1046,14:08:28,6.5,0.01,21,13650,买盘
1047,14:08:40,6.5,0.0,22,14300,买盘
1048,14:08:43,6.5,0.0,1,650,买盘
1049,14:08:52,6.5,0.0,19,12350,买盘
1050,14:08:55,6.49,-0.01,100,64900,卖盘
1051,14:08:58,6.49,0.0,2,1298,卖盘
1052,14:09:01,6.5,0.01,18,11700,买盘
1053,14:09:13,6.5,0.0,20,13000,买盘
1054,14:09:24,6.5,0.0,19,12350,买盘
1055,14:09:27,6.5,0.0,1,650,买盘
1056,14:09:34,6.5,0.0,20,13000,买盘
1057,14:09:37,6.49,-0.01,1,649,卖盘
1058,14:09:42,6.48,-0.01,30,19450,卖盘
1059,14:09:46,6.5,0.02,20,13000,买盘
1060,14:09:52,6.48,-0.02,4,2592,卖盘
1061,14:09:55,6.47,-0.01,151,97846,卖盘
1062,14:09:58,6.48,0.01,21,13608,买盘
1063,14:10:07,6.48,0.0,20,12960,买盘
1064,14:10:16,6.48,0.0,7,4536,卖盘
1065,14:10:19,6.48,0.0,18,11664,买盘
1066,14:10:31,6.5,0.02,21,13639,买盘
1067,14:10:40,6.5,0.0,18,11700,买盘
1068,14:10:43,6.47,-0.03,1,647,卖盘
1069,14:10:49,6.48,0.01,20,12960,买盘
1070,14:10:52,6.48,0.0,83,53784,买盘
1071,14:10:57,6.48,0.0,10,6480,卖盘
1072,14:11:01,6.47,-0.01,16,10362,卖盘
1073,14:11:04,6.47,0.0,99,64109,卖盘
1074,14:11:13,6.48,0.01,19,12312,买盘
1075,14:11:16,6.48,0.0,104,67392,买盘
1076,14:11:24,6.49,0.01,19,12324,买盘
1077,14:11:31,6.49,0.0,1,649,买盘
1078,14:11:37,6.49,0.0,19,12331,买盘
1079,14:11:40,6.47,-0.02,28,18118,卖盘
1080,14:11:46,6.48,0.01,20,12960,买盘
1081,14:11:58,6.48,0.0,19,12312,买盘
1082,14:12:00,6.47,-0.01,85,54995,卖盘
1083,14:12:09,6.48,0.01,76,49248,买盘
1084,14:12:13,6.47,-0.01,51,32997,卖盘
1085,14:12:19,6.48,0.01,24,15548,买盘
1086,14:12:27,6.47,-0.01,54,34938,卖盘
1087,14:12:31,6.47,0.0,115,74430,卖盘
1088,14:12:34,6.47,0.0,50,32350,中性盘
1089,14:12:40,6.47,0.0,2,1294,买盘
1090,14:12:43,6.47,0.0,20,12940,买盘
1091,14:12:46,6.47,0.0,20,12940,买盘
1092,14:12:55,6.47,0.0,19,12293,买盘
1093,14:13:04,6.47,0.0,19,12293,买盘
1094,14:13:13,6.47,0.0,23,14881,买盘
1095,14:13:16,6.47,0.0,20,12940,买盘
1096,14:13:19,6.47,0.0,4,2588,买盘
1097,14:13:22,6.47,0.0,1,647,卖盘
1098,14:13:28,6.49,0.02,20,12975,买盘
1099,14:13:37,6.48,-0.01,23,14901,买盘
1100,14:13:40,6.47,-0.01,2,1294,卖盘
1101,14:13:46,6.47,0.0,27,17469,卖盘
1102,14:13:48,6.49,0.02,33,21388,买盘
1103,14:13:51,6.47,-0.02,3,1941,卖盘
1104,14:13:58,6.47,0.0,9,5823,卖盘
1105,14:14:01,6.49,0.02,21,13629,买盘
1106,14:14:04,6.47,-0.02,3,1941,卖盘
1107,14:14:07,6.47,0.0,86,55642,卖盘
1108,14:14:10,6.47,0.0,19,12293,买盘
1109,14:14:22,6.47,0.0,19,12293,买盘
1110,14:14:34,6.49,0.02,19,12301,买盘
1111,14:14:43,6.49,0.0,19,12331,买盘
1112,14:14:55,6.49,0.0,20,12980,买盘
1113,14:15:04,6.46,-0.03,6,3876,卖盘
1114,14:15:07,6.46,0.0,23,14921,卖盘
1115,14:15:10,6.46,0.0,7,4522,卖盘
1116,14:15:15,6.46,0.0,40,25901,卖盘
1117,14:15:18,6.46,0.0,27,17442,卖盘
1118,14:15:22,6.46,0.0,15,9690,卖盘
1119,14:15:25,6.46,0.0,6,3876,卖盘
1120,14:15:28,6.47,0.01,21,13587,买盘
1121,14:15:31,6.46,-0.01,1,646,卖盘
1122,14:15:37,6.46,0.0,7,4522,卖盘
1123,14:15:40,6.47,0.01,22,14234,买盘
1124,14:15:49,6.47,0.0,19,12293,买盘
1125,14:15:55,6.46,-0.01,22,14212,卖盘
1126,14:16:00,6.47,0.01,21,13587,买盘
1127,14:16:07,6.45,-0.02,300,193589,卖盘
1128,14:16:12,6.47,0.02,21,13587,买盘
1129,14:16:15,6.45,-0.02,200,129000,卖盘
1130,14:16:22,6.47,0.02,22,14234,买盘
1131,14:16:34,6.46,-0.01,19,12274,买盘
1132,14:16:36,6.46,0.0,20,12920,买盘
1133,14:16:46,6.46,0.0,29,18734,买盘
1134,14:16:49,6.46,0.0,8,5168,买盘
1135,14:16:52,6.45,-0.01,5,3227,卖盘
1136,14:16:55,6.47,0.02,19,12288,买盘
1137,14:16:58,6.45,-0.02,6,3870,卖盘
1138,14:17:06,6.47,0.02,22,14234,买盘
1139,14:17:16,6.45,-0.02,2,1290,卖盘
1140,14:17:19,6.47,0.02,21,13587,买盘
1141,14:17:28,6.47,0.0,21,13581,买盘
1142,14:17:31,6.47,0.0,1,647,买盘
1143,14:17:40,6.47,0.0,21,13587,买盘
1144,14:17:46,6.47,0.0,1,647,买盘
1145,14:17:52,6.47,0.0,22,14234,买盘
1146,14:18:00,6.47,0.0,19,12293,买盘
1147,14:18:13,6.47,0.0,21,13587,买盘
1148,14:18:25,6.47,0.0,25,16175,买盘
1149,14:18:31,6.47,0.0,1,647,买盘
1150,14:18:34,6.47,0.0,20,12940,买盘
1151,14:18:40,6.47,0.0,30,19410,买盘
1152,14:18:46,6.47,0.0,20,12940,买盘
1153,14:18:48,6.46,-0.01,1,646,卖盘
1154,14:18:58,6.47,0.01,21,13587,买盘
1155,14:19:07,6.47,0.0,97,62679,买盘
1156,14:19:09,6.47,0.0,10,6470,买盘
1157,14:19:19,6.47,0.0,22,14234,买盘
1158,14:19:27,6.47,0.0,1,647,买盘
1159,14:19:31,6.47,0.0,18,11646,买盘
1160,14:19:40,6.47,0.0,18,11646,买盘
1161,14:19:45,6.47,0.0,1,647,买盘
1162,14:19:52,6.47,0.0,19,12293,买盘
1163,14:19:55,6.47,0.0,10,6470,买盘
1164,14:20:04,6.49,0.02,21,13593,买盘
1165,14:20:16,6.5,0.01,22,14289,买盘
1166,14:20:25,6.5,0.0,22,14300,买盘
1167,14:20:31,6.5,0.0,1,650,买盘
1168,14:20:36,6.5,0.0,18,11699,买盘
1169,14:20:49,6.48,-0.02,19,12312,买盘
1170,14:20:58,6.5,0.02,20,12986,买盘
1171,14:21:04,6.47,-0.03,1,647,卖盘
1172,14:21:10,6.46,-0.01,60,38836,卖盘
1173,14:21:22,6.5,0.04,20,13000,买盘
1174,14:21:28,6.47,-0.03,22,14234,卖盘
1175,14:21:31,6.46,-0.01,12,7761,卖盘
1176,14:21:34,6.46,0.0,27,17442,买盘
1177,14:21:39,6.45,-0.01,59,38055,卖盘
1178,14:21:42,6.46,0.01,21,13566,买盘
1179,14:21:54,6.46,0.0,22,14212,买盘
1180,14:21:58,6.46,0.0,25,16145,买盘
1181,14:22:04,6.46,0.0,114,73644,买盘
1182,14:22:07,6.46,0.0,15,9690,买盘
1183,14:22:10,6.45,-0.01,18,11624,卖盘
1184,14:22:16,6.46,0.01,28,18088,买盘
1185,14:22:19,6.46,0.0,22,14212,买盘
1186,14:22:22,6.46,0.0,119,76874,买盘
1187,14:22:25,6.46,0.0,5,3230,卖盘
1188,14:22:28,6.49,0.03,21,13621,买盘
1189,14:22:34,6.46,-0.03,4,2584,卖盘
1190,14:22:37,6.5,0.04,21,13639,买盘
1191,14:22:48,6.5,0.0,22,14300,买盘
1192,14:23:01,6.5,0.0,19,12350,买盘
1193,14:23:10,6.5,0.0,22,14296,买盘
1194,14:23:21,6.5,0.0,22,14299,买盘
1195,14:23:33,6.5,0.0,20,13000,买盘
1196,14:23:37,6.47,-0.03,7,4529,卖盘
1197,14:23:43,6.5,0.03,18,11700,买盘
1198,14:23:46,6.5,0.0,1,650,买盘
1199,14:23:54,6.5,0.0,19,12350,买盘
1200,14:24:01,6.5,0.0,1,650,买盘
1201,14:24:04,6.5,0.0,210,136500,买盘
1202,14:24:06,6.51,0.01,15,9765,买盘
1203,14:24:09,6.51,0.0,5,3255,卖盘
1204,14:24:15,6.52,0.01,22,14338,买盘
1205,14:24:27,6.51,-0.01,21,13671,买盘
1206,14:24:36,6.47,-0.04,1,647,卖盘
1207,14:24:40,6.51,0.04,21,13671,买盘
1208,14:24:46,6.5,-0.01,2,1300,中性盘
1209,14:24:49,6.51,0.01,22,14320,买盘
1210,14:25:01,6.51,0.0,21,13671,买盘
1211,14:25:12,6.51,0.0,19,12369,买盘
1212,14:25:21,6.52,0.01,20,13038,买盘
1213,14:25:31,6.52,0.0,1,652,买盘
1214,14:25:34,6.52,0.0,19,12388,买盘
1215,14:25:46,6.52,0.0,20,13040,买盘
1216,14:25:58,6.52,0.0,21,13692,买盘
1217,14:26:00,6.52,0.0,1,652,买盘
1218,14:26:07,6.53,0.01,21,13694,买盘
1219,14:26:13,6.47,-0.06,22,14234,卖盘
1220,14:26:28,6.51,0.04,15,9765,中性盘
1221,14:26:30,6.53,0.02,19,12400,买盘
1222,14:26:33,6.52,-0.01,1,652,卖盘
1223,14:26:37,6.47,-0.05,7,4529,卖盘
1224,14:26:40,6.49,0.02,28,18156,中性盘
1225,14:26:43,6.49,0.0,6,3894,买盘
1226,14:26:46,6.47,-0.02,17,10999,卖盘
1227,14:26:49,6.47,0.0,8,5176,卖盘
1228,14:26:52,6.5,0.03,14,9087,买盘
1229,14:26:55,6.5,0.0,7,4550,卖盘
1230,14:26:58,6.47,-0.03,3,1941,卖盘
1231,14:27:00,6.47,0.0,1,647,卖盘
1232,14:27:04,6.52,0.05,27,17550,买盘
1233,14:27:12,6.52,0.0,22,14344,买盘
1234,14:27:19,6.52,0.0,1,652,买盘
1235,14:27:25,6.53,0.01,20,13058,买盘
1236,14:27:37,6.52,-0.01,18,11731,买盘
1237,14:27:45,6.52,0.0,19,12388,中性盘
1238,14:27:58,6.52,0.0,20,13040,买盘
1239,14:28:10,6.52,0.0,20,13040,买盘
1240,14:28:18,6.52,0.0,21,13692,买盘
1241,14:28:27,6.47,-0.05,5,3235,卖盘
1242,14:28:30,6.52,0.05,43,27916,买盘
1243,14:28:37,6.47,-0.05,4,2588,卖盘
1244,14:28:42,6.52,0.05,19,12388,买盘
1245,14:28:52,6.53,0.01,26,16936,买盘
1246,14:29:01,6.52,-0.01,6,3887,买盘
1247,14:29:04,6.52,0.0,21,13692,买盘
1248,14:29:16,6.52,0.0,21,13692,买盘
1249,14:29:24,6.52,0.0,22,14344,买盘
1250,14:29:37,6.52,0.0,18,11736,买盘
1251,14:29:46,6.52,0.0,1,652,买盘
1252,14:29:49,6.52,0.0,19,12388,买盘
1253,14:29:58,6.52,0.0,19,12388,买盘
1254,14:30:01,6.5,-0.02,1,650,中性盘
1255,14:30:06,6.47,-0.03,10,6472,卖盘
1256,14:30:09,6.52,0.05,37,24053,买盘
1257,14:30:21,6.52,0.0,18,11736,买盘
1258,14:30:28,6.51,-0.01,112,72868,买盘
1259,14:30:31,6.52,0.01,19,12385,买盘
1260,14:30:34,6.49,-0.03,2,1298,卖盘
1261,14:30:43,6.52,0.03,22,14344,买盘
1262,14:30:55,6.52,0.0,19,12388,买盘
1263,14:31:04,6.52,0.0,20,13040,买盘
1264,14:31:16,6.52,0.0,19,12388,买盘
1265,14:31:25,6.48,-0.04,8,5184,买盘
1266,14:31:28,6.51,0.03,29,18842,买盘
1267,14:31:37,6.51,0.0,20,13002,买盘
1268,14:31:40,6.47,-0.04,232,150104,卖盘
1269,14:31:49,6.47,0.0,20,12940,买盘
1270,14:31:57,6.47,0.0,1,647,买盘
1271,14:32:01,6.47,0.0,25,16175,买盘
1272,14:32:04,6.47,0.0,3,1941,买盘
1273,14:32:06,6.47,0.0,3,1941,买盘
1274,14:32:10,6.47,0.0,2,1294,买盘
1275,14:32:13,6.47,0.0,105,67935,买盘
1276,14:32:22,6.5,0.03,20,12997,买盘
1277,14:32:25,6.48,-0.02,1,648,卖盘
1278,14:32:34,6.5,0.02,52,33650,买盘
1279,14:32:45,6.5,0.0,20,13000,买盘
1280,14:32:51,6.48,-0.02,1,648,买盘
1281,14:32:54,6.48,0.0,20,12960,买盘
1282,14:33:01,6.48,0.0,15,9720,买盘
1283,14:33:07,6.5,0.02,19,12322,买盘
1284,14:33:10,6.5,0.0,2,1300,卖盘
1285,14:33:19,6.5,0.0,20,13000,买盘
1286,14:33:28,6.51,0.01,20,13010,买盘
1287,14:33:40,6.49,-0.02,28,18170,买盘
1288,14:33:52,6.49,0.0,21,13629,买盘
1289,14:34:01,6.49,0.0,21,13629,买盘
1290,14:34:07,6.49,0.0,5,3245,买盘
1291,14:34:12,6.49,0.0,18,11682,买盘
1292,14:34:22,6.48,-0.01,7,4536,卖盘
1293,14:34:24,6.49,0.01,19,12331,买盘
1294,14:34:34,6.49,0.0,19,12331,买盘
1295,14:34:46,6.49,0.0,21,13629,买盘
1296,14:34:49,6.49,0.0,22,14278,买盘
1297,14:34:52,6.49,0.0,50,32450,卖盘
1298,14:34:55,6.51,0.02,71,46087,买盘
1299,14:34:58,6.51,0.0,20,13020,买盘
1300,14:35:10,6.51,0.0,20,13020,买盘
1301,14:35:19,6.49,-0.02,32,20748,买盘
1302,14:35:31,6.49,0.0,21,13629,买盘
1303,14:35:33,6.47,-0.02,22,14268,卖盘
1304,14:35:40,6.49,0.02,18,11677,买盘
1305,14:35:52,6.49,0.0,19,12331,买盘
1306,14:35:55,6.49,0.0,7,4543,买盘
1307,14:36:00,6.47,-0.02,5,3235,卖盘
1308,14:36:04,6.49,0.02,19,12331,买盘
1309,14:36:09,6.47,-0.02,4,2588,卖盘
1310,14:36:13,6.49,0.02,27,17509,买盘
1311,14:36:25,6.49,0.0,20,12980,买盘
1312,14:36:34,6.49,0.0,1,649,买盘
1313,14:36:37,6.49,0.0,19,12331,买盘
1314,14:36:45,6.49,0.0,21,13629,买盘
1315,14:36:57,6.49,0.0,27,17523,买盘
1316,14:37:10,6.49,0.0,22,14278,买盘
1317,14:37:19,6.49,0.0,19,12331,买盘
1318,14:37:31,6.49,0.0,19,12331,买盘
1319,14:37:34,6.48,-0.01,4,2592,卖盘
1320,14:37:39,6.48,0.0,3,1944,卖盘
1321,14:37:43,6.49,0.01,20,12980,买盘
1322,14:37:46,6.48,-0.01,14,9063,中性盘
1323,14:37:52,6.49,0.01,20,12980,买盘
1324,14:37:58,6.49,0.0,22,14248,买盘
1325,14:38:04,6.49,0.0,21,13629,买盘
1326,14:38:16,6.49,0.0,19,12331,买盘
1327,14:38:28,6.49,0.0,19,12331,买盘
1328,14:38:31,6.47,-0.02,29,18768,卖盘
1329,14:38:37,6.49,0.02,35,22715,买盘
1330,14:38:49,6.49,0.0,20,12980,买盘
1331,14:39:01,6.49,0.0,20,12974,买盘
1332,14:39:07,6.49,0.0,8,5192,买盘
1333,14:39:10,6.49,0.0,121,78329,买盘
1334,14:39:16,6.47,-0.02,38,24586,卖盘
1335,14:39:22,6.49,0.02,40,25924,买盘
1336,14:39:25,6.47,-0.02,3,1941,买盘
1337,14:39:31,6.46,-0.01,76,49096,卖盘
1338,14:39:34,6.47,0.01,18,11646,买盘
1339,14:39:43,6.47,0.0,136,87874,买盘
1340,14:39:52,6.46,-0.01,16,10336,卖盘
1341,14:39:55,6.46,0.0,20,12920,买盘
1342,14:40:01,6.45,-0.01,24,15480,卖盘
1343,14:40:04,6.46,0.01,7,4522,买盘
1344,14:40:07,6.45,-0.01,22,14209,卖盘
1345,14:40:13,6.45,0.0,7,4515,卖盘
1346,14:40:16,6.46,0.01,18,11628,买盘
1347,14:40:22,6.46,0.0,13,8388,买盘
1348,14:40:25,6.45,-0.01,4,2580,卖盘
1349,14:40:28,6.46,0.01,21,13566,买盘
1350,14:40:31,6.46,0.0,4,2584,买盘
1351,14:40:37,6.45,-0.01,5,3225,卖盘
1352,14:40:40,6.46,0.01,167,107740,买盘
1353,14:40:46,6.45,-0.01,174,112230,卖盘
1354,14:40:49,6.46,0.01,33,21308,买盘
1355,14:40:51,6.45,-0.01,9,5805,卖盘
1356,14:41:01,6.45,0.0,20,12900,买盘
1357,14:41:04,6.44,-0.01,5,3220,卖盘
1358,14:41:07,6.44,0.0,29,18676,卖盘
1359,14:41:10,6.45,0.01,6,3870,买盘
1360,14:41:13,6.45,0.0,20,12900,买盘
1361,14:41:16,6.45,0.0,52,33540,买盘
1362,14:41:22,6.45,0.0,64,41280,卖盘
1363,14:41:28,6.45,0.0,3,1935,买盘
1364,14:41:34,6.44,-0.01,137,88248,卖盘
1365,14:41:43,6.44,0.0,20,12880,买盘
1366,14:41:46,6.44,0.0,21,13524,买盘
1367,14:41:48,6.42,-0.02,140,89995,卖盘
1368,14:41:51,6.44,0.02,30,19320,买盘
1369,14:41:54,6.44,0.0,21,13524,买盘
1370,14:42:06,6.44,0.0,28,18032,买盘
1371,14:42:15,6.42,-0.02,5,3210,卖盘
1372,14:42:19,6.44,0.02,22,14168,买盘
1373,14:42:21,6.44,0.0,33,21232,买盘
1374,14:42:27,6.44,0.0,18,11587,买盘
1375,14:42:36,6.42,-0.02,60,38524,卖盘
1376,14:42:40,6.44,0.02,20,12876,买盘
1377,14:42:46,6.42,-0.02,32,20544,卖盘
1378,14:42:52,6.44,0.02,19,12236,买盘
1379,14:42:55,6.42,-0.02,8,5136,卖盘
1380,14:43:01,6.44,0.02,19,12236,买盘
1381,14:43:04,6.42,-0.02,5,3210,卖盘
1382,14:43:10,6.44,0.02,7,4508,买盘
1383,14:43:13,6.44,0.0,18,11592,买盘
1384,14:43:19,6.43,-0.01,5,3216,卖盘
1385,14:43:25,6.45,0.02,50,32165,买盘
1386,14:43:31,6.43,-0.02,5,3215,卖盘
1387,14:43:34,6.45,0.02,22,14185,买盘
1388,14:43:46,6.45,0.0,18,11600,买盘
1389,14:43:58,6.45,0.0,18,11610,买盘
1390,14:44:06,6.45,0.0,18,11600,买盘
1391,14:44:09,6.43,-0.02,3,1929,卖盘
1392,14:44:19,6.45,0.02,22,14190,买盘
1393,14:44:24,6.45,0.0,70,45150,买盘
1394,14:44:28,6.45,0.0,100,64500,买盘
1395,14:44:30,6.45,0.0,40,25800,买盘
1396,14:44:34,6.44,-0.01,14,9016,卖盘
1397,14:44:40,6.49,0.05,22,14278,买盘
1398,14:44:51,6.47,-0.02,22,14234,中性盘
1399,14:44:58,6.5,0.03,312,202518,买盘
1400,14:45:07,6.44,-0.06,20,12880,卖盘
1401,14:45:13,6.51,0.07,20,13008,买盘
1402,14:45:46,6.48,-0.03,1,648,买盘
1403,14:46:10,6.45,-0.03,4,2580,卖盘
1404,14:46:15,6.45,0.0,55,35523,卖盘
1405,14:46:18,6.45,0.0,75,48304,买盘
1406,14:46:31,6.44,-0.01,1,644,买盘
1407,14:46:34,6.43,-0.01,15,9646,卖盘
1408,14:46:37,6.44,0.01,3,1932,买盘
1409,14:46:43,6.43,-0.01,157,100953,卖盘
1410,14:46:45,6.43,0.0,1,643,卖盘
1411,14:46:49,6.45,0.02,20,12900,买盘
1412,14:46:51,6.43,-0.02,6,3858,卖盘
1413,14:46:58,6.44,0.01,8,5152,中性盘
1414,14:47:01,6.44,0.0,7,4508,卖盘
1415,14:47:04,6.44,0.0,20,12885,卖盘
1416,14:47:13,6.43,-0.01,6,3858,卖盘
1417,14:47:16,6.44,0.01,10,6440,买盘
1418,14:47:31,6.44,0.0,2,1288,买盘
1419,14:47:33,6.44,0.0,20,12880,买盘
1420,14:47:37,6.44,0.0,90,57960,买盘
1421,14:47:40,6.44,0.0,1,644,买盘
1422,14:47:43,6.44,0.0,166,106769,买盘
1423,14:47:55,6.44,0.0,8,5152,卖盘
1424,14:48:13,6.44,0.0,15,9660,卖盘
1425,14:48:16,6.47,0.03,3,1941,买盘
1426,14:48:28,6.47,0.0,3,1941,买盘
1427,14:48:34,6.44,-0.03,14,9016,卖盘
1428,14:48:43,6.44,0.0,45,28990,卖盘
1429,14:48:58,6.47,0.03,3,1941,买盘
1430,14:49:01,6.45,-0.02,15,9677,卖盘
1431,14:49:04,6.47,0.02,3,1941,买盘
1432,14:49:07,6.45,-0.02,8,5160,卖盘
1433,14:49:10,6.45,0.0,3,1935,卖盘
1434,14:49:16,6.44,-0.01,1,644,卖盘
1435,14:49:22,6.46,0.02,3,1938,买盘
1436,14:49:34,6.45,-0.01,1,645,卖盘
1437,14:49:36,6.46,0.01,4,2584,买盘
1438,14:49:40,6.47,0.01,3,1940,买盘
1439,14:49:49,6.46,-0.01,6,3876,买盘
1440,14:49:52,6.46,0.0,1,646,买盘
1441,14:49:58,6.47,0.01,13,8390,买盘
1442,14:50:15,6.45,-0.02,6,3871,卖盘
1443,14:50:19,6.46,0.01,2,1292,卖盘
1444,14:50:21,6.45,-0.01,2,1290,卖盘
1445,14:50:24,6.45,0.0,1,645,卖盘
1446,14:50:28,6.45,0.0,1,645,买盘
1447,14:50:34,6.44,-0.01,14,9016,卖盘
1448,14:51:00,6.44,0.0,8,5154,卖盘
1449,14:51:10,6.44,0.0,40,25760,卖盘
1450,14:51:18,6.45,0.01,3,1935,买盘
1451,14:51:28,6.45,0.0,4,2580,买盘
1452,14:51:34,6.44,-0.01,30,19320,卖盘
1453,14:51:37,6.45,0.01,2,1290,买盘
1454,14:51:39,6.45,0.0,26,16770,买盘
1455,14:51:46,6.46,0.01,2,1291,买盘
1456,14:51:55,6.45,-0.01,4,2580,卖盘
1457,14:52:01,6.47,0.02,305,197335,买盘
1458,14:52:04,6.47,0.0,3,1941,卖盘
1459,14:52:07,6.45,-0.02,3,1935,卖盘
1460,14:52:22,6.45,0.0,25,16125,卖盘
1461,14:52:31,6.45,0.0,62,39931,买盘
1462,14:52:34,6.45,0.0,133,85785,买盘
1463,14:52:40,6.45,0.0,1,645,买盘
1464,14:52:49,6.44,-0.01,116,74797,卖盘
1465,14:52:52,6.44,0.0,16,10304,买盘
1466,14:52:55,6.44,0.0,7,4508,买盘
1467,14:52:58,6.44,0.0,9,5796,买盘
1468,14:53:01,6.44,0.0,11,7084,买盘
1469,14:53:04,6.44,0.0,19,12235,买盘
1470,14:53:13,6.45,0.01,3,1935,买盘
1471,14:53:16,6.45,0.0,3,1935,买盘
1472,14:53:25,6.45,0.0,1,645,买盘
1473,14:53:27,6.44,-0.01,20,12880,卖盘
1474,14:53:40,6.44,0.0,3,1932,买盘
1475,14:53:43,6.44,0.0,3,1932,买盘
1476,14:53:49,6.44,0.0,21,13524,买盘
1477,14:53:55,6.44,0.0,6,3864,买盘
1478,14:53:58,6.44,0.0,1,644,买盘
1479,14:54:01,6.44,0.0,50,32200,买盘
1480,14:54:04,6.44,0.0,53,34082,买盘
1481,14:54:07,6.44,0.0,9,5796,买盘
1482,14:54:10,6.44,0.0,1,644,买盘
1483,14:54:22,6.44,0.0,69,44436,买盘
1484,14:54:58,6.45,0.01,3,1935,买盘
1485,14:55:01,6.45,0.0,65,41925,买盘
1486,14:55:07,6.44,-0.01,23,14812,卖盘
1487,14:55:12,6.43,-0.01,4,2572,卖盘
1488,14:55:16,6.44,0.01,20,12880,买盘
1489,14:55:25,6.44,0.0,3,1932,买盘
1490,14:55:30,6.43,-0.01,23,14794,卖盘
1491,14:55:34,6.45,0.02,3,1935,买盘
1492,14:55:37,6.43,-0.02,61,39234,卖盘
1493,14:55:40,6.44,0.01,10,6440,买盘
1494,14:55:55,6.44,0.0,8,5152,买盘
1495,14:56:04,6.44,0.0,23,14812,买盘
1496,14:56:07,6.44,0.0,20,12880,买盘
1497,14:56:10,6.44,0.0,3,1932,买盘
1498,14:56:13,6.44,0.0,20,12880,买盘
1499,14:56:18,6.44,0.0,10,6440,买盘
1500,14:56:22,6.44,0.0,10,6440,买盘
1501,14:56:49,6.44,0.0,8,5152,买盘
1502,14:56:52,6.44,0.0,16,10304,买盘
1503,14:57:00,6.44,0.0,5,3217,买盘
1504,15:00:04,6.44,0.0,482,310930,买盘
