,time,price,change,volume,amount,type
0,09:25:04,2.62,-0.02,398,104276,卖盘
1,09:30:04,2.62,0.0,386,101162,卖盘
2,09:30:06,2.62,0.0,44,11566,卖盘
3,09:30:12,2.63,0.01,400,105200,买盘
4,09:30:36,2.62,-0.01,9,2358,卖盘
5,09:31:04,2.62,0.0,1,262,卖盘
6,09:31:09,2.62,0.0,10,2620,卖盘
7,09:31:15,2.62,0.0,20,5240,卖盘
8,09:31:33,2.62,0.0,15,3930,卖盘
9,09:31:42,2.63,0.01,20,5260,买盘
10,09:31:45,2.63,0.0,200,52600,买盘
11,09:31:51,2.62,-0.01,17,4454,卖盘
12,09:31:57,2.62,0.0,40,10490,卖盘
13,09:32:04,2.62,0.0,4,1048,卖盘
14,09:32:12,2.62,0.0,385,100870,卖盘
15,09:32:19,2.62,0.0,31,8122,卖盘
16,09:32:25,2.62,0.0,103,26986,卖盘
17,09:32:30,2.62,0.0,89,23318,卖盘
18,09:32:37,2.62,0.0,12,3144,买盘
19,09:32:39,2.62,0.0,460,120440,买盘
20,09:32:48,2.6,-0.02,1730,450226,卖盘
21,09:33:00,2.6,0.0,45,11700,买盘
22,09:33:04,2.59,-0.01,113,29367,卖盘
23,09:33:09,2.6,0.01,414,107640,买盘
24,09:33:12,2.59,-0.01,303,78763,卖盘
25,09:33:15,2.6,0.01,52,13520,买盘
26,09:33:21,2.6,0.0,100,26000,卖盘
27,09:33:24,2.6,0.0,62,16120,卖盘
28,09:33:39,2.61,0.01,125,32625,买盘
29,09:33:54,2.61,0.0,30,7830,卖盘
30,09:34:01,2.62,0.01,135,35370,买盘
31,09:34:04,2.61,-0.01,123,32103,卖盘
32,09:34:09,2.62,0.01,6,1568,买盘
33,09:34:15,2.61,-0.01,12,3132,卖盘
34,09:34:18,2.62,0.01,2,524,买盘
35,09:34:21,2.62,0.0,23,6026,买盘
36,09:34:24,2.62,0.0,64,16710,买盘
37,09:34:30,2.62,0.0,1,262,买盘
38,09:34:33,2.62,0.0,30,7860,买盘
39,09:34:39,2.62,0.0,86,22532,买盘
40,09:34:45,2.61,-0.01,2100,548100,卖盘
41,09:34:48,2.62,0.01,178,46636,买盘
42,09:34:51,2.61,-0.01,32,8375,卖盘
43,09:35:09,2.62,0.01,6,1572,买盘
44,09:35:12,2.61,-0.01,665,173565,卖盘
45,09:35:16,2.61,0.0,336,87696,卖盘
46,09:35:24,2.61,0.0,690,180090,卖盘
47,09:35:30,2.62,0.01,51,13362,买盘
48,09:35:54,2.61,-0.01,32,8352,卖盘
49,09:36:04,2.62,0.01,40,10480,买盘
50,09:36:09,2.62,0.0,11,2882,买盘
51,09:36:15,2.61,-0.01,761,198621,卖盘
52,09:36:27,2.61,0.0,303,79083,卖盘
53,09:36:33,2.61,0.0,112,29232,卖盘
54,09:36:36,2.61,0.0,15,3915,卖盘
55,09:36:39,2.61,0.0,32,8352,买盘
56,09:36:42,2.61,0.0,151,39411,卖盘
57,09:36:51,2.61,0.0,6,1571,卖盘
58,09:36:54,2.61,0.0,334,87174,卖盘
59,09:37:03,2.61,0.0,51,13311,买盘
60,09:37:09,2.6,-0.01,25,6500,卖盘
61,09:37:21,2.6,0.0,108,28080,卖盘
62,09:37:24,2.6,0.0,1304,339040,卖盘
63,09:37:30,2.6,0.0,1,260,卖盘
64,09:37:36,2.6,0.0,30,7800,卖盘
65,09:37:39,2.6,0.0,500,130000,卖盘
66,09:37:42,2.6,0.0,66,17160,卖盘
67,09:37:45,2.6,0.0,209,54340,卖盘
68,09:37:51,2.6,0.0,51,13260,买盘
69,09:37:54,2.6,0.0,106,27560,买盘
70,09:37:57,2.6,0.0,15,3900,买盘
71,09:38:00,2.6,0.0,30,7800,买盘
72,09:38:03,2.6,0.0,20,5200,买盘
73,09:38:06,2.6,0.0,7,1820,买盘
74,09:38:09,2.6,0.0,244,63390,买盘
75,09:38:12,2.6,0.0,30,7800,买盘
76,09:38:15,2.59,-0.01,127,32952,卖盘
77,09:38:27,2.6,0.01,31,8060,卖盘
78,09:38:30,2.6,0.0,15,3900,买盘
79,09:38:34,2.6,0.0,168,43680,买盘
80,09:38:43,2.6,0.0,100,26000,卖盘
81,09:38:45,2.6,0.0,65,16900,卖盘
82,09:38:54,2.6,0.0,90,23400,卖盘
83,09:38:57,2.6,0.0,1654,428938,卖盘
84,09:39:15,2.6,0.0,140,36400,卖盘
85,09:39:27,2.6,0.0,50,13000,买盘
86,09:39:30,2.59,-0.01,10,2590,卖盘
87,09:39:33,2.6,0.01,1,260,买盘
88,09:39:36,2.59,-0.01,605,156695,卖盘
89,09:39:46,2.59,0.0,409,105931,买盘
90,09:39:48,2.59,0.0,50,12950,卖盘
91,09:39:57,2.59,0.0,118,30562,卖盘
92,09:40:01,2.59,0.0,15,3885,买盘
93,09:40:07,2.59,0.0,104,26933,买盘
94,09:40:12,2.59,0.0,7,1813,买盘
95,09:40:16,2.59,0.0,105,27195,买盘
96,09:40:19,2.59,0.0,5,1295,买盘
97,09:40:21,2.59,0.0,41,10619,买盘
98,09:40:30,2.59,0.0,1,259,买盘
99,09:40:33,2.59,0.0,1,259,买盘
100,09:40:36,2.59,0.0,1,259,卖盘
101,09:40:42,2.59,0.0,288,74592,卖盘
102,09:40:45,2.59,0.0,39,10098,买盘
103,09:40:48,2.59,0.0,74,19155,买盘
104,09:40:52,2.59,0.0,46,11914,卖盘
105,09:40:54,2.59,0.0,122,31598,卖盘
106,09:41:06,2.59,0.0,27,6993,卖盘
107,09:41:09,2.6,0.01,7,1820,买盘
108,09:41:18,2.6,0.0,45,11700,买盘
109,09:41:21,2.59,-0.01,925,239577,卖盘
110,09:41:24,2.59,0.0,33,8547,买盘
111,09:41:30,2.59,0.0,87,22533,买盘
112,09:41:57,2.6,0.01,100,26000,买盘
113,09:42:13,2.59,-0.01,3,777,卖盘
114,09:42:16,2.6,0.01,30,7800,买盘
115,09:42:18,2.59,-0.01,46,11931,卖盘
116,09:42:24,2.6,0.01,3,780,买盘
117,09:42:30,2.6,0.0,50,13000,买盘
118,09:42:33,2.59,-0.01,55,14245,卖盘
119,09:42:40,2.6,0.01,775,201500,买盘
120,09:42:43,2.6,0.0,50,13000,买盘
121,09:42:45,2.6,0.0,7,1820,买盘
122,09:42:58,2.61,0.01,25,6525,买盘
123,09:43:00,2.61,0.0,11,2871,买盘
124,09:43:36,2.6,-0.01,15,3900,卖盘
125,09:43:58,2.6,0.0,2,520,卖盘
126,09:44:04,2.6,0.0,16,4160,卖盘
127,09:44:06,2.6,0.0,10,2600,卖盘
128,09:44:12,2.6,0.0,75,19500,卖盘
129,09:44:24,2.6,0.0,344,89440,卖盘
130,09:44:27,2.6,0.0,36,9360,买盘
131,09:44:30,2.6,0.0,100,26000,买盘
132,09:44:33,2.6,0.0,50,13000,买盘
133,09:44:51,2.59,-0.01,20,5180,卖盘
134,09:44:54,2.6,0.01,1,260,买盘
135,09:45:19,2.6,0.0,13,3380,买盘
136,09:45:22,2.6,0.0,200,52000,买盘
137,09:45:25,2.6,0.0,5,1300,买盘
138,09:45:27,2.6,0.0,20,5200,买盘
139,09:45:30,2.6,0.0,90,23400,买盘
140,09:45:46,2.6,0.0,10,2600,买盘
141,09:45:48,2.6,0.0,31,8060,买盘
142,09:46:57,2.59,-0.01,70,18130,卖盘
143,09:47:09,2.59,0.0,30,7770,卖盘
144,09:47:24,2.6,0.01,9,2340,买盘
145,09:47:27,2.59,-0.01,36,9324,卖盘
146,09:47:30,2.59,0.0,1928,499531,卖盘
147,09:47:33,2.59,0.0,6,1554,卖盘
148,09:47:42,2.59,0.0,57,14785,卖盘
149,09:47:46,2.59,0.0,121,31160,卖盘
150,09:47:49,2.59,0.0,6,1554,买盘
151,09:47:51,2.59,0.0,5,1295,买盘
152,09:47:57,2.59,0.0,18,4662,买盘
153,09:48:09,2.58,-0.01,31,7998,卖盘
154,09:48:12,2.59,0.01,100,25900,买盘
155,09:48:16,2.59,0.0,50,12950,买盘
156,09:48:18,2.59,0.0,415,107080,买盘
157,09:48:27,2.59,0.0,2,518,买盘
158,09:48:33,2.59,0.0,15,3885,买盘
159,09:48:42,2.58,-0.01,10,2580,卖盘
160,09:48:51,2.58,0.0,30,7740,卖盘
161,09:48:57,2.59,0.01,239,62080,买盘
162,09:49:00,2.59,0.0,6,1554,卖盘
163,09:49:04,2.59,0.0,25,6475,卖盘
164,09:49:06,2.59,0.0,1,259,卖盘
165,09:49:12,2.59,0.0,11,2670,卖盘
166,09:49:33,2.58,-0.01,4,1032,卖盘
167,09:49:54,2.59,0.01,150,38850,买盘
168,09:49:57,2.59,0.0,18,4841,买盘
169,09:50:19,2.59,0.0,103,26498,卖盘
170,09:50:27,2.59,0.0,21,5439,买盘
171,09:50:36,2.58,-0.01,80,20640,卖盘
172,09:50:42,2.59,0.01,30,7770,买盘
173,09:50:55,2.58,-0.01,458,118164,卖盘
174,09:50:57,2.59,0.01,46,11914,买盘
175,09:51:00,2.58,-0.01,1117,288191,卖盘
176,09:51:04,2.58,0.0,88,22704,买盘
177,09:51:06,2.57,-0.01,24,6180,卖盘
178,09:51:18,2.58,0.01,43,11094,买盘
179,09:51:30,2.58,0.0,6,1548,卖盘
180,09:51:34,2.58,0.0,49,12642,卖盘
181,09:51:39,2.58,0.0,607,156606,卖盘
182,09:51:51,2.58,0.0,923,238134,卖盘
183,09:51:55,2.58,0.0,97,25026,卖盘
184,09:52:03,2.58,0.0,35,9030,买盘
185,09:52:06,2.57,-0.01,366,94418,卖盘
186,09:52:12,2.57,0.0,800,205600,卖盘
187,09:52:18,2.58,0.01,10,2580,买盘
188,09:52:21,2.58,0.0,53,13674,买盘
189,09:52:24,2.58,0.0,64,16512,买盘
190,09:52:27,2.58,0.0,6,1548,卖盘
191,09:52:31,2.58,0.0,19,4902,卖盘
192,09:52:39,2.58,0.0,5,1290,卖盘
193,09:52:48,2.58,0.0,60,15480,卖盘
194,09:52:51,2.58,0.0,38,9804,卖盘
195,09:52:54,2.59,0.01,70,18130,买盘
196,09:52:57,2.57,-0.02,33,8494,卖盘
197,09:53:01,2.58,0.01,65,16770,中性盘
198,09:53:15,2.58,0.0,1,258,卖盘
199,09:53:18,2.58,0.0,66,17028,卖盘
200,09:53:21,2.58,0.0,1,258,卖盘
201,09:53:24,2.58,0.0,408,105264,卖盘
202,09:53:30,2.59,0.01,4,1035,买盘
203,09:53:33,2.57,-0.02,5,1289,卖盘
204,09:53:40,2.57,0.0,254,65300,卖盘
205,09:54:09,2.58,0.01,115,29670,卖盘
206,09:54:12,2.58,0.0,46,11868,卖盘
207,09:54:22,2.59,0.01,17,4403,买盘
208,09:54:36,2.58,-0.01,2,516,卖盘
209,09:54:57,2.58,0.0,44,11352,卖盘
210,09:55:00,2.59,0.01,39,10101,买盘
211,09:55:07,2.59,0.0,1433,368996,买盘
212,09:55:15,2.57,-0.02,278,71460,卖盘
213,09:55:24,2.58,0.01,49,12642,卖盘
214,09:55:27,2.58,0.0,13,3354,卖盘
215,09:55:46,2.59,0.01,38,9842,买盘
216,09:55:51,2.58,-0.01,94,24252,卖盘
217,09:55:58,2.58,0.0,86,22188,买盘
218,09:56:03,2.58,0.0,66,17028,卖盘
219,09:56:18,2.58,0.0,61,15738,卖盘
220,09:56:31,2.59,0.01,9,2331,买盘
221,09:57:00,2.59,0.0,10,2590,买盘
222,09:57:04,2.59,0.0,204,52836,买盘
223,09:57:12,2.59,0.0,31,8029,买盘
224,09:57:15,2.59,0.0,70,18130,买盘
225,09:57:25,2.59,0.0,12,3108,买盘
226,09:57:30,2.59,0.0,10,2590,买盘
227,09:57:33,2.59,0.0,16,4144,买盘
228,09:57:42,2.58,-0.01,5,1290,卖盘
229,09:57:54,2.59,0.01,11,2849,买盘
230,09:58:01,2.58,-0.01,78,20124,卖盘
231,09:58:12,2.59,0.01,4,1036,买盘
232,09:58:16,2.58,-0.01,10,2583,卖盘
233,09:58:33,2.59,0.01,19,4921,买盘
234,09:58:37,2.59,0.0,6,1554,买盘
235,09:58:48,2.59,0.0,140,36260,买盘
236,09:58:51,2.59,0.0,11,2849,买盘
237,09:58:54,2.58,-0.01,2,516,卖盘
238,09:59:00,2.59,0.01,20,5180,买盘
239,09:59:06,2.59,0.0,65,16835,买盘
240,09:59:09,2.59,0.0,300,77700,买盘
241,09:59:12,2.59,0.0,29,7690,买盘
242,09:59:42,2.59,0.0,48,12253,卖盘
243,09:59:48,2.59,0.0,110,28490,买盘
244,09:59:51,2.58,-0.01,10,2580,卖盘
245,10:00:01,2.59,0.01,5,1295,买盘
246,10:00:15,2.59,0.0,281,72779,买盘
247,10:00:18,2.59,0.0,11,2849,买盘
248,10:00:21,2.59,0.0,10,2590,买盘
249,10:00:46,2.59,0.0,43,11137,买盘
250,10:00:48,2.59,0.0,45,11655,买盘
251,10:00:51,2.59,0.0,107,27713,买盘
252,10:01:09,2.59,0.0,163,42217,买盘
253,10:01:22,2.59,0.0,33,8547,买盘
254,10:01:25,2.59,0.0,34,8806,买盘
255,10:01:36,2.59,0.0,80,20899,买盘
256,10:02:06,2.59,0.0,58,15022,卖盘
257,10:02:22,2.59,0.0,103,26677,卖盘
258,10:02:24,2.59,0.0,10,2590,卖盘
259,10:02:54,2.6,0.01,13,3380,买盘
260,10:03:39,2.6,0.0,385,100100,买盘
261,10:03:42,2.6,0.0,75,19500,买盘
262,10:03:48,2.6,0.0,70,18200,买盘
263,10:03:51,2.6,0.0,507,131820,买盘
264,10:03:54,2.6,0.0,1,260,买盘
265,10:04:30,2.61,0.01,40,10440,买盘
266,10:04:33,2.61,0.0,10,2610,买盘
267,10:04:43,2.61,0.0,4,1044,买盘
268,10:04:46,2.61,0.0,508,132588,买盘
269,10:05:04,2.61,0.0,1,261,买盘
270,10:05:12,2.61,0.0,50,13050,买盘
271,10:05:21,2.61,0.0,7,1827,买盘
272,10:05:40,2.61,0.0,3,783,买盘
273,10:05:43,2.61,0.0,10,2610,买盘
274,10:05:45,2.6,-0.01,1000,260000,卖盘
275,10:05:48,2.61,0.01,7,1827,买盘
276,10:06:01,2.61,0.0,82,21322,买盘
277,10:06:57,2.6,-0.01,96,24960,卖盘
278,10:07:03,2.6,0.0,158,41190,卖盘
279,10:07:09,2.6,0.0,10,2600,卖盘
280,10:07:13,2.6,0.0,45,11700,卖盘
281,10:07:15,2.6,0.0,10,2600,卖盘
282,10:07:30,2.6,0.0,7,1820,卖盘
283,10:07:36,2.6,0.0,8,2080,卖盘
284,10:07:42,2.6,0.0,24,6240,卖盘
285,10:08:00,2.6,0.0,93,24180,卖盘
286,10:08:06,2.6,0.0,607,157690,卖盘
287,10:08:12,2.6,0.0,10,2600,卖盘
288,10:08:18,2.6,0.0,1,260,卖盘
289,10:08:21,2.6,0.0,24,6370,卖盘
290,10:08:24,2.6,0.0,2,520,买盘
291,10:08:30,2.59,-0.01,80,20720,卖盘
292,10:08:51,2.59,0.0,2,518,卖盘
293,10:09:06,2.59,0.0,1,259,卖盘
294,10:09:10,2.6,0.01,3,780,买盘
295,10:09:18,2.6,0.0,5,1300,买盘
296,10:09:24,2.6,0.0,161,41860,买盘
297,10:10:15,2.6,0.0,31,8060,买盘
298,10:10:18,2.6,0.0,14,3640,买盘
299,10:10:24,2.6,0.0,87,22620,卖盘
300,10:10:42,2.6,0.0,15,3900,买盘
301,10:10:52,2.6,0.0,133,34580,买盘
302,10:11:09,2.6,0.0,2,520,卖盘
303,10:11:12,2.6,0.0,8,2080,卖盘
304,10:11:16,2.6,0.0,68,17680,卖盘
305,10:11:39,2.61,0.01,19,4959,买盘
306,10:12:04,2.6,-0.01,100,26000,卖盘
307,10:12:19,2.61,0.01,50,13050,买盘
308,10:12:24,2.6,-0.01,12,3120,卖盘
309,10:12:49,2.61,0.01,2,522,买盘
310,10:12:51,2.6,-0.01,59,15340,卖盘
311,10:13:06,2.61,0.01,1,261,买盘
312,10:13:24,2.6,-0.01,1601,416260,卖盘
313,10:14:27,2.6,0.0,30,7800,买盘
314,10:14:45,2.59,-0.01,20,5180,卖盘
315,10:15:06,2.59,0.0,20,5180,卖盘
316,10:15:18,2.6,0.01,82,21320,买盘
317,10:15:21,2.59,-0.01,42,10878,卖盘
318,10:15:24,2.6,0.01,404,105040,买盘
319,10:15:39,2.59,-0.01,10,2590,卖盘
320,10:15:45,2.6,0.01,7,1820,买盘
321,10:15:48,2.6,0.0,1,260,买盘
322,10:16:00,2.6,0.0,414,107640,买盘
323,10:16:18,2.6,0.0,23,5980,卖盘
324,10:16:36,2.6,0.0,147,38220,卖盘
325,10:16:39,2.6,0.0,30,7800,买盘
326,10:16:51,2.6,0.0,25,6500,买盘
327,10:17:22,2.6,0.0,30,7800,买盘
328,10:17:25,2.6,0.0,14,3640,买盘
329,10:17:27,2.59,-0.01,11,2849,卖盘
330,10:18:06,2.6,0.01,10,2600,买盘
331,10:18:15,2.59,-0.01,11,2849,卖盘
332,10:18:27,2.6,0.01,5,1300,买盘
333,10:19:06,2.6,0.0,9,2340,买盘
334,10:19:09,2.59,-0.01,20,5180,卖盘
335,10:19:15,2.6,0.01,300,78000,买盘
336,10:19:36,2.6,0.0,50,13000,买盘
337,10:19:46,2.6,0.0,6,1560,买盘
338,10:19:48,2.6,0.0,89,23140,买盘
339,10:20:09,2.6,0.0,134,34840,买盘
340,10:20:21,2.6,0.0,100,26000,买盘
341,10:20:30,2.6,0.0,44,11440,买盘
342,10:20:46,2.6,0.0,31,8060,买盘
343,10:21:27,2.6,0.0,49,12740,买盘
344,10:21:36,2.59,-0.01,20,5180,卖盘
345,10:21:51,2.6,0.01,5,1300,买盘
346,10:23:48,2.6,0.0,12,3120,买盘
347,10:24:12,2.59,-0.01,387,100233,卖盘
348,10:25:06,2.59,0.0,10,2590,卖盘
349,10:25:21,2.59,0.0,150,38850,卖盘
350,10:25:24,2.59,0.0,79,20461,卖盘
351,10:25:54,2.59,0.0,8,2072,卖盘
352,10:26:48,2.59,0.0,20,5180,卖盘
353,10:26:51,2.6,0.01,1,260,买盘
354,10:27:06,2.6,0.0,5,1300,买盘
355,10:27:09,2.6,0.0,88,22819,买盘
356,10:27:15,2.6,0.0,1,260,买盘
357,10:27:18,2.59,-0.01,30,7770,卖盘
358,10:27:57,2.59,0.0,21,5439,卖盘
359,10:28:18,2.59,0.0,1000,259000,卖盘
360,10:28:48,2.59,0.0,80,20720,卖盘
361,10:28:57,2.59,0.0,609,157731,卖盘
362,10:29:36,2.59,0.0,115,29785,买盘
363,10:30:00,2.58,-0.01,6,1548,卖盘
364,10:30:09,2.58,0.0,50,12900,卖盘
365,10:30:27,2.59,0.01,160,41440,买盘
366,10:30:36,2.59,0.0,19,4921,买盘
367,10:30:45,2.58,-0.01,185,47730,卖盘
368,10:30:54,2.59,0.01,58,15022,买盘
369,10:31:06,2.59,0.0,158,40922,买盘
370,10:31:09,2.59,0.0,121,31339,买盘
371,10:31:19,2.59,0.0,12,3108,买盘
372,10:31:30,2.59,0.0,79,20461,买盘
373,10:31:58,2.59,0.0,21,5439,卖盘
374,10:32:12,2.59,0.0,12,3108,买盘
375,10:32:18,2.59,0.0,8,2072,卖盘
376,10:32:51,2.59,0.0,7,1813,买盘
377,10:33:06,2.58,-0.01,28,7224,卖盘
378,10:33:30,2.59,0.01,15,3885,买盘
379,10:34:22,2.59,0.0,10,2582,买盘
380,10:34:27,2.58,-0.01,2,516,卖盘
381,10:34:31,2.58,0.0,630,162540,卖盘
382,10:34:51,2.58,0.0,40,10320,卖盘
383,10:35:01,2.58,0.0,1200,309600,卖盘
384,10:35:04,2.58,0.0,30,7740,卖盘
385,10:35:06,2.58,0.0,700,180600,卖盘
386,10:35:09,2.59,0.01,10,2590,买盘
387,10:35:12,2.58,-0.01,844,217752,卖盘
388,10:35:28,2.58,0.0,207,53406,卖盘
389,10:35:33,2.58,0.0,771,198918,卖盘
390,10:35:36,2.58,0.0,55,14190,卖盘
391,10:36:06,2.58,0.0,67,17286,买盘
392,10:36:18,2.58,0.0,82,21156,买盘
393,10:36:24,2.58,0.0,100,25800,买盘
394,10:36:28,2.57,-0.01,55,14137,卖盘
395,10:36:54,2.57,0.0,100,25700,卖盘
396,10:37:00,2.58,0.01,10,2580,买盘
397,10:37:06,2.57,-0.01,16,4112,卖盘
398,10:37:13,2.57,0.0,18,4626,卖盘
399,10:37:21,2.58,0.01,37,9546,买盘
400,10:37:24,2.57,-0.01,526,135182,卖盘
401,10:37:27,2.57,0.0,201,51657,卖盘
402,10:37:36,2.57,0.0,10,2570,卖盘
403,10:38:36,2.58,0.01,20,5160,买盘
404,10:38:39,2.57,-0.01,25,6425,卖盘
405,10:38:45,2.58,0.01,1,258,买盘
406,10:39:06,2.57,-0.01,77,19789,卖盘
407,10:39:09,2.58,0.01,11,2838,买盘
408,10:39:16,2.58,0.0,40,10306,买盘
409,10:39:18,2.57,-0.01,50,12850,卖盘
410,10:39:30,2.57,0.0,245,63207,卖盘
411,10:39:36,2.58,0.01,93,23994,买盘
412,10:39:42,2.58,0.0,111,28638,买盘
413,10:39:48,2.58,0.0,200,51600,买盘
414,10:39:51,2.58,0.0,303,78174,买盘
415,10:39:57,2.58,0.0,200,51600,卖盘
416,10:40:00,2.58,0.0,10,2580,卖盘
417,10:40:07,2.58,0.0,20,5160,卖盘
418,10:40:22,2.58,0.0,10,2580,卖盘
419,10:40:42,2.58,0.0,1,258,卖盘
420,10:40:57,2.58,0.0,506,130548,卖盘
421,10:41:18,2.57,-0.01,36,9252,卖盘
422,10:41:57,2.57,0.0,100,25700,卖盘
423,10:42:06,2.57,0.0,30,7710,卖盘
424,10:42:12,2.58,0.01,22,5676,买盘
425,10:42:21,2.57,-0.01,22,5654,卖盘
426,10:42:24,2.58,0.01,13,3354,买盘
427,10:42:36,2.58,0.0,1,258,买盘
428,10:42:40,2.58,0.0,45,11610,买盘
429,10:42:52,2.56,-0.02,7000,1796046,卖盘
430,10:42:57,2.56,0.0,6,1536,卖盘
431,10:43:00,2.56,0.0,6,1536,卖盘
432,10:43:06,2.56,0.0,58,14848,卖盘
433,10:43:12,2.56,0.0,54,13824,买盘
434,10:43:18,2.56,0.0,13,3328,卖盘
435,10:43:21,2.56,0.0,48,12288,卖盘
436,10:43:33,2.56,0.0,2,512,卖盘
437,10:43:36,2.56,0.0,96,24576,卖盘
438,10:43:39,2.57,0.01,30,7700,买盘
439,10:43:42,2.57,0.0,146,37476,买盘
440,10:43:45,2.57,0.0,50,12850,买盘
441,10:44:15,2.57,0.0,35,8995,买盘
442,10:44:18,2.57,0.0,31,7967,买盘
443,10:44:24,2.57,0.0,47,12079,买盘
444,10:44:33,2.57,0.0,150,38450,买盘
445,10:44:36,2.56,-0.01,360,92183,卖盘
446,10:44:51,2.57,0.01,14,3598,买盘
447,10:44:55,2.56,-0.01,36,9216,卖盘
448,10:45:12,2.56,0.0,26,6656,卖盘
449,10:45:27,2.57,0.01,9,2313,买盘
450,10:45:30,2.56,-0.01,22,5632,卖盘
451,10:45:54,2.56,0.0,458,117248,卖盘
452,10:45:57,2.56,0.0,200,51200,卖盘
453,10:46:09,2.56,0.0,288,73728,卖盘
454,10:46:15,2.56,0.0,366,93696,卖盘
455,10:46:18,2.56,0.0,210,53760,卖盘
456,10:46:24,2.56,0.0,60,15360,买盘
457,10:46:27,2.56,0.0,108,27648,买盘
458,10:46:31,2.56,0.0,9,2304,卖盘
459,10:46:39,2.56,0.0,52,13312,买盘
460,10:46:46,2.56,0.0,20,5120,买盘
461,10:46:49,2.56,0.0,69,17664,买盘
462,10:46:52,2.56,0.0,6,1536,买盘
463,10:47:00,2.56,0.0,100,25600,买盘
464,10:47:06,2.56,0.0,190,48640,买盘
465,10:47:15,2.56,0.0,65,16640,买盘
466,10:47:19,2.56,0.0,205,52480,买盘
467,10:47:24,2.56,0.0,143,36608,卖盘
468,10:47:27,2.56,0.0,36,9216,卖盘
469,10:47:30,2.56,0.0,62,15872,卖盘
470,10:47:33,2.56,0.0,20,5120,卖盘
471,10:47:48,2.56,0.0,89,22784,卖盘
472,10:48:00,2.56,0.0,9,2304,卖盘
473,10:48:04,2.56,0.0,175,44800,卖盘
474,10:48:30,2.57,0.01,5,1285,买盘
475,10:48:33,2.57,0.0,10,2570,买盘
476,10:48:48,2.57,0.0,10,2570,买盘
477,10:49:04,2.57,0.0,48,12336,买盘
478,10:49:13,2.57,0.0,26,6682,买盘
479,10:49:18,2.56,-0.01,100,25600,卖盘
480,10:49:48,2.56,0.0,12,3072,卖盘
481,10:49:57,2.57,0.01,100,25700,买盘
482,10:50:04,2.57,0.0,13,3341,买盘
483,10:50:21,2.57,0.0,34,8714,买盘
484,10:50:27,2.56,-0.01,1,256,卖盘
485,10:50:58,2.56,0.0,105,26885,卖盘
486,10:51:12,2.57,0.01,2,514,买盘
487,10:51:27,2.57,0.0,20,5140,买盘
488,10:51:42,2.56,-0.01,30,7680,卖盘
489,10:51:51,2.57,0.01,40,10280,买盘
490,10:51:57,2.56,-0.01,20,5120,卖盘
491,10:52:12,2.57,0.01,10,2570,买盘
492,10:52:16,2.57,0.0,13,3341,买盘
493,10:52:24,2.56,-0.01,100,25600,卖盘
494,10:52:49,2.56,0.0,849,217344,卖盘
495,10:52:52,2.57,0.01,7,1799,买盘
496,10:53:00,2.56,-0.01,268,68608,卖盘
497,10:53:24,2.56,0.0,473,121088,卖盘
498,10:53:27,2.57,0.01,2,514,买盘
499,10:53:42,2.56,-0.01,991,253696,卖盘
500,10:53:45,2.56,0.0,3,768,卖盘
501,10:54:04,2.57,0.01,3,771,买盘
502,10:54:09,2.57,0.0,12,3084,买盘
503,10:54:12,2.56,-0.01,343,88024,卖盘
504,10:54:28,2.56,0.0,11,2821,卖盘
505,10:54:33,2.57,0.01,23,5911,买盘
506,10:54:39,2.57,0.0,6,1542,买盘
507,10:55:03,2.57,0.0,20,5140,买盘
508,10:55:06,2.57,0.0,50,12850,买盘
509,10:55:09,2.57,0.0,1,257,买盘
510,10:55:15,2.57,0.0,12,3084,买盘
511,10:55:30,2.57,0.0,6,1542,买盘
512,10:55:49,2.57,0.0,50,12850,买盘
513,10:56:03,2.57,0.0,17,4369,买盘
514,10:56:06,2.57,0.0,27,6939,买盘
515,10:56:09,2.57,0.0,50,12850,买盘
516,10:56:12,2.57,0.0,82,21074,买盘
517,10:56:46,2.57,0.0,100,25700,买盘
518,10:57:03,2.57,0.0,50,12850,买盘
519,10:57:09,2.57,0.0,80,20560,买盘
520,10:57:18,2.56,-0.01,11,2816,卖盘
521,10:57:27,2.57,0.01,100,25700,买盘
522,10:57:30,2.56,-0.01,1,256,卖盘
523,10:57:45,2.57,0.01,32,8224,买盘
524,10:57:48,2.57,0.0,4,1028,买盘
525,10:57:54,2.57,0.0,42,10794,买盘
526,10:58:03,2.56,-0.01,4,1024,卖盘
527,10:58:06,2.57,0.01,30,7710,买盘
528,10:58:24,2.57,0.0,15,3855,买盘
529,10:58:30,2.57,0.0,116,29812,买盘
530,10:58:51,2.56,-0.01,675,172800,卖盘
531,10:58:54,2.57,0.01,50,12850,买盘
532,10:59:30,2.56,-0.01,30,7680,卖盘
533,10:59:33,2.57,0.01,10,2570,买盘
534,10:59:36,2.57,0.0,32,8224,买盘
535,10:59:48,2.56,-0.01,1124,287754,卖盘
536,10:59:51,2.57,0.01,10,2570,买盘
537,10:59:55,2.57,0.0,1,257,买盘
538,11:00:18,2.57,0.0,48,12336,买盘
539,11:00:27,2.57,0.0,25,6425,买盘
540,11:00:33,2.56,-0.01,144,36864,卖盘
541,11:01:12,2.56,0.0,63,16128,卖盘
542,11:01:19,2.57,0.01,99,25443,买盘
543,11:01:57,2.57,0.0,11,2827,卖盘
544,11:02:13,2.58,0.01,19,4902,买盘
545,11:02:36,2.58,0.0,3,774,买盘
546,11:02:39,2.58,0.0,3,774,买盘
547,11:03:04,2.58,0.0,37,9546,买盘
548,11:04:22,2.57,-0.01,3,771,卖盘
549,11:04:39,2.57,0.0,102,26214,卖盘
550,11:04:57,2.58,0.01,10,2580,买盘
551,11:05:15,2.57,-0.01,371,95347,卖盘
552,11:05:21,2.58,0.01,50,12900,买盘
553,11:05:36,2.57,-0.01,20,5140,卖盘
554,11:05:57,2.57,0.0,62,15934,卖盘
555,11:06:09,2.56,-0.01,254,65246,卖盘
556,11:06:18,2.58,0.02,47,12093,买盘
557,11:06:30,2.57,-0.01,50,12850,买盘
558,11:06:48,2.57,0.0,38,9766,卖盘
559,11:06:54,2.57,0.0,51,13107,卖盘
560,11:07:00,2.57,0.0,8,2056,卖盘
561,11:07:39,2.57,0.0,1,257,卖盘
562,11:07:51,2.57,0.0,6,1542,卖盘
563,11:08:21,2.58,0.01,1,258,买盘
564,11:08:30,2.58,0.0,81,20898,买盘
565,11:08:45,2.57,-0.01,65,16705,卖盘
566,11:09:04,2.57,0.0,4,1028,卖盘
567,11:09:12,2.58,0.01,1,258,买盘
568,11:09:15,2.57,-0.01,50,12850,卖盘
569,11:09:33,2.57,0.0,50,12850,卖盘
570,11:10:10,2.57,0.0,167,42919,卖盘
571,11:10:21,2.58,0.01,3,774,买盘
572,11:10:51,2.57,-0.01,100,25700,卖盘
573,11:10:57,2.58,0.01,9,2322,买盘
574,11:11:15,2.57,-0.01,97,24929,卖盘
575,11:11:36,2.58,0.01,23,5934,买盘
576,11:11:43,2.58,0.0,10,2580,买盘
577,11:12:57,2.57,-0.01,200,51400,卖盘
578,11:13:30,2.57,0.0,66,16962,卖盘
579,11:13:48,2.57,0.0,200,51400,卖盘
580,11:14:06,2.57,0.0,97,24929,卖盘
581,11:14:12,2.57,0.0,217,55769,卖盘
582,11:14:45,2.57,0.0,44,11326,卖盘
583,11:15:10,2.56,-0.01,145,37120,卖盘
584,11:15:42,2.56,0.0,112,28672,卖盘
585,11:15:48,2.56,0.0,1,256,卖盘
586,11:15:52,2.56,0.0,2075,531200,卖盘
587,11:16:04,2.56,0.0,163,41718,卖盘
588,11:16:15,2.55,-0.01,259,66045,卖盘
589,11:16:18,2.56,0.01,20,5120,买盘
590,11:16:30,2.55,-0.01,18,4590,卖盘
591,11:16:33,2.56,0.01,27,6908,买盘
592,11:16:37,2.56,0.0,4,1024,买盘
593,11:16:51,2.55,-0.01,654,166773,卖盘
594,11:16:57,2.56,0.01,10,2560,买盘
595,11:17:10,2.55,-0.01,300,76500,卖盘
596,11:17:12,2.56,0.01,62,15872,买盘
597,11:17:36,2.56,0.0,10,2560,买盘
598,11:17:42,2.56,0.0,437,111872,买盘
599,11:17:45,2.56,0.0,10,2560,买盘
600,11:17:54,2.56,0.0,85,21760,买盘
601,11:18:06,2.56,0.0,5,1280,买盘
602,11:18:12,2.56,0.0,50,12800,买盘
603,11:18:15,2.56,0.0,122,31232,买盘
604,11:18:48,2.56,0.0,934,239104,卖盘
605,11:19:00,2.56,0.0,27,6912,买盘
606,11:19:03,2.56,0.0,3,768,买盘
607,11:19:30,2.55,-0.01,11,2805,卖盘
608,11:19:48,2.56,0.01,114,29170,买盘
609,11:19:57,2.56,0.0,3,768,买盘
610,11:20:00,2.55,-0.01,374,95370,卖盘
611,11:20:03,2.55,0.0,500,127500,卖盘
612,11:20:09,2.55,0.0,22,5610,卖盘
613,11:20:18,2.55,0.0,1,255,卖盘
614,11:20:24,2.55,0.0,300,76500,卖盘
615,11:20:30,2.55,0.0,56,14280,卖盘
616,11:20:33,2.55,0.0,226,57630,卖盘
617,11:20:45,2.55,0.0,4,1020,买盘
618,11:20:54,2.55,0.0,70,17850,买盘
619,11:20:57,2.54,-0.01,71,18045,卖盘
620,11:21:06,2.54,0.0,10,2540,卖盘
621,11:21:09,2.55,0.01,1,255,买盘
622,11:21:18,2.54,-0.01,1,254,卖盘
623,11:21:21,2.54,0.0,8,2032,卖盘
624,11:21:30,2.54,0.0,140,35560,卖盘
625,11:21:33,2.55,0.01,44,11180,买盘
626,11:21:42,2.55,0.0,100,25500,买盘
627,11:21:45,2.55,0.0,31,7905,买盘
628,11:21:48,2.54,-0.01,2,508,卖盘
629,11:21:54,2.54,0.0,602,152908,卖盘
630,11:22:00,2.55,0.01,190,48450,买盘
631,11:22:04,2.55,0.0,200,51000,买盘
632,11:22:06,2.55,0.0,73,18615,买盘
633,11:22:21,2.56,0.01,19,4864,买盘
634,11:22:30,2.56,0.0,2,512,买盘
635,11:22:36,2.56,0.0,13,3328,买盘
636,11:22:39,2.56,0.0,43,11008,买盘
637,11:22:42,2.56,0.0,1,256,买盘
638,11:22:48,2.56,0.0,10,2560,买盘
639,11:22:54,2.56,0.0,38,9728,买盘
640,11:22:57,2.56,0.0,1,256,买盘
641,11:23:15,2.55,-0.01,8,2040,卖盘
642,11:23:37,2.55,0.0,707,180285,卖盘
643,11:24:00,2.54,-0.01,44,11176,卖盘
644,11:24:06,2.54,0.0,3,762,卖盘
645,11:24:15,2.55,0.01,6,1530,买盘
646,11:24:18,2.55,0.0,60,15300,买盘
647,11:24:24,2.54,-0.01,8,2032,卖盘
648,11:24:33,2.54,0.0,1,254,卖盘
649,11:24:39,2.54,0.0,2,508,卖盘
650,11:24:48,2.55,0.01,5,1275,买盘
651,11:24:54,2.55,0.0,34,8670,买盘
652,11:25:00,2.55,0.0,42,10710,买盘
653,11:25:06,2.55,0.0,3,765,买盘
654,11:25:09,2.54,-0.01,12,3048,卖盘
655,11:25:12,2.55,0.01,62,15810,买盘
656,11:25:15,2.55,0.0,10,2550,买盘
657,11:25:27,2.55,0.0,237,60298,买盘
658,11:25:36,2.55,0.0,35,8925,买盘
659,11:26:00,2.56,0.01,2,512,买盘
660,11:26:06,2.56,0.0,30,7680,买盘
661,11:26:12,2.56,0.0,264,67584,买盘
662,11:26:21,2.56,0.0,200,51200,卖盘
663,11:26:27,2.56,0.0,14,3584,卖盘
664,11:26:33,2.57,0.01,197,50629,买盘
665,11:26:45,2.55,-0.02,84,21497,卖盘
666,11:26:58,2.57,0.02,70,17990,买盘
667,11:27:21,2.57,0.0,1,257,买盘
668,11:27:27,2.56,-0.01,50,12800,卖盘
669,11:27:51,2.56,0.0,447,114432,买盘
670,11:28:12,2.56,0.0,1,256,买盘
671,11:28:24,2.56,0.0,58,14848,买盘
672,11:28:51,2.56,0.0,12,3072,卖盘
673,11:28:54,2.56,0.0,5,1280,卖盘
674,11:29:03,2.56,0.0,14,3584,卖盘
675,11:29:15,2.56,0.0,220,56320,买盘
676,11:29:30,2.56,0.0,210,53760,买盘
677,11:29:39,2.56,0.0,112,28672,卖盘
678,11:29:45,2.56,0.0,48,12288,卖盘
679,11:30:01,2.56,0.0,60,15360,卖盘
680,13:00:04,2.56,0.0,1098,281260,卖盘
681,13:00:39,2.56,0.0,15,3840,买盘
682,13:00:51,2.56,0.0,38,9728,买盘
683,13:01:12,2.56,0.0,27,6912,卖盘
684,13:01:24,2.57,0.01,11,2827,买盘
685,13:01:45,2.56,-0.01,166,42496,卖盘
686,13:01:48,2.57,0.01,1491,382353,买盘
687,13:02:27,2.57,0.0,50,12850,买盘
688,13:02:45,2.57,0.0,2,514,买盘
689,13:02:48,2.57,0.0,735,188895,买盘
690,13:03:27,2.57,0.0,37,9509,卖盘
691,13:03:36,2.57,0.0,111,28527,卖盘
692,13:03:45,2.57,0.0,100,25700,卖盘
693,13:04:12,2.57,0.0,65,16705,卖盘
694,13:04:30,2.57,0.0,24,6168,卖盘
695,13:05:51,2.58,0.01,20,5160,买盘
696,13:06:15,2.58,0.0,57,14706,买盘
697,13:07:00,2.57,-0.01,13,3341,卖盘
698,13:07:54,2.57,0.0,5,1285,卖盘
699,13:07:57,2.57,0.0,10,2570,卖盘
700,13:08:00,2.58,0.01,10,2579,买盘
701,13:08:36,2.58,0.0,5,1290,买盘
702,13:08:45,2.57,-0.01,2,514,卖盘
703,13:09:18,2.57,0.0,1,257,卖盘
704,13:09:30,2.58,0.01,20,5160,买盘
705,13:09:39,2.58,0.0,20,5160,买盘
706,13:10:00,2.58,0.0,9,2322,买盘
707,13:10:48,2.58,0.0,1,258,买盘
708,13:11:00,2.58,0.0,430,110940,买盘
709,13:11:06,2.58,0.0,5,1290,买盘
710,13:11:09,2.58,0.0,317,81769,买盘
711,13:11:13,2.58,0.0,300,77200,买盘
712,13:11:16,2.58,0.0,48,12384,买盘
713,13:11:18,2.58,0.0,35,9030,买盘
714,13:11:21,2.58,0.0,1,258,买盘
715,13:11:24,2.58,0.0,669,172602,买盘
716,13:11:30,2.59,0.01,10,2590,买盘
717,13:11:48,2.6,0.01,2000,518568,买盘
718,13:11:54,2.6,0.0,20,5200,买盘
719,13:12:07,2.6,0.0,522,135720,买盘
720,13:12:12,2.6,0.0,1,260,买盘
721,13:12:15,2.6,0.0,12,3120,买盘
722,13:12:18,2.6,0.0,317,82420,买盘
723,13:12:21,2.6,0.0,5,1300,买盘
724,13:12:31,2.6,0.0,10,2600,买盘
725,13:12:33,2.6,0.0,35,9100,买盘
726,13:12:36,2.6,0.0,20,5200,买盘
727,13:12:42,2.6,0.0,2,520,买盘
728,13:12:48,2.6,0.0,25,6500,买盘
729,13:13:06,2.59,-0.01,50,12950,卖盘
730,13:13:52,2.59,0.0,1,259,卖盘
731,13:14:06,2.59,0.0,30,7770,卖盘
732,13:14:33,2.59,0.0,105,27195,卖盘
733,13:14:48,2.6,0.01,1,260,买盘
734,13:14:54,2.6,0.0,250,65000,买盘
735,13:15:04,2.6,0.0,30,7800,买盘
736,13:15:24,2.6,0.0,20,5200,买盘
737,13:15:30,2.6,0.0,374,97240,买盘
738,13:16:07,2.6,0.0,269,69940,买盘
739,13:16:09,2.59,-0.01,3,777,卖盘
740,13:16:18,2.6,0.01,16,4160,买盘
741,13:16:24,2.6,0.0,2,520,买盘
742,13:16:40,2.6,0.0,150,39000,买盘
743,13:17:18,2.6,0.0,14,3640,买盘
744,13:18:04,2.6,0.0,1,260,买盘
745,13:18:30,2.6,0.0,216,56160,买盘
746,13:19:09,2.6,0.0,38,9880,买盘
747,13:19:13,2.6,0.0,9,2340,买盘
748,13:19:27,2.6,0.0,3,780,买盘
749,13:19:36,2.59,-0.01,4,1036,卖盘
750,13:19:42,2.6,0.01,29,7540,买盘
751,13:20:00,2.59,-0.01,61,15799,卖盘
752,13:20:06,2.6,0.01,450,117000,买盘
753,13:20:39,2.6,0.0,19,4940,买盘
754,13:21:00,2.6,0.0,20,5200,买盘
755,13:21:21,2.6,0.0,427,111020,买盘
756,13:21:30,2.59,-0.01,100,25900,卖盘
757,13:21:45,2.6,0.01,20,5200,买盘
758,13:22:24,2.59,-0.01,40,10360,卖盘
759,13:22:36,2.6,0.01,10,2600,买盘
760,13:22:48,2.59,-0.01,1000,259000,卖盘
761,13:22:54,2.59,0.0,36,9324,卖盘
762,13:23:06,2.59,0.0,64,16576,卖盘
763,13:23:12,2.59,0.0,50,12950,卖盘
764,13:23:18,2.59,0.0,236,61124,卖盘
765,13:23:27,2.59,0.0,430,111370,卖盘
766,13:23:54,2.59,0.0,10,2590,买盘
767,13:24:12,2.58,-0.01,600,154800,卖盘
768,13:24:21,2.58,0.0,100,25800,卖盘
769,13:24:45,2.58,0.0,11,2838,卖盘
770,13:25:15,2.58,0.0,100,25800,卖盘
771,13:25:21,2.58,0.0,20,5160,卖盘
772,13:25:24,2.58,0.0,53,13674,卖盘
773,13:25:33,2.58,0.0,2,516,卖盘
774,13:25:36,2.58,0.0,450,116100,卖盘
775,13:25:45,2.58,0.0,9,2322,卖盘
776,13:25:54,2.58,0.0,50,12900,买盘
777,13:26:12,2.57,-0.01,1900,488300,卖盘
778,13:26:48,2.57,0.0,20,5140,卖盘
779,13:27:00,2.57,0.0,353,90721,卖盘
780,13:27:03,2.57,0.0,2,514,卖盘
781,13:27:10,2.57,0.0,100,25700,卖盘
782,13:27:36,2.58,0.01,1347,347526,买盘
783,13:27:39,2.58,0.0,100,25800,卖盘
784,13:27:51,2.58,0.0,500,129000,卖盘
785,13:28:09,2.58,0.0,50,12900,卖盘
786,13:28:36,2.59,0.01,24,6216,买盘
787,13:28:39,2.58,-0.01,70,18060,卖盘
788,13:29:04,2.58,0.0,3,774,卖盘
789,13:29:21,2.58,0.0,2,516,买盘
790,13:29:42,2.58,0.0,1,258,买盘
791,13:29:48,2.58,0.0,20,5160,买盘
792,13:29:51,2.57,-0.01,358,92006,卖盘
793,13:30:27,2.58,0.01,20,5160,买盘
794,13:30:42,2.58,0.0,15,3870,买盘
795,13:30:46,2.58,0.0,20,5160,买盘
796,13:30:48,2.58,0.0,10,2580,买盘
797,13:31:33,2.58,0.0,10,2580,买盘
798,13:31:51,2.57,-0.01,5,1285,卖盘
799,13:32:06,2.58,0.01,66,17028,买盘
800,13:32:09,2.57,-0.01,1,257,卖盘
801,13:32:28,2.58,0.01,40,10320,买盘
802,13:33:04,2.57,-0.01,4,1028,卖盘
803,13:33:19,2.58,0.01,2,516,买盘
804,13:33:51,2.58,0.0,5,1290,买盘
805,13:34:54,2.58,0.0,96,24768,买盘
806,13:35:04,2.57,-0.01,10,2570,卖盘
807,13:35:51,2.58,0.01,9,2322,买盘
808,13:36:18,2.57,-0.01,8,2056,卖盘
809,13:36:36,2.57,0.0,10,2570,卖盘
810,13:36:48,2.58,0.01,21,5418,买盘
811,13:37:15,2.58,0.0,10,2580,买盘
812,13:37:30,2.57,-0.01,250,64250,卖盘
813,13:37:57,2.57,0.0,1700,436900,卖盘
814,13:38:06,2.56,-0.01,179,45851,卖盘
815,13:38:36,2.56,0.0,2018,516608,卖盘
816,13:38:51,2.56,0.0,15,3840,卖盘
817,13:39:00,2.56,0.0,90,23040,卖盘
818,13:39:06,2.56,0.0,95,24320,卖盘
819,13:39:09,2.56,0.0,30,7680,卖盘
820,13:39:18,2.56,0.0,40,10240,卖盘
821,13:39:21,2.56,0.0,68,17408,卖盘
822,13:39:27,2.56,0.0,51,13056,买盘
823,13:39:45,2.56,0.0,76,19456,卖盘
824,13:40:30,2.56,0.0,507,130292,卖盘
825,13:41:06,2.56,0.0,405,103680,卖盘
826,13:41:43,2.57,0.01,4,1028,买盘
827,13:41:54,2.56,-0.01,200,51200,卖盘
828,13:42:21,2.56,0.0,67,17152,卖盘
829,13:42:36,2.57,0.01,5,1285,买盘
830,13:43:06,2.57,0.0,93,23901,买盘
831,13:43:18,2.57,0.0,103,26471,买盘
832,13:43:37,2.57,0.0,2,514,买盘
833,13:43:40,2.57,0.0,1,257,买盘
834,13:44:09,2.57,0.0,34,8738,买盘
835,13:44:18,2.57,0.0,2,514,买盘
836,13:44:27,2.56,-0.01,2,512,卖盘
837,13:44:36,2.57,0.01,39,10023,买盘
838,13:44:39,2.56,-0.01,166,42496,卖盘
839,13:45:15,2.57,0.01,1,257,买盘
840,13:45:21,2.56,-0.01,1,256,卖盘
841,13:45:39,2.57,0.01,20,5140,买盘
842,13:45:42,2.56,-0.01,1,256,卖盘
843,13:46:01,2.57,0.01,20,5140,买盘
844,13:46:30,2.57,0.0,8,2056,买盘
845,13:46:57,2.57,0.0,11,2827,买盘
846,13:47:36,2.57,0.0,101,25957,买盘
847,13:47:55,2.57,0.0,2,514,买盘
848,13:48:54,2.57,0.0,53,13621,买盘
849,13:49:22,2.57,0.0,7,1799,买盘
850,13:49:24,2.56,-0.01,10,2560,卖盘
851,13:49:57,2.56,0.0,47,12032,卖盘
852,13:50:00,2.56,0.0,7,1792,卖盘
853,13:50:03,2.56,0.0,5,1280,卖盘
854,13:50:15,2.56,0.0,84,21504,卖盘
855,13:50:24,2.57,0.01,50,12850,买盘
856,13:50:27,2.57,0.0,9,2309,买盘
857,13:50:36,2.56,-0.01,1,256,卖盘
858,13:51:15,2.56,0.0,57,14592,卖盘
859,13:51:34,2.56,0.0,54,13824,卖盘
860,13:51:45,2.56,0.0,72,18432,卖盘
861,13:51:51,2.56,0.0,479,122624,卖盘
862,13:52:12,2.57,0.01,132,33924,买盘
863,13:52:33,2.57,0.0,30,7710,买盘
864,13:52:39,2.56,-0.01,7,1792,卖盘
865,13:52:45,2.57,0.01,8,2056,买盘
866,13:52:54,2.57,0.0,22,5654,买盘
867,13:52:57,2.57,0.0,2,514,买盘
868,13:53:03,2.57,0.0,103,26471,买盘
869,13:53:27,2.57,0.0,137,35209,买盘
870,13:53:39,2.57,0.0,3,771,买盘
871,13:54:06,2.57,0.0,36,9252,买盘
872,13:54:12,2.57,0.0,4,1028,买盘
873,13:54:39,2.57,0.0,30,7710,买盘
874,13:54:45,2.57,0.0,3,771,买盘
875,13:54:57,2.57,0.0,30,7710,买盘
876,13:55:18,2.57,0.0,80,20560,买盘
877,13:56:15,2.57,0.0,30,7720,卖盘
878,13:57:06,2.58,0.01,38,9804,买盘
879,13:57:49,2.57,-0.01,176,45232,卖盘
880,13:57:54,2.57,0.0,22,5654,买盘
881,13:58:04,2.57,0.0,34,8738,买盘
882,13:58:15,2.56,-0.01,4,1024,卖盘
883,13:58:21,2.56,0.0,10,2560,卖盘
884,13:58:54,2.57,0.01,10,2570,买盘
885,13:59:01,2.57,0.0,141,36237,买盘
886,13:59:13,2.56,-0.01,1,256,卖盘
887,13:59:42,2.56,0.0,10,2560,卖盘
888,14:01:00,2.57,0.01,1,257,买盘
889,14:01:04,2.57,0.0,22,5654,买盘
890,14:01:49,2.57,0.0,24,6168,买盘
891,14:01:57,2.57,0.0,32,8224,买盘
892,14:02:00,2.57,0.0,6,1542,买盘
893,14:02:27,2.58,0.01,2,516,买盘
894,14:02:36,2.57,-0.01,4,1028,卖盘
895,14:03:33,2.57,0.0,2,514,买盘
896,14:03:42,2.57,0.0,3,771,买盘
897,14:03:48,2.56,-0.01,15,3840,卖盘
898,14:04:24,2.57,0.01,61,15677,买盘
899,14:04:27,2.56,-0.01,44,11303,卖盘
900,14:06:24,2.56,0.0,5,1280,卖盘
901,14:07:06,2.56,0.0,3,768,卖盘
902,14:07:15,2.58,0.02,35,9030,买盘
903,14:07:39,2.57,-0.01,7,1799,卖盘
904,14:08:09,2.58,0.01,2,516,买盘
905,14:08:15,2.57,-0.01,1,257,卖盘
906,14:08:24,2.57,0.0,10,2570,卖盘
907,14:09:00,2.57,0.0,6,1542,卖盘
908,14:10:24,2.57,0.0,15,3855,卖盘
909,14:11:09,2.57,0.0,30,7710,卖盘
910,14:12:22,2.57,0.0,14,3598,卖盘
911,14:12:25,2.57,0.0,6,1542,卖盘
912,14:12:27,2.57,0.0,1,257,卖盘
913,14:12:42,2.57,0.0,30,7710,卖盘
914,14:12:54,2.57,0.0,1,257,卖盘
915,14:13:27,2.57,0.0,1,257,卖盘
916,14:14:09,2.57,0.0,151,38807,卖盘
917,14:15:21,2.57,0.0,60,15420,卖盘
918,14:15:34,2.57,0.0,7,1799,卖盘
919,14:15:55,2.57,0.0,10,2570,卖盘
920,14:16:15,2.57,0.0,66,16962,卖盘
921,14:16:43,2.58,0.01,1,258,买盘
922,14:17:12,2.57,-0.01,10,2570,卖盘
923,14:17:36,2.57,0.0,1,257,卖盘
924,14:17:48,2.57,0.0,200,51400,卖盘
925,14:18:03,2.57,0.0,20,5140,卖盘
926,14:18:10,2.57,0.0,120,30840,卖盘
927,14:18:39,2.57,0.0,18,4626,卖盘
928,14:19:09,2.57,0.0,36,9252,卖盘
929,14:19:45,2.58,0.01,20,5160,买盘
930,14:19:48,2.57,-0.01,146,37522,卖盘
931,14:19:57,2.57,0.0,95,24415,买盘
932,14:20:12,2.57,0.0,1,257,买盘
933,14:20:21,2.57,0.0,50,12850,买盘
934,14:20:33,2.57,0.0,10,2570,买盘
935,14:20:54,2.57,0.0,7,1799,买盘
936,14:21:00,2.57,0.0,2,514,买盘
937,14:21:45,2.56,-0.01,4,1024,卖盘
938,14:21:57,2.57,0.01,28,7196,买盘
939,14:22:30,2.57,0.0,20,5140,卖盘
940,14:22:42,2.57,0.0,20,5140,买盘
941,14:22:54,2.56,-0.01,100,25600,卖盘
942,14:23:21,2.57,0.01,101,25957,买盘
943,14:23:31,2.57,0.0,100,25700,买盘
944,14:23:33,2.57,0.0,5,1285,买盘
945,14:24:24,2.58,0.01,3,774,买盘
946,14:24:36,2.56,-0.02,140,35870,卖盘
947,14:25:06,2.57,0.01,2,514,卖盘
948,14:25:09,2.57,0.0,8,2056,买盘
949,14:25:31,2.57,0.0,2,514,买盘
950,14:25:54,2.57,0.0,263,67341,买盘
951,14:26:00,2.57,0.0,2,514,买盘
952,14:26:24,2.57,0.0,4,1028,买盘
953,14:26:27,2.57,0.0,100,25700,买盘
954,14:26:33,2.57,0.0,37,9509,卖盘
955,14:26:36,2.57,0.0,30,7710,买盘
956,14:26:48,2.57,0.0,2,514,买盘
957,14:26:57,2.56,-0.01,39,9984,卖盘
958,14:27:42,2.56,0.0,57,14592,卖盘
959,14:28:54,2.57,0.01,1,257,买盘
960,14:29:00,2.57,0.0,3,771,买盘
961,14:29:34,2.57,0.0,10,2570,买盘
962,14:29:43,2.57,0.0,76,19532,买盘
963,14:29:45,2.56,-0.01,15,3840,卖盘
964,14:30:57,2.57,0.01,83,21331,买盘
965,14:31:06,2.57,0.0,3,771,买盘
966,14:31:15,2.56,-0.01,20,5125,卖盘
967,14:31:19,2.57,0.01,20,5140,买盘
968,14:31:33,2.57,0.0,100,25700,买盘
969,14:31:48,2.57,0.0,10,2570,买盘
970,14:31:54,2.57,0.0,3,771,买盘
971,14:32:01,2.57,0.0,50,12850,买盘
972,14:32:06,2.57,0.0,73,18761,买盘
973,14:32:27,2.57,0.0,96,24672,买盘
974,14:32:54,2.56,-0.01,60,15387,卖盘
975,14:33:24,2.57,0.01,100,25700,卖盘
976,14:33:39,2.57,0.0,8,2056,买盘
977,14:33:45,2.57,0.0,1,257,买盘
978,14:33:57,2.57,0.0,30,7710,买盘
979,14:34:06,2.57,0.0,48,12336,买盘
980,14:34:45,2.57,0.0,37,9509,卖盘
981,14:35:12,2.57,0.0,5,1285,买盘
982,14:35:51,2.57,0.0,83,21331,买盘
983,14:37:12,2.56,-0.01,27,6912,卖盘
984,14:37:48,2.57,0.01,5,1285,买盘
985,14:38:24,2.56,-0.01,3,768,卖盘
986,14:38:39,2.57,0.01,80,20560,买盘
987,14:39:00,2.57,0.0,1,257,买盘
988,14:39:04,2.56,-0.01,11,2816,卖盘
989,14:39:12,2.56,0.0,48,12288,卖盘
990,14:39:18,2.56,0.0,9,2304,卖盘
991,14:39:30,2.57,0.01,1,257,买盘
992,14:39:42,2.57,0.0,2,514,买盘
993,14:40:42,2.57,0.0,3,771,买盘
994,14:40:45,2.56,-0.01,5,1280,卖盘
995,14:40:48,2.57,0.01,101,25957,买盘
996,14:41:00,2.57,0.0,30,7710,买盘
997,14:41:30,2.57,0.0,101,25857,买盘
998,14:41:45,2.57,0.0,36,9252,买盘
999,14:41:48,2.57,0.0,74,19018,买盘
1000,14:41:57,2.57,0.0,46,11822,买盘
1001,14:42:18,2.57,0.0,34,8717,买盘
1002,14:43:12,2.57,0.0,9,2313,买盘
1003,14:43:15,2.56,-0.01,30,7706,卖盘
1004,14:43:42,2.57,0.01,80,20560,买盘
1005,14:44:10,2.57,0.0,99,25443,买盘
1006,14:44:34,2.56,-0.01,111,28416,卖盘
1007,14:44:57,2.58,0.02,5074,1308283,买盘
1008,14:45:00,2.56,-0.02,20,5120,卖盘
1009,14:45:39,2.57,0.01,173,44461,卖盘
1010,14:45:51,2.57,0.0,56,14392,卖盘
1011,14:46:27,2.57,0.0,26,6682,卖盘
1012,14:47:39,2.57,0.0,20,5140,卖盘
1013,14:47:48,2.57,0.0,30,7710,卖盘
1014,14:48:21,2.58,0.01,5,1290,买盘
1015,14:48:45,2.58,0.0,10,2580,买盘
1016,14:48:57,2.58,0.0,12,3096,买盘
1017,14:49:06,2.58,0.0,50,12900,买盘
1018,14:49:18,2.58,0.0,3,774,买盘
1019,14:49:42,2.58,0.0,1,258,买盘
1020,14:49:54,2.58,0.0,20,5160,买盘
1021,14:49:57,2.58,0.0,16,4128,买盘
1022,14:50:03,2.58,0.0,59,15222,买盘
1023,14:50:28,2.58,0.0,125,32250,买盘
1024,14:50:30,2.58,0.0,10,2580,买盘
1025,14:50:37,2.58,0.0,40,10320,买盘
1026,14:50:46,2.58,0.0,3,774,买盘
1027,14:50:49,2.58,0.0,3,774,买盘
1028,14:50:51,2.58,0.0,50,12900,买盘
1029,14:51:00,2.57,-0.01,10,2570,卖盘
1030,14:51:18,2.57,0.0,1,257,卖盘
1031,14:51:27,2.57,0.0,27,6939,卖盘
1032,14:51:34,2.58,0.01,5,1290,买盘
1033,14:51:48,2.57,-0.01,2,514,卖盘
1034,14:51:51,2.58,0.01,114,29412,买盘
1035,14:52:04,2.58,0.0,12,3096,买盘
1036,14:52:15,2.58,0.0,22,5676,买盘
1037,14:52:24,2.57,-0.01,2,514,卖盘
1038,14:52:34,2.57,0.0,19,4883,卖盘
1039,14:52:40,2.57,0.0,15,3855,卖盘
1040,14:52:43,2.58,0.01,1,258,买盘
1041,14:52:48,2.57,-0.01,10,2570,卖盘
1042,14:53:00,2.58,0.01,10,2580,买盘
1043,14:53:10,2.57,-0.01,3,771,卖盘
1044,14:53:12,2.58,0.01,50,12900,买盘
1045,14:53:21,2.58,0.0,40,10320,买盘
1046,14:53:30,2.58,0.0,169,43602,买盘
1047,14:53:36,2.58,0.0,50,12900,买盘
1048,14:53:39,2.57,-0.01,1,257,卖盘
1049,14:53:42,2.58,0.01,19,4902,买盘
1050,14:53:48,2.58,0.0,19,4902,买盘
1051,14:53:51,2.58,0.0,29,7482,买盘
1052,14:54:01,2.57,-0.01,20,5140,卖盘
1053,14:54:06,2.57,0.0,36,9252,卖盘
1054,14:54:09,2.57,0.0,1,257,卖盘
1055,14:54:22,2.58,0.01,31,7998,买盘
1056,14:54:30,2.57,-0.01,26,6682,卖盘
1057,14:54:46,2.57,0.0,244,62708,卖盘
1058,14:54:52,2.57,0.0,147,37779,卖盘
1059,14:54:55,2.57,0.0,40,10280,卖盘
1060,14:54:58,2.58,0.01,3,774,买盘
1061,14:55:01,2.57,-0.01,53,13621,卖盘
1062,14:55:25,2.57,0.0,10,2570,卖盘
1063,14:55:31,2.57,0.0,10,2570,卖盘
1064,14:55:33,2.58,0.01,32,8251,买盘
1065,14:55:42,2.58,0.0,10,2580,买盘
1066,14:55:48,2.57,-0.01,20,5140,卖盘
1067,14:55:51,2.58,0.01,20,5160,买盘
1068,14:55:54,2.58,0.0,8,2064,买盘
1069,14:56:00,2.58,0.0,1,258,买盘
1070,14:56:03,2.57,-0.01,52,13389,卖盘
1071,14:56:06,2.57,0.0,219,56283,卖盘
1072,14:56:18,2.57,0.0,100,25700,卖盘
1073,14:56:22,2.57,0.0,150,38550,卖盘
1074,14:56:24,2.58,0.01,110,28280,买盘
1075,14:56:27,2.57,-0.01,4,1028,卖盘
1076,14:56:33,2.57,0.0,245,62965,卖盘
1077,14:56:48,2.57,0.0,100,25700,卖盘
1078,14:56:51,2.57,0.0,50,12850,卖盘
1079,14:56:57,2.57,0.0,352,90464,卖盘
1080,14:57:00,2.57,0.0,111,28527,卖盘
1081,15:00:04,2.57,0.0,1444,371108,卖盘
