,time,price,change,volume,amount,type
0,09:25:04,6.08,-0.03,823,500530,卖盘
1,09:30:04,6.1,0.02,543,331102,买盘
2,09:30:06,6.1,0.0,161,98186,卖盘
3,09:30:09,6.1,0.0,116,70760,卖盘
4,09:30:12,6.09,-0.01,250,152395,卖盘
5,09:30:15,6.09,0.0,84,51156,卖盘
6,09:30:18,6.11,0.02,237,144718,买盘
7,09:30:21,6.11,0.0,49,29939,卖盘
8,09:30:24,6.11,0.0,18,10998,卖盘
9,09:30:27,6.11,0.0,10,6110,买盘
10,09:30:30,6.11,0.0,87,53157,买盘
11,09:30:33,6.11,0.0,61,37271,卖盘
12,09:30:36,6.11,0.0,15,9165,卖盘
13,09:30:43,6.11,0.0,134,81831,买盘
14,09:30:46,6.1,-0.01,33,20142,卖盘
15,09:30:48,6.1,0.0,55,33550,卖盘
16,09:30:54,6.1,0.0,48,29292,卖盘
17,09:30:57,6.1,0.0,56,34160,卖盘
18,09:31:00,6.1,0.0,1,610,买盘
19,09:31:04,6.1,0.0,123,75030,买盘
20,09:31:06,6.1,0.0,235,143170,买盘
21,09:31:10,6.1,0.0,10,6100,买盘
22,09:31:13,6.1,0.0,32,19520,买盘
23,09:31:15,6.1,0.0,7,4270,买盘
24,09:31:24,6.1,0.0,30,18287,买盘
25,09:31:27,6.09,-0.01,95,57870,卖盘
26,09:31:31,6.09,0.0,243,148078,卖盘
27,09:31:33,6.09,0.0,50,30450,卖盘
28,09:31:36,6.08,-0.01,330,200819,卖盘
29,09:31:39,6.09,0.01,7,4263,中性盘
30,09:31:45,6.08,-0.01,167,101536,卖盘
31,09:31:49,6.08,0.0,68,41344,卖盘
32,09:31:51,6.08,0.0,186,112614,卖盘
33,09:31:54,6.08,0.0,2,1216,买盘
34,09:31:57,6.07,-0.01,7,4249,卖盘
35,09:32:00,6.06,-0.01,262,159017,卖盘
36,09:32:03,6.07,0.01,29,17613,中性盘
37,09:32:10,6.07,0.0,74,44902,买盘
38,09:32:12,6.07,0.0,430,260582,买盘
39,09:32:15,6.06,-0.01,94,56997,卖盘
40,09:32:18,6.07,0.01,307,186349,卖盘
41,09:32:21,6.07,0.0,31,18817,卖盘
42,09:32:24,6.07,0.0,21,12747,卖盘
43,09:32:27,6.07,0.0,21,12747,卖盘
44,09:32:30,6.08,0.01,40,24293,买盘
45,09:32:33,6.08,0.0,68,41308,买盘
46,09:32:39,6.07,-0.01,51,30961,卖盘
47,09:32:42,6.07,0.0,71,43122,卖盘
48,09:32:46,6.07,0.0,32,19428,卖盘
49,09:32:48,6.07,0.0,32,19424,卖盘
50,09:32:51,6.07,0.0,13,7891,卖盘
51,09:32:54,6.07,0.0,38,23089,卖盘
52,09:32:57,6.08,0.01,20,12142,买盘
53,09:33:00,6.08,0.0,57,35130,买盘
54,09:33:04,6.08,0.0,13,7904,卖盘
55,09:33:09,6.08,0.0,43,26144,卖盘
56,09:33:12,6.09,0.01,99,60241,买盘
57,09:33:16,6.08,-0.01,34,20681,卖盘
58,09:33:18,6.1,0.02,66,40210,买盘
59,09:33:21,6.09,-0.01,56,34104,卖盘
60,09:33:24,6.09,0.0,5,3045,卖盘
61,09:33:27,6.09,0.0,22,13398,卖盘
62,09:33:30,6.1,0.01,94,57321,买盘
63,09:33:34,6.1,0.0,64,39040,买盘
64,09:33:39,6.1,0.0,66,40260,卖盘
65,09:33:42,6.1,0.0,20,12200,卖盘
66,09:33:51,6.09,-0.01,5,3045,卖盘
67,09:33:54,6.1,0.01,6,3660,买盘
68,09:33:57,6.09,-0.01,5,3045,卖盘
69,09:34:01,6.09,0.0,21,12789,卖盘
70,09:34:04,6.11,0.02,269,164100,买盘
71,09:34:06,6.09,-0.02,72,43848,卖盘
72,09:34:18,6.09,0.0,32,19518,卖盘
73,09:34:21,6.1,0.01,2,1220,买盘
74,09:34:24,6.09,-0.01,32,19493,卖盘
75,09:34:27,6.09,0.0,117,71353,卖盘
76,09:34:33,6.1,0.01,34,20736,买盘
77,09:34:37,6.1,0.0,79,48119,买盘
78,09:34:39,6.09,-0.01,29,17687,卖盘
79,09:34:45,6.1,0.01,19,11590,买盘
80,09:34:51,6.09,-0.01,30,18275,卖盘
81,09:34:54,6.1,0.01,45,27425,买盘
82,09:34:57,6.09,-0.01,200,121800,卖盘
83,09:35:00,6.1,0.01,13,7930,买盘
84,09:35:04,6.09,-0.01,83,50591,卖盘
85,09:35:06,6.1,0.01,4,2440,买盘
86,09:35:09,6.09,-0.01,162,98658,卖盘
87,09:35:12,6.09,0.0,25,15225,买盘
88,09:35:18,6.08,-0.01,3,1824,卖盘
89,09:35:21,6.08,0.0,26,15808,卖盘
90,09:35:24,6.1,0.02,225,137027,买盘
91,09:35:30,6.09,-0.01,120,73080,卖盘
92,09:35:33,6.09,0.0,37,22533,卖盘
93,09:35:42,6.1,0.01,14,8530,买盘
94,09:35:51,6.1,0.0,199,121227,买盘
95,09:35:54,6.1,0.0,13,7924,买盘
96,09:36:00,6.1,0.0,40,24400,买盘
97,09:36:03,6.09,-0.01,142,86608,卖盘
98,09:36:07,6.09,0.0,95,57855,卖盘
99,09:36:09,6.11,0.02,16,9776,买盘
100,09:36:12,6.1,-0.01,9,5490,卖盘
101,09:36:22,6.1,0.0,6,3660,卖盘
102,09:36:24,6.1,0.0,32,19520,卖盘
103,09:36:33,6.09,-0.01,29,17661,卖盘
104,09:36:36,6.1,0.01,22,13420,买盘
105,09:36:42,6.11,0.01,6,3666,买盘
106,09:36:45,6.1,-0.01,32,19520,卖盘
107,09:36:48,6.1,0.0,52,31720,卖盘
108,09:36:51,6.1,0.0,14,8540,卖盘
109,09:36:55,6.1,0.0,17,10370,卖盘
110,09:36:57,6.1,0.0,10,6100,卖盘
111,09:37:00,6.1,0.0,37,22552,卖盘
112,09:37:04,6.1,0.0,3,1830,买盘
113,09:37:06,6.1,0.0,3,1830,买盘
114,09:37:10,6.1,0.0,7,4270,卖盘
115,09:37:12,6.1,0.0,67,40870,卖盘
116,09:37:15,6.1,0.0,22,13420,卖盘
117,09:37:18,6.11,0.01,15,9165,买盘
118,09:37:21,6.11,0.0,19,11597,买盘
119,09:37:24,6.1,-0.01,36,21977,卖盘
120,09:37:27,6.11,0.01,1,611,买盘
121,09:37:30,6.1,-0.01,20,12200,卖盘
122,09:37:33,6.11,0.01,65,39703,买盘
123,09:37:42,6.1,-0.01,1,610,卖盘
124,09:37:48,6.1,0.0,43,26230,卖盘
125,09:37:51,6.1,0.0,9,5490,卖盘
126,09:37:55,6.11,0.01,50,30510,买盘
127,09:37:58,6.1,-0.01,107,65277,卖盘
128,09:38:00,6.1,0.0,110,67100,卖盘
129,09:38:04,6.11,0.01,42,25634,买盘
130,09:38:06,6.1,-0.01,206,125820,卖盘
131,09:38:09,6.1,0.0,199,121393,卖盘
132,09:38:15,6.09,-0.01,2,1218,卖盘
133,09:38:18,6.09,0.0,57,34733,卖盘
134,09:38:21,6.1,0.01,55,33518,买盘
135,09:38:25,6.09,-0.01,64,38976,卖盘
136,09:38:30,6.09,0.0,74,45086,卖盘
137,09:38:33,6.09,0.0,16,9744,卖盘
138,09:38:36,6.09,0.0,15,9135,买盘
139,09:38:39,6.09,0.0,10,6090,买盘
140,09:38:43,6.09,0.0,13,7917,买盘
141,09:38:45,6.09,0.0,9,5481,买盘
142,09:38:51,6.08,-0.01,43,26144,卖盘
143,09:38:55,6.09,0.01,30,18270,买盘
144,09:38:57,6.08,-0.01,41,24928,卖盘
145,09:39:00,6.08,0.0,9,5472,卖盘
146,09:39:04,6.08,0.0,81,49298,卖盘
147,09:39:06,6.08,0.0,53,32224,卖盘
148,09:39:10,6.09,0.01,130,79166,买盘
149,09:39:12,6.08,-0.01,16,9742,卖盘
150,09:39:15,6.08,0.0,13,7904,卖盘
151,09:39:21,6.08,0.0,18,10944,卖盘
152,09:39:24,6.08,0.0,133,80864,卖盘
153,09:39:27,6.09,0.01,124,75492,买盘
154,09:39:30,6.09,0.0,28,17025,买盘
155,09:39:33,6.09,0.0,56,34082,买盘
156,09:39:40,6.08,-0.01,300,182405,卖盘
157,09:39:48,6.09,0.01,4,2435,买盘
158,09:39:51,6.08,-0.01,64,38951,卖盘
159,09:40:00,6.08,0.0,83,50464,卖盘
160,09:40:04,6.08,0.0,15,9120,卖盘
161,09:40:06,6.08,0.0,29,17632,卖盘
162,09:40:12,6.09,0.01,75,45610,买盘
163,09:40:15,6.07,-0.02,34,20642,卖盘
164,09:40:24,6.08,0.01,15,9106,买盘
165,09:40:27,6.07,-0.01,5,3035,卖盘
166,09:40:31,6.07,0.0,7,4249,卖盘
167,09:40:34,6.07,0.0,65,39473,卖盘
168,09:40:36,6.07,0.0,24,14568,卖盘
169,09:40:39,6.08,0.01,239,145098,买盘
170,09:40:42,6.07,-0.01,64,38848,卖盘
171,09:40:46,6.07,0.0,102,61914,卖盘
172,09:40:49,6.07,0.0,49,29743,卖盘
173,09:40:51,6.07,0.0,64,38868,卖盘
174,09:40:54,6.08,0.01,5,3040,买盘
175,09:40:57,6.07,-0.01,45,27315,卖盘
176,09:41:00,6.08,0.01,86,52288,买盘
177,09:41:04,6.08,0.0,18,10944,卖盘
178,09:41:06,6.08,0.0,1,608,卖盘
179,09:41:09,6.08,0.0,10,6080,买盘
180,09:41:12,6.08,0.0,13,7904,买盘
181,09:41:15,6.08,0.0,41,24908,买盘
182,09:41:18,6.08,0.0,49,29792,卖盘
183,09:41:21,6.08,0.0,17,10336,卖盘
184,09:41:30,6.08,0.0,23,13984,卖盘
185,09:41:33,6.08,0.0,45,27360,卖盘
186,09:41:36,6.08,0.0,32,19456,卖盘
187,09:41:39,6.08,0.0,2,1216,卖盘
188,09:41:51,6.08,0.0,87,52918,卖盘
189,09:41:54,6.08,0.0,10,6080,卖盘
190,09:41:57,6.08,0.0,11,6688,卖盘
191,09:42:04,6.08,0.0,19,11552,卖盘
192,09:42:10,6.08,0.0,12,7296,卖盘
193,09:42:15,6.09,0.01,121,73577,买盘
194,09:42:21,6.08,-0.01,31,18848,卖盘
195,09:42:24,6.08,0.0,22,13376,卖盘
196,09:42:27,6.08,0.0,1,608,买盘
197,09:42:30,6.08,0.0,15,9120,买盘
198,09:42:33,6.08,0.0,6,3648,买盘
199,09:42:36,6.07,-0.01,26,15782,卖盘
200,09:42:42,6.08,0.01,3,1824,买盘
201,09:42:45,6.07,-0.01,182,110476,卖盘
202,09:42:49,6.07,0.0,10,6070,卖盘
203,09:42:51,6.07,0.0,171,103797,卖盘
204,09:42:54,6.07,0.0,7,4249,卖盘
205,09:43:01,6.08,0.01,1,608,买盘
206,09:43:04,6.07,-0.01,144,87408,卖盘
207,09:43:06,6.07,0.0,111,67377,卖盘
208,09:43:09,6.07,0.0,40,24280,卖盘
209,09:43:12,6.08,0.01,31,18837,买盘
210,09:43:15,6.07,-0.01,184,111688,卖盘
211,09:43:18,6.07,0.0,399,241968,卖盘
212,09:43:21,6.07,0.0,8,5081,卖盘
213,09:43:25,6.07,0.0,14,8273,买盘
214,09:43:27,6.07,0.0,22,13354,卖盘
215,09:43:30,6.07,0.0,309,187563,卖盘
216,09:43:33,6.07,0.0,56,33992,卖盘
217,09:43:37,6.07,0.0,60,36428,卖盘
218,09:43:40,6.07,0.0,9,5463,卖盘
219,09:43:42,6.07,0.0,90,54630,卖盘
220,09:43:45,6.07,0.0,20,12140,卖盘
221,09:43:48,6.07,0.0,10,6070,卖盘
222,09:43:51,6.07,0.0,62,37634,卖盘
223,09:43:54,6.07,0.0,448,271936,卖盘
224,09:43:57,6.07,0.0,17,10319,卖盘
225,09:44:04,6.07,0.0,127,77089,卖盘
226,09:44:06,6.07,0.0,2,1214,卖盘
227,09:44:09,6.06,-0.01,431,261407,卖盘
228,09:44:12,6.07,0.01,5,3035,中性盘
229,09:44:15,6.07,0.0,11,6677,买盘
230,09:44:18,6.07,0.0,20,12140,买盘
231,09:44:21,6.06,-0.01,33,20000,卖盘
232,09:44:24,6.07,0.01,190,115323,买盘
233,09:44:28,6.06,-0.01,7,4242,卖盘
234,09:44:30,6.06,0.0,130,78780,卖盘
235,09:44:33,6.07,0.01,18,10918,买盘
236,09:44:36,6.06,-0.01,14,8494,卖盘
237,09:44:39,6.07,0.01,10,6062,买盘
238,09:44:42,6.06,-0.01,1,606,卖盘
239,09:44:45,6.06,0.0,744,450864,卖盘
240,09:44:48,6.07,0.01,10,6070,买盘
241,09:44:51,6.06,-0.01,262,158772,卖盘
242,09:44:54,6.07,0.01,100,60637,买盘
243,09:45:01,6.06,-0.01,203,123077,卖盘
244,09:45:04,6.06,0.0,65,39390,买盘
245,09:45:06,6.06,0.0,676,409656,买盘
246,09:45:10,6.06,0.0,105,63630,卖盘
247,09:45:12,6.06,0.0,175,106050,卖盘
248,09:45:16,6.06,0.0,17,10302,卖盘
249,09:45:18,6.06,0.0,121,73326,卖盘
250,09:45:21,6.06,0.0,37,22415,中性盘
251,09:45:24,6.06,0.0,12,7272,中性盘
252,09:45:27,6.05,-0.01,97,58762,卖盘
253,09:45:33,6.05,0.0,46,27860,卖盘
254,09:45:36,6.06,0.01,100,60600,买盘
255,09:45:39,6.06,0.0,18,10908,买盘
256,09:45:42,6.06,0.0,3,1818,买盘
257,09:45:45,6.06,0.0,31,18756,买盘
258,09:45:48,6.05,-0.01,48,29043,卖盘
259,09:45:52,6.06,0.01,88,53261,买盘
260,09:45:54,6.05,-0.01,4,2420,卖盘
261,09:45:57,6.05,0.0,144,87120,卖盘
262,09:46:00,6.05,0.0,10,6050,卖盘
263,09:46:03,6.05,0.0,29,17546,卖盘
264,09:46:06,6.05,0.0,43,26015,卖盘
265,09:46:09,6.05,0.0,328,198441,卖盘
266,09:46:12,6.05,0.0,394,238370,卖盘
267,09:46:15,6.05,0.0,210,127050,卖盘
268,09:46:18,6.05,0.0,13,7870,卖盘
269,09:46:21,6.05,0.0,77,46585,卖盘
270,09:46:24,6.05,0.0,30,18150,买盘
271,09:46:27,6.05,0.0,42,25410,买盘
272,09:46:31,6.04,-0.01,19,11481,卖盘
273,09:46:33,6.05,0.01,118,71285,买盘
274,09:46:39,6.05,0.0,64,38688,买盘
275,09:46:45,6.04,-0.01,10,6040,卖盘
276,09:46:48,6.04,0.0,166,100294,卖盘
277,09:46:51,6.04,0.0,79,47723,卖盘
278,09:46:54,6.04,0.0,237,143220,卖盘
279,09:46:57,6.04,0.0,44,26576,卖盘
280,09:47:00,6.05,0.01,10,6050,买盘
281,09:47:03,6.04,-0.01,91,54964,卖盘
282,09:47:06,6.04,0.0,142,85818,卖盘
283,09:47:09,6.05,0.01,77,46585,买盘
284,09:47:12,6.05,0.0,80,48328,买盘
285,09:47:15,6.05,0.0,71,42920,买盘
286,09:47:18,6.04,-0.01,57,34436,卖盘
287,09:47:21,6.05,0.01,22,13310,卖盘
288,09:47:24,6.05,0.0,25,15125,卖盘
289,09:47:27,6.06,0.01,110,66581,买盘
290,09:47:30,6.05,-0.01,20,12100,卖盘
291,09:47:33,6.05,0.0,62,37520,卖盘
292,09:47:36,6.05,0.0,1,605,卖盘
293,09:47:40,6.05,0.0,153,92565,卖盘
294,09:47:43,6.06,0.01,433,262011,买盘
295,09:47:45,6.05,-0.01,3,1815,卖盘
296,09:47:48,6.05,0.0,100,60500,卖盘
297,09:47:51,6.05,0.0,50,30272,卖盘
298,09:47:54,6.05,0.0,20,12100,卖盘
299,09:47:58,6.05,0.0,7,4235,卖盘
300,09:48:00,6.05,0.0,20,12100,卖盘
301,09:48:04,6.06,0.01,4,2424,买盘
302,09:48:06,6.05,-0.01,25,15125,卖盘
303,09:48:09,6.06,0.01,70,42420,买盘
304,09:48:12,6.06,0.0,54,32724,买盘
305,09:48:18,6.06,0.0,56,33936,买盘
306,09:48:21,6.05,-0.01,29,17557,卖盘
307,09:48:24,6.06,0.01,7,4240,买盘
308,09:48:28,6.06,0.0,69,41788,买盘
309,09:48:37,6.06,0.0,30,18180,买盘
310,09:48:39,6.06,0.0,144,87399,买盘
311,09:48:42,6.05,-0.01,60,36341,卖盘
312,09:48:51,6.05,0.0,73,44232,卖盘
313,09:48:57,6.06,0.01,10,6060,买盘
314,09:49:04,6.06,0.0,24,14544,买盘
315,09:49:09,6.06,0.0,73,44238,买盘
316,09:49:12,6.06,0.0,3,1818,卖盘
317,09:49:15,6.05,-0.01,261,158116,卖盘
318,09:49:19,6.06,0.01,23,13938,买盘
319,09:49:21,6.06,0.0,15,9090,买盘
320,09:49:25,6.05,-0.01,286,173282,卖盘
321,09:49:28,6.06,0.01,1,606,买盘
322,09:49:30,6.05,-0.01,17,10296,卖盘
323,09:49:33,6.06,0.01,130,78780,买盘
324,09:49:36,6.06,0.0,55,33330,买盘
325,09:49:39,6.06,0.0,22,13332,买盘
326,09:49:45,6.07,0.01,2,1213,买盘
327,09:49:48,6.07,0.0,118,71608,买盘
328,09:49:51,6.07,0.0,5,3031,买盘
329,09:49:54,6.06,-0.01,52,31532,卖盘
330,09:50:00,6.06,0.0,121,73326,卖盘
331,09:50:04,6.06,0.0,54,32724,买盘
332,09:50:06,6.06,0.0,46,27876,买盘
333,09:50:15,6.06,0.0,4,2424,卖盘
334,09:50:21,6.06,0.0,7,4242,卖盘
335,09:50:24,6.06,0.0,5,3030,卖盘
336,09:50:27,6.06,0.0,28,16968,卖盘
337,09:50:30,6.06,0.0,2,1212,卖盘
338,09:50:34,6.06,0.0,88,53328,卖盘
339,09:50:36,6.05,-0.01,287,173767,卖盘
340,09:50:42,6.07,0.02,43,26101,买盘
341,09:50:45,6.07,0.0,11,6677,买盘
342,09:50:51,6.06,-0.01,229,138774,卖盘
343,09:50:54,6.05,-0.01,36,21780,卖盘
344,09:50:57,6.06,0.01,14,8484,买盘
345,09:51:00,6.06,0.0,41,24846,买盘
346,09:51:04,6.06,0.0,6,3636,卖盘
347,09:51:09,6.07,0.01,5,3035,买盘
348,09:51:15,6.07,0.0,30,18210,买盘
349,09:51:18,6.06,-0.01,20,12120,卖盘
350,09:51:21,6.07,0.01,8,4856,买盘
351,09:51:24,6.06,-0.01,30,18180,卖盘
352,09:51:27,6.06,0.0,16,9707,卖盘
353,09:51:30,6.07,0.01,42,25494,买盘
354,09:51:39,6.06,-0.01,3,1820,卖盘
355,09:51:42,6.07,0.01,13,7891,买盘
356,09:51:45,6.07,0.0,59,35813,买盘
357,09:51:51,6.06,-0.01,180,109233,卖盘
358,09:51:54,6.07,0.01,62,37612,买盘
359,09:51:58,6.08,0.01,1,608,买盘
360,09:52:04,6.07,-0.01,66,40062,卖盘
361,09:52:06,6.08,0.01,10,6080,买盘
362,09:52:09,6.07,-0.01,155,94085,卖盘
363,09:52:12,6.07,0.0,6,3642,买盘
364,09:52:15,6.07,0.0,100,60700,买盘
365,09:52:19,6.07,0.0,18,10926,买盘
366,09:52:21,6.07,0.0,125,75843,买盘
367,09:52:24,6.06,-0.01,8,4848,卖盘
368,09:52:27,6.07,0.01,31,18807,买盘
369,09:52:30,6.07,0.0,48,29131,买盘
370,09:52:39,6.07,0.0,2,1214,买盘
371,09:52:45,6.07,0.0,10,6070,卖盘
372,09:52:51,6.07,0.0,49,29743,卖盘
373,09:52:55,6.07,0.0,55,33405,卖盘
374,09:52:57,6.07,0.0,1,607,买盘
375,09:53:00,6.06,-0.01,18,10922,卖盘
376,09:53:04,6.07,0.01,10,6070,买盘
377,09:53:09,6.07,0.0,30,18210,买盘
378,09:53:15,6.08,0.01,15,9112,买盘
379,09:53:21,6.06,-0.02,45,27281,卖盘
380,09:53:25,6.06,0.0,26,15756,卖盘
381,09:53:30,6.06,0.0,132,80002,卖盘
382,09:53:33,6.06,0.0,2,1212,卖盘
383,09:53:45,6.08,0.02,2,1216,买盘
384,09:53:48,6.06,-0.02,289,175395,卖盘
385,09:53:51,6.06,0.0,31,18786,卖盘
386,09:53:54,6.07,0.01,11,6671,买盘
387,09:53:57,6.07,0.0,38,23066,买盘
388,09:54:03,6.07,0.0,2,1214,卖盘
389,09:54:09,6.07,0.0,10,6070,买盘
390,09:54:13,6.07,0.0,10,6070,买盘
391,09:54:15,6.07,0.0,10,6070,买盘
392,09:54:18,6.07,0.0,5,3035,买盘
393,09:54:21,6.06,-0.01,35,21232,卖盘
394,09:54:25,6.06,0.0,8,4848,卖盘
395,09:54:33,6.07,0.01,9,5463,卖盘
396,09:54:36,6.07,0.0,57,34599,卖盘
397,09:54:45,6.07,0.0,5,3035,买盘
398,09:54:48,6.07,0.0,5,3035,买盘
399,09:54:51,6.06,-0.01,17,10302,卖盘
400,09:54:54,6.06,0.0,205,124230,卖盘
401,09:54:57,6.06,0.0,149,90419,卖盘
402,09:55:00,6.06,0.0,65,39405,卖盘
403,09:55:04,6.06,0.0,100,60600,卖盘
404,09:55:06,6.06,0.0,20,12121,卖盘
405,09:55:12,6.06,0.0,247,149682,卖盘
406,09:55:18,6.06,0.0,20,12120,卖盘
407,09:55:21,6.06,0.0,11,6666,卖盘
408,09:55:24,6.06,0.0,5,3030,卖盘
409,09:55:27,6.06,0.0,11,6666,卖盘
410,09:55:30,6.06,0.0,18,10908,卖盘
411,09:55:39,6.06,0.0,48,29088,卖盘
412,09:55:45,6.06,0.0,31,18786,卖盘
413,09:55:49,6.07,0.01,38,23029,买盘
414,09:55:51,6.06,-0.01,11,6666,卖盘
415,09:55:57,6.06,0.0,144,87302,卖盘
416,09:56:00,6.06,0.0,12,7272,卖盘
417,09:56:04,6.06,0.0,90,54540,卖盘
418,09:56:07,6.06,0.0,10,6060,卖盘
419,09:56:09,6.06,0.0,59,35754,卖盘
420,09:56:12,6.06,0.0,100,60600,卖盘
421,09:56:15,6.07,0.01,51,30915,买盘
422,09:56:18,6.06,-0.01,401,243009,卖盘
423,09:56:21,6.06,0.0,24,14544,卖盘
424,09:56:24,6.07,0.01,10,6070,买盘
425,09:56:27,6.06,-0.01,10,6060,卖盘
426,09:56:31,6.06,0.0,5,3030,卖盘
427,09:56:34,6.06,0.0,50,30300,卖盘
428,09:56:45,6.07,0.01,50,30350,买盘
429,09:56:52,6.06,-0.01,18,10908,卖盘
430,09:56:57,6.06,0.0,60,36360,卖盘
431,09:57:06,6.06,0.0,42,25452,卖盘
432,09:57:09,6.06,0.0,91,55146,卖盘
433,09:57:12,6.06,0.0,49,29708,卖盘
434,09:57:15,6.07,0.01,178,107967,买盘
435,09:57:18,6.06,-0.01,15,9090,卖盘
436,09:57:21,6.06,0.0,23,13938,卖盘
437,09:57:24,6.06,0.0,13,7878,卖盘
438,09:57:27,6.06,0.0,5,3030,卖盘
439,09:57:30,6.06,0.0,131,79386,卖盘
440,09:57:36,6.06,0.0,60,36360,卖盘
441,09:57:39,6.06,0.0,6,3636,卖盘
442,09:57:42,6.06,0.0,17,10302,卖盘
443,09:57:45,6.06,0.0,6,3636,卖盘
444,09:57:51,6.06,0.0,8,4848,卖盘
445,09:57:57,6.06,0.0,45,27270,卖盘
446,09:58:04,6.06,0.0,23,13938,卖盘
447,09:58:06,6.07,0.01,83,50299,买盘
448,09:58:19,6.06,-0.01,43,26058,卖盘
449,09:58:22,6.06,0.0,9,5454,卖盘
450,09:58:24,6.07,0.01,148,89788,买盘
451,09:58:39,6.06,-0.01,24,14544,卖盘
452,09:58:51,6.06,0.0,65,39390,卖盘
453,09:58:54,6.06,0.0,10,6060,卖盘
454,09:59:00,6.06,0.0,22,13332,卖盘
455,09:59:07,6.06,0.0,158,95748,卖盘
456,09:59:12,6.06,0.0,4,2424,卖盘
457,09:59:18,6.06,0.0,89,53944,卖盘
458,09:59:24,6.06,0.0,23,13938,卖盘
459,09:59:27,6.06,0.0,7,4242,卖盘
460,09:59:33,6.07,0.01,20,12140,买盘
461,09:59:42,6.06,-0.01,46,27876,卖盘
462,09:59:54,6.06,0.0,100,60600,卖盘
463,09:59:57,6.06,0.0,16,9696,卖盘
464,10:00:00,6.07,0.01,39,23673,买盘
465,10:00:03,6.07,0.0,4,2428,买盘
466,10:00:06,6.07,0.0,10,6070,买盘
467,10:00:09,6.07,0.0,8,4856,买盘
468,10:00:12,6.06,-0.01,10,6065,卖盘
469,10:00:24,6.07,0.01,56,33992,买盘
470,10:00:33,6.06,-0.01,39,23634,卖盘
471,10:00:39,6.06,0.0,230,139380,卖盘
472,10:00:45,6.06,0.0,13,7888,卖盘
473,10:00:48,6.07,0.01,10,6070,买盘
474,10:00:52,6.06,-0.01,66,39996,卖盘
475,10:00:54,6.06,0.0,34,20604,卖盘
476,10:01:00,6.06,0.0,86,52195,卖盘
477,10:01:12,6.06,0.0,149,90294,卖盘
478,10:01:15,6.07,0.01,143,86788,买盘
479,10:01:27,6.06,-0.01,10,6060,卖盘
480,10:01:30,6.06,0.0,56,33936,卖盘
481,10:01:33,6.07,0.01,100,60700,买盘
482,10:01:39,6.06,-0.01,5,3030,卖盘
483,10:02:01,6.06,0.0,93,56358,卖盘
484,10:02:09,6.06,0.0,72,43632,卖盘
485,10:02:12,6.06,0.0,7,4245,卖盘
486,10:02:19,6.06,0.0,30,18180,卖盘
487,10:02:24,6.06,0.0,29,17586,卖盘
488,10:02:42,6.06,0.0,41,24846,卖盘
489,10:02:48,6.06,0.0,17,10302,卖盘
490,10:02:51,6.06,0.0,7,4242,卖盘
491,10:02:57,6.06,0.0,207,125442,卖盘
492,10:03:12,6.07,0.01,8,4856,买盘
493,10:03:15,6.07,0.0,9,5458,买盘
494,10:03:18,6.07,0.0,10,6070,买盘
495,10:03:24,6.07,0.0,11,6677,买盘
496,10:03:33,6.06,-0.01,21,12726,卖盘
497,10:03:42,6.06,0.0,10,6060,卖盘
498,10:03:48,6.06,0.0,30,18180,卖盘
499,10:03:55,6.06,0.0,8,4848,卖盘
500,10:04:04,6.06,0.0,2,1212,卖盘
501,10:04:09,6.06,0.0,100,60600,卖盘
502,10:04:12,6.06,0.0,42,25452,卖盘
503,10:04:15,6.06,0.0,235,142410,卖盘
504,10:04:18,6.07,0.01,2,1214,买盘
505,10:04:21,6.06,-0.01,71,43026,卖盘
506,10:04:24,6.07,0.01,142,86194,买盘
507,10:04:30,6.06,-0.01,573,347238,卖盘
508,10:04:36,6.06,0.0,10,6059,买盘
509,10:04:40,6.06,0.0,16,9696,买盘
510,10:04:45,6.06,0.0,295,178770,买盘
511,10:04:48,6.06,0.0,2,1212,买盘
512,10:04:51,6.06,0.0,6,3632,买盘
513,10:04:54,6.05,-0.01,10,6050,卖盘
514,10:04:57,6.06,0.01,27,16360,买盘
515,10:05:00,6.06,0.0,13,7878,买盘
516,10:05:06,6.05,-0.01,2,1210,卖盘
517,10:05:09,6.05,0.0,1,605,卖盘
518,10:05:15,6.05,0.0,15,9075,卖盘
519,10:05:18,6.05,0.0,26,15750,卖盘
520,10:05:24,6.05,0.0,42,25412,卖盘
521,10:05:27,6.06,0.01,10,6060,买盘
522,10:05:30,6.06,0.0,17,10302,买盘
523,10:05:36,6.06,0.0,72,43572,买盘
524,10:05:39,6.05,-0.01,82,49665,卖盘
525,10:05:42,6.05,0.0,1,605,卖盘
526,10:05:45,6.06,0.01,49,29675,买盘
527,10:05:48,6.06,0.0,8,4848,买盘
528,10:05:54,6.05,-0.01,27,16335,卖盘
529,10:05:57,6.06,0.01,2,1212,买盘
530,10:06:06,6.05,-0.01,16,9680,卖盘
531,10:06:16,6.05,0.0,14,8470,卖盘
532,10:06:21,6.06,0.01,11,6666,买盘
533,10:06:24,6.06,0.0,1,606,买盘
534,10:06:27,6.05,-0.01,56,33880,卖盘
535,10:06:36,6.05,0.0,91,55067,卖盘
536,10:06:45,6.05,0.0,49,29693,卖盘
537,10:06:48,6.06,0.01,30,18180,买盘
538,10:06:51,6.05,-0.01,68,41140,卖盘
539,10:06:54,6.06,0.01,27,16362,买盘
540,10:06:57,6.05,-0.01,17,10286,卖盘
541,10:07:00,6.05,0.0,30,18150,卖盘
542,10:07:03,6.05,0.0,2,1210,卖盘
543,10:07:09,6.05,0.0,75,45375,卖盘
544,10:07:15,6.05,0.0,4,2420,卖盘
545,10:07:18,6.05,0.0,131,79364,卖盘
546,10:07:21,6.06,0.01,5,3030,买盘
547,10:07:27,6.05,-0.01,20,12100,卖盘
548,10:07:30,6.06,0.01,225,136215,买盘
549,10:07:33,6.05,-0.01,7,4235,卖盘
550,10:07:36,6.05,0.0,50,30250,卖盘
551,10:07:39,6.05,0.0,50,30250,卖盘
552,10:07:45,6.05,0.0,45,27225,卖盘
553,10:07:48,6.05,0.0,5,3025,卖盘
554,10:07:51,6.05,0.0,100,60500,卖盘
555,10:07:54,6.05,0.0,160,96800,卖盘
556,10:07:57,6.05,0.0,314,189970,卖盘
557,10:08:00,6.05,0.0,500,302500,卖盘
558,10:08:04,6.05,0.0,308,186340,卖盘
559,10:08:06,6.05,0.0,317,191579,卖盘
560,10:08:12,6.04,-0.01,57,34428,卖盘
561,10:08:16,6.05,0.01,10,6050,买盘
562,10:08:18,6.04,-0.01,69,41706,卖盘
563,10:08:22,6.04,0.0,124,74909,卖盘
564,10:08:24,6.04,0.0,54,32616,卖盘
565,10:08:27,6.04,0.0,195,117780,卖盘
566,10:08:30,6.04,0.0,15,9060,卖盘
567,10:08:33,6.04,0.0,67,40468,卖盘
568,10:08:36,6.04,0.0,51,30804,卖盘
569,10:08:42,6.04,0.0,10,6040,卖盘
570,10:08:45,6.04,0.0,63,38052,卖盘
571,10:08:51,6.04,0.0,40,24163,卖盘
572,10:08:55,6.05,0.01,62,37510,买盘
573,10:08:58,6.04,-0.01,71,42884,卖盘
574,10:09:00,6.04,0.0,17,10268,卖盘
575,10:09:03,6.04,0.0,89,53756,卖盘
576,10:09:06,6.04,0.0,40,24160,卖盘
577,10:09:09,6.05,0.01,150,90614,买盘
578,10:09:15,6.04,-0.01,3,1812,卖盘
579,10:09:18,6.04,0.0,4,2416,卖盘
580,10:09:21,6.04,0.0,64,38661,卖盘
581,10:09:24,6.04,0.0,60,36240,卖盘
582,10:09:30,6.04,0.0,1273,769947,卖盘
583,10:09:33,6.04,0.0,52,31408,卖盘
584,10:09:36,6.04,0.0,17,10278,卖盘
585,10:09:39,6.05,0.01,15,9061,买盘
586,10:09:42,6.04,-0.01,45,27180,卖盘
587,10:09:48,6.04,0.0,9,5436,卖盘
588,10:09:51,6.04,0.0,28,16912,卖盘
589,10:09:54,6.04,0.0,44,26603,卖盘
590,10:09:58,6.05,0.01,5,3025,买盘
591,10:10:01,6.04,-0.01,465,280860,卖盘
592,10:10:04,6.05,0.01,21,12705,买盘
593,10:10:06,6.04,-0.01,393,237383,卖盘
594,10:10:12,6.05,0.01,16,9680,卖盘
595,10:10:15,6.05,0.0,12,7260,卖盘
596,10:10:18,6.04,-0.01,5,3020,卖盘
597,10:10:21,6.05,0.01,45,27225,买盘
598,10:10:24,6.04,-0.01,18,10872,卖盘
599,10:10:28,6.05,0.01,20,12100,买盘
600,10:10:30,6.05,0.0,119,71995,买盘
601,10:10:33,6.05,0.0,27,16337,卖盘
602,10:10:39,6.04,-0.01,20,12088,卖盘
603,10:10:45,6.06,0.02,101,61195,买盘
604,10:10:48,6.04,-0.02,10,6040,卖盘
605,10:10:51,6.05,0.01,40,24200,卖盘
606,10:10:54,6.06,0.01,1,606,买盘
607,10:10:57,6.05,-0.01,39,23595,卖盘
608,10:11:00,6.05,0.0,5,3025,卖盘
609,10:11:03,6.06,0.01,10,6060,买盘
610,10:11:07,6.05,-0.01,20,12100,卖盘
611,10:11:10,6.05,0.0,100,60500,卖盘
612,10:11:18,6.06,0.01,11,6666,买盘
613,10:11:21,6.05,-0.01,4,2420,卖盘
614,10:11:24,6.05,0.0,139,84095,卖盘
615,10:11:27,6.06,0.01,10,6060,买盘
616,10:11:40,6.06,0.0,117,70802,买盘
617,10:11:42,6.06,0.0,20,12120,买盘
618,10:11:51,6.05,-0.01,24,14536,卖盘
619,10:11:55,6.06,0.01,15,9090,买盘
620,10:12:04,6.06,0.0,37,22422,买盘
621,10:12:09,6.06,0.0,10,6060,买盘
622,10:12:18,6.05,-0.01,1,605,卖盘
623,10:12:21,6.05,0.0,18,10903,卖盘
624,10:12:24,6.06,0.01,15,9085,买盘
625,10:12:51,6.06,0.0,17,10302,买盘
626,10:13:00,6.06,0.0,5,3030,买盘
627,10:13:06,6.06,0.0,3,1818,买盘
628,10:13:12,6.06,0.0,38,23006,买盘
629,10:13:21,6.06,0.0,100,60600,买盘
630,10:13:25,6.05,-0.01,43,26015,卖盘
631,10:13:30,6.05,0.0,30,18150,卖盘
632,10:13:33,6.06,0.01,92,55752,买盘
633,10:13:39,6.06,0.0,19,11514,卖盘
634,10:13:54,6.06,0.0,40,24240,卖盘
635,10:13:57,6.06,0.0,16,9696,卖盘
636,10:14:04,6.06,0.0,3,1818,买盘
637,10:14:06,6.06,0.0,3,1818,买盘
638,10:14:15,6.05,-0.01,9,5445,卖盘
639,10:14:21,6.05,0.0,5,3025,卖盘
640,10:14:25,6.05,0.0,4,2420,卖盘
641,10:14:27,6.05,0.0,19,11495,卖盘
642,10:14:30,6.05,0.0,34,20570,卖盘
643,10:14:36,6.06,0.01,50,30300,买盘
644,10:14:51,6.05,-0.01,20,12100,卖盘
645,10:14:54,6.05,0.0,77,46585,卖盘
646,10:14:58,6.05,0.0,233,140705,卖盘
647,10:15:09,6.06,0.01,13,7878,买盘
648,10:15:24,6.05,-0.01,25,15125,卖盘
649,10:15:33,6.05,0.0,3,1816,卖盘
650,10:15:36,6.05,0.0,24,14530,卖盘
651,10:15:39,6.06,0.01,2,1212,买盘
652,10:15:42,6.05,-0.01,24,14523,卖盘
653,10:15:48,6.05,0.0,22,13310,卖盘
654,10:16:12,6.06,0.01,4,2424,买盘
655,10:16:15,6.05,-0.01,9,5445,卖盘
656,10:16:24,6.05,0.0,4,2420,卖盘
657,10:16:33,6.06,0.01,10,6060,买盘
658,10:16:39,6.05,-0.01,20,12100,卖盘
659,10:16:51,6.05,0.0,1,605,卖盘
660,10:16:54,6.05,0.0,10,6050,卖盘
661,10:17:00,6.05,0.0,20,12100,卖盘
662,10:17:03,6.05,0.0,9,5445,卖盘
663,10:17:06,6.05,0.0,50,30259,卖盘
664,10:17:10,6.05,0.0,1,605,卖盘
665,10:17:12,6.06,0.01,5,3026,买盘
666,10:17:21,6.05,-0.01,457,276485,卖盘
667,10:17:27,6.06,0.01,120,72612,买盘
668,10:17:30,6.05,-0.01,50,30250,卖盘
669,10:17:33,6.05,0.0,15,9075,卖盘
670,10:17:39,6.05,0.0,130,78650,卖盘
671,10:17:48,6.06,0.01,7,4242,买盘
672,10:17:51,6.05,-0.01,2,1210,卖盘
673,10:18:00,6.05,0.0,122,73810,卖盘
674,10:18:04,6.05,0.0,1,605,卖盘
675,10:18:06,6.04,-0.01,9,5440,卖盘
676,10:18:12,6.04,0.0,32,19330,卖盘
677,10:18:18,6.05,0.01,25,15125,卖盘
678,10:18:24,6.05,0.0,14,8470,买盘
679,10:18:28,6.04,-0.01,4,2416,卖盘
680,10:18:30,6.05,0.01,1,605,买盘
681,10:18:45,6.05,0.0,6,3629,买盘
682,10:18:54,6.04,-0.01,5,3020,卖盘
683,10:18:57,6.05,0.01,10,6050,买盘
684,10:19:06,6.05,0.0,50,30240,买盘
685,10:19:13,6.05,0.0,11,6655,买盘
686,10:19:15,6.05,0.0,80,48400,买盘
687,10:19:18,6.05,0.0,18,10890,买盘
688,10:19:21,6.05,0.0,144,87120,买盘
689,10:19:24,6.05,0.0,7,4235,卖盘
690,10:19:27,6.05,0.0,5,3025,卖盘
691,10:19:30,6.05,0.0,30,18150,卖盘
692,10:19:33,6.06,0.01,3,1818,买盘
693,10:19:36,6.05,-0.01,3,1815,卖盘
694,10:19:40,6.05,0.0,40,24200,卖盘
695,10:19:42,6.05,0.0,25,15130,卖盘
696,10:19:54,6.05,0.0,38,22990,卖盘
697,10:19:57,6.05,0.0,80,48400,卖盘
698,10:20:03,6.05,0.0,51,30855,卖盘
699,10:20:07,6.05,0.0,2,1210,买盘
700,10:20:10,6.05,0.0,100,60500,买盘
701,10:20:24,6.05,0.0,15,9075,买盘
702,10:20:27,6.04,-0.01,4,2416,卖盘
703,10:20:30,6.05,0.01,8,4840,买盘
704,10:20:36,6.05,0.0,5,3025,买盘
705,10:20:48,6.04,-0.01,117,70762,卖盘
706,10:20:51,6.04,0.0,16,9676,卖盘
707,10:21:01,6.04,0.0,1,604,卖盘
708,10:21:04,6.05,0.01,140,84700,买盘
709,10:21:12,6.05,0.0,4,2420,买盘
710,10:21:27,6.05,0.0,7,4230,买盘
711,10:21:30,6.05,0.0,225,136125,买盘
712,10:21:33,6.05,0.0,5,3025,卖盘
713,10:21:36,6.05,0.0,30,18150,买盘
714,10:21:39,6.05,0.0,5,3025,买盘
715,10:21:45,6.05,0.0,91,55053,买盘
716,10:21:51,6.05,0.0,15,9075,买盘
717,10:22:03,6.05,0.0,3,1815,买盘
718,10:22:06,6.05,0.0,7,4234,买盘
719,10:22:12,6.04,-0.01,1,604,卖盘
720,10:22:18,6.04,0.0,10,6040,卖盘
721,10:22:21,6.05,0.01,123,74415,买盘
722,10:22:24,6.05,0.0,70,42350,买盘
723,10:22:27,6.04,-0.01,5,3020,卖盘
724,10:22:33,6.05,0.01,34,20556,买盘
725,10:22:36,6.05,0.0,47,28435,买盘
726,10:22:39,6.05,0.0,6,3630,买盘
727,10:22:48,6.05,0.0,6,3630,买盘
728,10:23:00,6.05,0.0,5,3025,卖盘
729,10:23:04,6.05,0.0,128,77440,卖盘
730,10:23:09,6.05,0.0,19,11495,买盘
731,10:23:12,6.05,0.0,16,9680,买盘
732,10:23:15,6.05,0.0,5,3025,买盘
733,10:23:18,6.05,0.0,100,60500,买盘
734,10:23:21,6.05,0.0,16,9680,买盘
735,10:23:24,6.05,0.0,10,6050,买盘
736,10:23:27,6.05,0.0,60,36296,买盘
737,10:23:30,6.05,0.0,30,18150,卖盘
738,10:23:36,6.05,0.0,34,20570,卖盘
739,10:23:45,6.06,0.01,4,2424,买盘
740,10:24:27,6.05,-0.01,5,3025,卖盘
741,10:24:36,6.06,0.01,1,606,买盘
742,10:24:49,6.06,0.0,30,18180,买盘
743,10:25:06,6.06,0.0,126,76355,买盘
744,10:25:09,6.05,-0.01,89,53845,卖盘
745,10:25:18,6.06,0.01,3,1818,买盘
746,10:25:21,6.05,-0.01,21,12708,卖盘
747,10:25:28,6.05,0.0,4,2420,卖盘
748,10:25:33,6.05,0.0,1,605,卖盘
749,10:25:45,6.05,0.0,12,7260,卖盘
750,10:25:51,6.05,0.0,6,3630,卖盘
751,10:25:57,6.05,0.0,62,37510,卖盘
752,10:26:01,6.05,0.0,85,51425,卖盘
753,10:26:09,6.06,0.01,100,60600,买盘
754,10:26:15,6.06,0.0,17,10302,买盘
755,10:26:18,6.06,0.0,47,28482,买盘
756,10:26:21,6.06,0.0,15,9090,买盘
757,10:26:24,6.06,0.0,13,7878,买盘
758,10:26:27,6.05,-0.01,5,3025,卖盘
759,10:26:33,6.06,0.01,72,43632,买盘
760,10:26:39,6.06,0.0,60,36360,买盘
761,10:26:51,6.06,0.0,35,21210,买盘
762,10:27:00,6.06,0.0,2,1212,买盘
763,10:27:12,6.06,0.0,23,13938,买盘
764,10:27:15,6.06,0.0,10,6060,买盘
765,10:27:18,6.05,-0.01,101,61106,卖盘
766,10:27:21,6.06,0.01,25,15150,买盘
767,10:27:27,6.05,-0.01,4,2420,卖盘
768,10:27:30,6.06,0.01,5,3030,买盘
769,10:27:42,6.06,0.0,116,70196,买盘
770,10:27:46,6.06,0.0,16,9696,买盘
771,10:27:51,6.05,-0.01,6,3630,卖盘
772,10:28:00,6.05,0.0,31,18755,卖盘
773,10:28:04,6.05,0.0,23,13915,卖盘
774,10:28:06,6.05,0.0,15,9075,卖盘
775,10:28:18,6.05,0.0,27,16335,卖盘
776,10:28:24,6.05,0.0,19,11495,卖盘
777,10:28:27,6.05,0.0,59,35695,卖盘
778,10:28:37,6.05,0.0,12,7260,卖盘
779,10:28:39,6.05,0.0,2,1210,卖盘
780,10:28:45,6.05,0.0,62,37510,卖盘
781,10:28:51,6.05,0.0,76,45980,卖盘
782,10:28:54,6.05,0.0,156,94380,卖盘
783,10:28:57,6.05,0.0,61,36905,卖盘
784,10:29:00,6.05,0.0,20,12100,卖盘
785,10:29:09,6.05,0.0,5,3025,卖盘
786,10:29:12,6.05,0.0,30,18150,卖盘
787,10:29:15,6.05,0.0,69,41745,卖盘
788,10:29:21,6.04,-0.01,1,604,卖盘
789,10:29:27,6.04,0.0,4,2416,卖盘
790,10:29:30,6.05,0.01,4,2420,买盘
791,10:29:42,6.04,-0.01,51,30804,卖盘
792,10:29:45,6.05,0.01,128,77440,买盘
793,10:29:51,6.05,0.0,10,6050,买盘
794,10:29:54,6.05,0.0,21,12689,买盘
795,10:29:57,6.04,-0.01,14,8456,卖盘
796,10:30:04,6.04,0.0,53,32012,卖盘
797,10:30:06,6.04,0.0,16,9664,卖盘
798,10:30:09,6.04,0.0,83,50132,卖盘
799,10:30:15,6.05,0.01,7,4235,买盘
800,10:30:18,6.05,0.0,5,3025,买盘
801,10:30:25,6.04,-0.01,29,17526,卖盘
802,10:30:27,6.04,0.0,4,2416,卖盘
803,10:30:36,6.05,0.01,8,4840,买盘
804,10:30:45,6.05,0.0,80,48400,买盘
805,10:30:55,6.04,-0.01,3,1812,卖盘
806,10:31:00,6.05,0.01,2176,1314309,买盘
807,10:31:06,6.05,0.0,20,12100,买盘
808,10:31:09,6.04,-0.01,78,47112,卖盘
809,10:31:12,6.05,0.01,199,120216,买盘
810,10:31:15,6.04,-0.01,48,28996,卖盘
811,10:31:18,6.05,0.01,1,605,买盘
812,10:31:21,6.04,-0.01,4,2416,卖盘
813,10:31:24,6.05,0.01,50,30250,买盘
814,10:31:27,6.04,-0.01,57,34428,卖盘
815,10:31:36,6.04,0.0,60,36240,卖盘
816,10:31:39,6.04,0.0,280,169120,卖盘
817,10:31:45,6.04,0.0,2,1208,卖盘
818,10:31:48,6.04,0.0,20,12080,卖盘
819,10:31:51,6.04,0.0,41,24764,卖盘
820,10:31:54,6.04,0.0,48,29046,卖盘
821,10:32:03,6.03,-0.01,92,55566,卖盘
822,10:32:09,6.03,0.0,4,2412,卖盘
823,10:32:16,6.03,0.0,11,6633,卖盘
824,10:32:18,6.04,0.01,31,18724,买盘
825,10:32:21,6.03,-0.01,66,39798,卖盘
826,10:32:24,6.04,0.01,43,25972,买盘
827,10:32:27,6.04,0.0,15,9060,买盘
828,10:32:31,6.03,-0.01,21,12663,卖盘
829,10:32:36,6.03,0.0,7,4221,卖盘
830,10:32:39,6.04,0.01,1,604,买盘
831,10:32:45,6.03,-0.01,10,6030,卖盘
832,10:32:48,6.03,0.0,5,3018,卖盘
833,10:32:51,6.03,0.0,63,37989,卖盘
834,10:32:57,6.04,0.01,6,3624,买盘
835,10:33:00,6.03,-0.01,75,45225,卖盘
836,10:33:03,6.03,0.0,25,15075,卖盘
837,10:33:06,6.03,0.0,28,16884,卖盘
838,10:33:09,6.03,0.0,10,6030,卖盘
839,10:33:12,6.03,0.0,17,10251,卖盘
840,10:33:21,6.04,0.01,10,6040,买盘
841,10:33:24,6.03,-0.01,50,30150,卖盘
842,10:33:27,6.03,0.0,1,603,卖盘
843,10:33:31,6.04,0.01,556,335324,买盘
844,10:33:36,6.03,-0.01,138,83256,卖盘
845,10:33:39,6.04,0.01,3,1812,买盘
846,10:33:42,6.03,-0.01,110,66340,卖盘
847,10:33:51,6.03,0.0,12,7236,卖盘
848,10:33:54,6.04,0.01,4,2416,买盘
849,10:34:00,6.04,0.0,15,9057,买盘
850,10:34:06,6.03,-0.01,48,28944,卖盘
851,10:34:09,6.03,0.0,4,2412,卖盘
852,10:34:16,6.04,0.01,150,90600,买盘
853,10:34:18,6.04,0.0,19,11476,买盘
854,10:34:22,6.03,-0.01,64,38594,卖盘
855,10:34:25,6.03,0.0,30,18090,卖盘
856,10:34:27,6.04,0.01,27,16308,买盘
857,10:34:33,6.04,0.0,5,3020,买盘
858,10:34:36,6.04,0.0,30,18092,买盘
859,10:34:39,6.03,-0.01,21,12663,卖盘
860,10:34:42,6.03,0.0,15,9055,卖盘
861,10:34:45,6.03,0.0,5,3015,卖盘
862,10:34:48,6.04,0.01,26,15704,买盘
863,10:34:52,6.04,0.0,22,13288,买盘
864,10:34:54,6.04,0.0,13,7852,买盘
865,10:34:58,6.03,-0.01,20,12060,卖盘
866,10:35:04,6.03,0.0,3,1809,卖盘
867,10:35:06,6.03,0.0,7,4226,卖盘
868,10:35:09,6.04,0.01,7,4223,买盘
869,10:35:15,6.04,0.0,4,2416,买盘
870,10:35:18,6.04,0.0,10,6040,买盘
871,10:35:27,6.04,0.0,198,119592,买盘
872,10:35:30,6.03,-0.01,29,17502,卖盘
873,10:35:39,6.03,0.0,17,10261,卖盘
874,10:35:42,6.04,0.01,55,33220,买盘
875,10:35:45,6.04,0.0,8,4832,买盘
876,10:35:48,6.04,0.0,21,12684,买盘
877,10:35:51,6.04,0.0,100,60400,买盘
878,10:35:54,6.04,0.0,32,19328,买盘
879,10:36:01,6.04,0.0,44,26576,买盘
880,10:36:04,6.03,-0.01,147,88710,卖盘
881,10:36:06,6.04,0.01,205,123766,买盘
882,10:36:09,6.04,0.0,4,2416,卖盘
883,10:36:15,6.04,0.0,22,13288,卖盘
884,10:36:21,6.04,0.0,22,13288,卖盘
885,10:36:25,6.05,0.01,40,24200,买盘
886,10:36:33,6.05,0.0,14,8470,买盘
887,10:36:45,6.05,0.0,80,48400,买盘
888,10:36:48,6.05,0.0,68,41140,买盘
889,10:36:51,6.05,0.0,114,68970,买盘
890,10:36:55,6.05,0.0,87,52635,买盘
891,10:37:12,6.05,0.0,4,2420,卖盘
892,10:37:15,6.05,0.0,20,12100,卖盘
893,10:37:21,6.05,0.0,100,60500,卖盘
894,10:37:24,6.05,0.0,3,1815,卖盘
895,10:37:27,6.05,0.0,39,23595,卖盘
896,10:37:39,6.05,0.0,2,1210,卖盘
897,10:37:45,6.05,0.0,62,37510,卖盘
898,10:38:04,6.05,0.0,20,12100,买盘
899,10:38:09,6.04,-0.01,15,9060,卖盘
900,10:38:12,6.04,0.0,5,3020,卖盘
901,10:38:16,6.04,0.0,6,3624,卖盘
902,10:38:24,6.04,0.0,10,6040,卖盘
903,10:38:30,6.04,0.0,71,42884,卖盘
904,10:38:36,6.04,0.0,57,34428,卖盘
905,10:38:42,6.04,0.0,7,4228,卖盘
906,10:38:48,6.04,0.0,2,1208,卖盘
907,10:39:00,6.05,0.01,17,10285,买盘
908,10:39:12,6.04,-0.01,4,2416,卖盘
909,10:39:39,6.04,0.0,27,16308,卖盘
910,10:39:54,6.04,0.0,10,6040,卖盘
911,10:40:01,6.05,0.01,1,605,买盘
912,10:40:12,6.05,0.0,7,4235,买盘
913,10:40:15,6.04,-0.01,6,3624,卖盘
914,10:40:21,6.05,0.01,809,489445,买盘
915,10:40:30,6.05,0.0,15,9075,卖盘
916,10:40:33,6.05,0.0,18,10890,卖盘
917,10:40:42,6.05,0.0,236,142780,卖盘
918,10:40:45,6.04,-0.01,10,6040,卖盘
919,10:40:48,6.05,0.01,10,6050,买盘
920,10:40:51,6.05,0.0,41,24805,买盘
921,10:40:55,6.05,0.0,13,7865,卖盘
922,10:40:57,6.05,0.0,28,16940,卖盘
923,10:41:00,6.04,-0.01,1,604,卖盘
924,10:41:04,6.05,0.01,29,17545,买盘
925,10:41:09,6.05,0.0,25,15125,买盘
926,10:41:13,6.05,0.0,52,31460,买盘
927,10:41:18,6.05,0.0,9,5441,买盘
928,10:41:21,6.05,0.0,10,6050,买盘
929,10:41:27,6.05,0.0,11,6655,买盘
930,10:41:30,6.04,-0.01,12,7250,卖盘
931,10:41:33,6.05,0.01,12,7260,买盘
932,10:41:45,6.05,0.0,145,87725,卖盘
933,10:41:54,6.05,0.0,1,605,买盘
934,10:41:57,6.04,-0.01,12,7248,卖盘
935,10:42:00,6.05,0.01,1,605,买盘
936,10:42:06,6.05,0.0,44,26620,买盘
937,10:42:09,6.05,0.0,9,5445,卖盘
938,10:42:18,6.06,0.01,9,5449,买盘
939,10:42:33,6.06,0.0,5,3030,买盘
940,10:42:48,6.06,0.0,68,41208,买盘
941,10:42:55,6.06,0.0,4,2422,买盘
942,10:42:57,6.06,0.0,16,9696,买盘
943,10:43:09,6.06,0.0,107,64842,买盘
944,10:43:12,6.06,0.0,7,4242,买盘
945,10:43:18,6.05,-0.01,30,18176,卖盘
946,10:43:33,6.05,0.0,1,605,卖盘
947,10:43:36,6.06,0.01,4,2423,买盘
948,10:43:48,6.06,0.0,5,3030,买盘
949,10:43:57,6.06,0.0,8,4845,买盘
950,10:44:12,6.06,0.0,1,606,买盘
951,10:44:18,6.06,0.0,49,29689,买盘
952,10:44:21,6.06,0.0,10,6060,买盘
953,10:44:27,6.06,0.0,120,72720,买盘
954,10:44:30,6.06,0.0,17,10302,买盘
955,10:44:34,6.06,0.0,10,6060,买盘
956,10:44:37,6.06,0.0,6,3635,买盘
957,10:44:42,6.05,-0.01,15,9075,卖盘
958,10:44:45,6.06,0.01,10,6060,买盘
959,10:44:48,6.06,0.0,22,13332,买盘
960,10:44:51,6.06,0.0,50,30300,买盘
961,10:44:57,6.06,0.0,100,60600,买盘
962,10:45:09,6.05,-0.01,19,11495,卖盘
963,10:45:15,6.05,0.0,5,3025,卖盘
964,10:45:18,6.05,0.0,4,2420,卖盘
965,10:45:24,6.05,0.0,58,35090,卖盘
966,10:45:27,6.06,0.01,40,24230,买盘
967,10:45:37,6.05,-0.01,6,3630,卖盘
968,10:45:48,6.06,0.01,1,606,买盘
969,10:45:54,6.05,-0.01,10,6050,卖盘
970,10:46:04,6.05,0.0,100,60500,卖盘
971,10:46:06,6.05,0.0,30,18150,卖盘
972,10:46:09,6.06,0.01,130,78680,买盘
973,10:46:12,6.05,-0.01,9,5445,卖盘
974,10:46:19,6.05,0.0,24,14520,卖盘
975,10:46:22,6.06,0.01,4,2424,买盘
976,10:46:39,6.06,0.0,58,35140,买盘
977,10:46:51,6.05,-0.01,37,22385,卖盘
978,10:46:57,6.05,0.0,11,6655,卖盘
979,10:47:18,6.05,0.0,25,15135,卖盘
980,10:47:30,6.05,0.0,10,6050,卖盘
981,10:47:33,6.06,0.01,77,46662,买盘
982,10:47:39,6.06,0.0,2,1212,买盘
983,10:47:42,6.06,0.0,496,300576,买盘
984,10:47:55,6.05,-0.01,13,7865,卖盘
985,10:48:00,6.06,0.01,10,6060,买盘
986,10:48:06,6.06,0.0,181,109686,买盘
987,10:48:09,6.05,-0.01,115,69589,卖盘
988,10:48:15,6.06,0.01,1,606,中性盘
989,10:48:19,6.06,0.0,4,2424,卖盘
990,10:48:24,6.05,-0.01,43,26015,卖盘
991,10:48:30,6.07,0.02,2,1214,买盘
992,10:48:33,6.06,-0.01,67,40612,卖盘
993,10:48:36,6.06,0.0,115,69690,卖盘
994,10:48:51,6.06,0.0,115,69690,卖盘
995,10:48:57,6.07,0.01,20,12140,买盘
996,10:49:00,6.07,0.0,15,9105,买盘
997,10:49:04,6.07,0.0,20,12140,买盘
998,10:49:12,6.07,0.0,1,607,买盘
999,10:49:18,6.07,0.0,265,160850,买盘
1000,10:49:21,6.07,0.0,10,6070,卖盘
1001,10:49:27,6.08,0.01,277,168416,买盘
1002,10:49:39,6.09,0.01,2,1218,买盘
1003,10:49:42,6.09,0.0,5,3045,买盘
1004,10:49:48,6.08,-0.01,55,33440,卖盘
1005,10:49:51,6.08,0.0,3,1824,买盘
1006,10:49:57,6.08,0.0,3,1824,买盘
1007,10:50:04,6.08,0.0,11,6688,买盘
1008,10:50:09,6.08,0.0,10,6080,买盘
1009,10:50:12,6.07,-0.01,11,6677,卖盘
1010,10:50:15,6.08,0.01,20,12160,买盘
1011,10:50:21,6.07,-0.01,4,2428,卖盘
1012,10:50:24,6.08,0.01,3,1824,买盘
1013,10:50:27,6.08,0.0,148,89984,买盘
1014,10:50:33,6.08,0.0,29,17632,卖盘
1015,10:50:42,6.08,0.0,20,12160,买盘
1016,10:50:45,6.08,0.0,20,12160,买盘
1017,10:50:51,6.08,0.0,5,3040,买盘
1018,10:50:55,6.08,0.0,16,9728,买盘
1019,10:51:00,6.08,0.0,381,232025,卖盘
1020,10:51:04,6.08,0.0,10,6080,买盘
1021,10:51:06,6.08,0.0,20,12160,买盘
1022,10:51:15,6.08,0.0,17,10329,买盘
1023,10:51:21,6.07,-0.01,5,3035,卖盘
1024,10:51:24,6.07,0.0,190,115330,卖盘
1025,10:51:36,6.07,0.0,44,26708,卖盘
1026,10:51:40,6.07,0.0,22,13358,买盘
1027,10:51:51,6.08,0.01,31,18844,买盘
1028,10:52:00,6.08,0.0,32,19456,买盘
1029,10:52:09,6.07,-0.01,30,18210,卖盘
1030,10:52:21,6.07,0.0,16,9712,卖盘
1031,10:52:27,6.08,0.01,65,39520,买盘
1032,10:52:30,6.07,-0.01,102,62014,卖盘
1033,10:52:33,6.08,0.01,131,79648,买盘
1034,10:52:39,6.09,0.01,62,37721,买盘
1035,10:52:43,6.1,0.01,532,324386,买盘
1036,10:52:45,6.1,0.0,21,12810,卖盘
1037,10:52:48,6.11,0.01,462,282320,买盘
1038,10:52:51,6.12,0.01,50,30600,买盘
1039,10:52:54,6.11,-0.01,109,66678,卖盘
1040,10:52:57,6.11,0.0,133,81376,卖盘
1041,10:53:00,6.12,0.01,63,38556,买盘
1042,10:53:04,6.12,0.0,176,107712,买盘
1043,10:53:06,6.12,0.0,125,76485,买盘
1044,10:53:09,6.13,0.01,126,77186,买盘
1045,10:53:12,6.12,-0.01,10,6120,卖盘
1046,10:53:15,6.13,0.01,10,6125,买盘
1047,10:53:18,6.12,-0.01,100,61200,卖盘
1048,10:53:22,6.13,0.01,104,63748,买盘
1049,10:53:24,6.13,0.0,79,48427,买盘
1050,10:53:27,6.13,0.0,30,18390,买盘
1051,10:53:30,6.13,0.0,107,65591,买盘
1052,10:53:33,6.13,0.0,86,52691,买盘
1053,10:53:37,6.13,0.0,109,66817,卖盘
1054,10:53:39,6.13,0.0,72,44155,卖盘
1055,10:53:42,6.13,0.0,42,25776,卖盘
1056,10:53:45,6.13,0.0,155,95035,卖盘
1057,10:53:48,6.13,0.0,2,1226,买盘
1058,10:53:51,6.13,0.0,373,228639,买盘
1059,10:53:55,6.12,-0.01,277,169571,卖盘
1060,10:54:00,6.12,0.0,51,31203,买盘
1061,10:54:04,6.11,-0.01,35,21400,卖盘
1062,10:54:06,6.12,0.01,9,5508,买盘
1063,10:54:10,6.12,0.0,21,12852,买盘
1064,10:54:12,6.11,-0.01,14,8555,卖盘
1065,10:54:15,6.11,0.0,20,12220,卖盘
1066,10:54:21,6.11,0.0,15,9165,卖盘
1067,10:54:24,6.11,0.0,20,12220,卖盘
1068,10:54:27,6.11,0.0,85,51935,卖盘
1069,10:54:33,6.12,0.01,103,63036,买盘
1070,10:54:37,6.12,0.0,23,14076,买盘
1071,10:54:45,6.12,0.0,7,4284,买盘
1072,10:54:49,6.12,0.0,305,186560,买盘
1073,10:54:51,6.11,-0.01,95,58132,卖盘
1074,10:54:54,6.1,-0.01,189,115360,卖盘
1075,10:54:57,6.1,0.0,30,18300,买盘
1076,10:55:00,6.1,0.0,12,7320,买盘
1077,10:55:03,6.1,0.0,375,228750,买盘
1078,10:55:09,6.1,0.0,115,70150,卖盘
1079,10:55:12,6.1,0.0,49,29890,买盘
1080,10:55:16,6.1,0.0,43,26230,买盘
1081,10:55:18,6.1,0.0,10,6100,买盘
1082,10:55:21,6.1,0.0,7,4270,买盘
1083,10:55:24,6.09,-0.01,4,2436,卖盘
1084,10:55:27,6.1,0.01,110,67100,买盘
1085,10:55:31,6.1,0.0,100,61000,买盘
1086,10:55:33,6.1,0.0,17,10370,买盘
1087,10:55:37,6.1,0.0,25,15250,买盘
1088,10:55:39,6.1,0.0,27,16470,买盘
1089,10:55:42,6.1,0.0,17,10370,卖盘
1090,10:55:48,6.1,0.0,18,10980,卖盘
1091,10:55:54,6.1,0.0,13,7930,卖盘
1092,10:56:06,6.11,0.01,3,1833,买盘
1093,10:56:15,6.11,0.0,16,9776,买盘
1094,10:56:21,6.11,0.0,575,351325,买盘
1095,10:56:25,6.11,0.0,5,3055,卖盘
1096,10:56:30,6.11,0.0,10,6110,卖盘
1097,10:56:36,6.11,0.0,110,67210,卖盘
1098,10:56:39,6.11,0.0,378,230958,买盘
1099,10:56:42,6.1,-0.01,50,30500,卖盘
1100,10:56:45,6.11,0.01,5,3055,买盘
1101,10:56:48,6.11,0.0,304,185444,买盘
1102,10:56:58,6.11,0.0,3,1833,买盘
1103,10:57:04,6.1,-0.01,160,97750,卖盘
1104,10:57:09,6.1,0.0,2,1220,卖盘
1105,10:57:15,6.1,0.0,33,20150,卖盘
1106,10:57:18,6.11,0.01,23,14053,买盘
1107,10:57:21,6.1,-0.01,41,25010,卖盘
1108,10:57:24,6.1,0.0,13,7930,卖盘
1109,10:57:27,6.11,0.01,100,61100,买盘
1110,10:57:36,6.11,0.0,10,6110,买盘
1111,10:57:39,6.11,0.0,20,12220,买盘
1112,10:57:42,6.11,0.0,17,10387,买盘
1113,10:57:49,6.11,0.0,1,611,买盘
1114,10:57:51,6.11,0.0,1,611,买盘
1115,10:57:54,6.11,0.0,10,6110,买盘
1116,10:57:57,6.11,0.0,2,1222,买盘
1117,10:58:04,6.11,0.0,96,58656,买盘
1118,10:58:09,6.11,0.0,100,61100,买盘
1119,10:58:15,6.11,0.0,6,3666,买盘
1120,10:58:18,6.11,0.0,9,5499,买盘
1121,10:58:24,6.11,0.0,11,6720,买盘
1122,10:58:27,6.1,-0.01,5,3050,卖盘
1123,10:58:33,6.11,0.01,20,12220,买盘
1124,10:58:39,6.11,0.0,72,43991,买盘
1125,10:58:45,6.11,0.0,160,97750,买盘
1126,10:58:49,6.11,0.0,71,43381,买盘
1127,10:58:57,6.11,0.0,20,12220,买盘
1128,10:59:04,6.11,0.0,281,171691,买盘
1129,10:59:09,6.1,-0.01,4,2440,卖盘
1130,10:59:12,6.1,0.0,93,56740,卖盘
1131,10:59:15,6.11,0.01,1,611,买盘
1132,10:59:21,6.1,-0.01,10,6100,卖盘
1133,10:59:36,6.1,0.0,5,3050,卖盘
1134,10:59:45,6.1,0.0,120,73200,卖盘
1135,10:59:54,6.1,0.0,14,8540,卖盘
1136,10:59:57,6.11,0.01,595,363545,买盘
1137,11:00:04,6.11,0.0,80,48880,卖盘
1138,11:00:06,6.11,0.0,73,44603,卖盘
1139,11:00:09,6.11,0.0,9,5499,卖盘
1140,11:00:12,6.1,-0.01,11,6716,卖盘
1141,11:00:21,6.11,0.01,10,6110,买盘
1142,11:00:24,6.1,-0.01,103,62830,卖盘
1143,11:00:27,6.11,0.01,279,170440,买盘
1144,11:00:30,6.1,-0.01,15,9150,卖盘
1145,11:00:33,6.11,0.01,8,4888,买盘
1146,11:00:36,6.11,0.0,21,12831,买盘
1147,11:00:42,6.11,0.0,15,9165,买盘
1148,11:00:48,6.11,0.0,82,50102,买盘
1149,11:00:57,6.11,0.0,5,3055,买盘
1150,11:01:00,6.1,-0.01,7,4270,卖盘
1151,11:01:04,6.1,0.0,33,20140,卖盘
1152,11:01:06,6.11,0.01,70,42723,买盘
1153,11:01:09,6.11,0.0,15,9165,买盘
1154,11:01:12,6.11,0.0,30,18330,买盘
1155,11:01:16,6.1,-0.01,36,21960,卖盘
1156,11:01:18,6.11,0.01,39,23829,买盘
1157,11:01:21,6.1,-0.01,180,109800,卖盘
1158,11:01:24,6.1,0.0,12,7320,卖盘
1159,11:01:30,6.11,0.01,176,107536,买盘
1160,11:01:33,6.11,0.0,158,96528,买盘
1161,11:01:36,6.11,0.0,91,55601,卖盘
1162,11:01:39,6.12,0.01,238,145484,买盘
1163,11:01:42,6.11,-0.01,5,3055,中性盘
1164,11:01:51,6.11,0.0,25,15275,卖盘
1165,11:01:54,6.11,0.0,198,120978,卖盘
1166,11:02:03,6.1,-0.01,3,1830,卖盘
1167,11:02:06,6.11,0.01,179,109367,买盘
1168,11:02:09,6.1,-0.01,21,12810,卖盘
1169,11:02:12,6.11,0.01,7,4277,买盘
1170,11:02:18,6.1,-0.01,4,2440,卖盘
1171,11:02:22,6.1,0.0,6,3660,卖盘
1172,11:02:39,6.1,0.0,30,18300,卖盘
1173,11:02:48,6.1,0.0,10,6100,卖盘
1174,11:02:55,6.1,0.0,10,6100,卖盘
1175,11:03:04,6.11,0.01,396,241956,买盘
1176,11:03:10,6.11,0.0,10,6110,买盘
1177,11:03:18,6.1,-0.01,5,3050,卖盘
1178,11:03:27,6.11,0.01,1,611,买盘
1179,11:03:45,6.11,0.0,21,12831,买盘
1180,11:04:00,6.11,0.0,260,158860,买盘
1181,11:04:12,6.11,0.0,29,17719,买盘
1182,11:04:18,6.11,0.0,76,46432,买盘
1183,11:04:24,6.11,0.0,62,37882,卖盘
1184,11:04:27,6.11,0.0,8,4888,卖盘
1185,11:04:31,6.11,0.0,20,12220,卖盘
1186,11:04:36,6.11,0.0,5,3055,卖盘
1187,11:04:48,6.11,0.0,100,61100,买盘
1188,11:04:54,6.1,-0.01,38,23180,卖盘
1189,11:04:57,6.11,0.01,2,1222,买盘
1190,11:05:03,6.11,0.0,7,4277,买盘
1191,11:05:15,6.1,-0.01,2,1220,卖盘
1192,11:05:18,6.1,0.0,31,18936,卖盘
1193,11:05:21,6.11,0.01,30,18330,买盘
1194,11:05:24,6.1,-0.01,14,8552,卖盘
1195,11:05:30,6.1,0.0,71,43373,卖盘
1196,11:05:33,6.1,0.0,5,3050,卖盘
1197,11:05:36,6.11,0.01,71,43381,买盘
1198,11:05:39,6.11,0.0,84,51324,买盘
1199,11:06:04,6.11,0.0,22,13442,买盘
1200,11:06:09,6.11,0.0,40,24401,买盘
1201,11:06:15,6.11,0.0,61,37271,买盘
1202,11:06:21,6.1,-0.01,24,14640,卖盘
1203,11:06:24,6.1,0.0,116,70806,卖盘
1204,11:06:28,6.1,0.0,355,216781,卖盘
1205,11:06:31,6.1,0.0,3,1830,卖盘
1206,11:06:48,6.1,0.0,78,47580,卖盘
1207,11:06:51,6.1,0.0,121,73910,卖盘
1208,11:07:00,6.11,0.01,207,126477,买盘
1209,11:07:09,6.11,0.0,29,17719,买盘
1210,11:07:12,6.11,0.0,40,24440,买盘
1211,11:07:15,6.11,0.0,142,86786,买盘
1212,11:07:21,6.11,0.0,5,3055,卖盘
1213,11:07:27,6.12,0.01,3,1836,买盘
1214,11:07:31,6.11,-0.01,5,3055,卖盘
1215,11:07:33,6.12,0.01,1,612,买盘
1216,11:07:45,6.11,-0.01,10,6110,卖盘
1217,11:08:00,6.11,0.0,18,10998,卖盘
1218,11:08:06,6.11,0.0,98,59878,卖盘
1219,11:08:21,6.11,0.0,156,95316,卖盘
1220,11:08:33,6.12,0.01,10,6120,买盘
1221,11:08:39,6.11,-0.01,5,3055,卖盘
1222,11:08:42,6.12,0.01,20,12240,买盘
1223,11:08:54,6.12,0.0,13,7956,买盘
1224,11:09:00,6.12,0.0,509,311508,买盘
1225,11:09:03,6.12,0.0,33,20188,买盘
1226,11:09:06,6.11,-0.01,45,27495,卖盘
1227,11:09:09,6.12,0.01,100,61200,买盘
1228,11:09:12,6.11,-0.01,83,50718,卖盘
1229,11:09:15,6.11,0.0,62,37911,卖盘
1230,11:09:18,6.11,0.0,28,17128,卖盘
1231,11:09:21,6.11,0.0,4,2444,卖盘
1232,11:09:24,6.11,0.0,5,3055,卖盘
1233,11:09:48,6.11,0.0,364,222404,卖盘
1234,11:10:21,6.1,-0.01,5,3050,卖盘
1235,11:10:45,6.1,0.0,200,122000,卖盘
1236,11:10:54,6.1,0.0,42,25623,卖盘
1237,11:11:00,6.11,0.01,10,6110,买盘
1238,11:11:10,6.11,0.0,34,20774,买盘
1239,11:11:24,6.1,-0.01,4,2440,卖盘
1240,11:11:36,6.1,0.0,10,6100,卖盘
1241,11:11:48,6.1,0.0,14,8540,卖盘
1242,11:11:51,6.1,0.0,120,73200,卖盘
1243,11:11:57,6.1,0.0,8,4880,卖盘
1244,11:12:00,6.11,0.01,25,15255,买盘
1245,11:12:09,6.1,-0.01,17,10382,卖盘
1246,11:12:27,6.1,0.0,5,3050,卖盘
1247,11:12:30,6.1,0.0,30,18300,卖盘
1248,11:12:36,6.1,0.0,30,18300,卖盘
1249,11:12:39,6.1,0.0,23,14030,卖盘
1250,11:12:49,6.1,0.0,25,15250,卖盘
1251,11:13:00,6.09,-0.01,3,1827,卖盘
1252,11:13:21,6.09,0.0,26,15834,卖盘
1253,11:13:24,6.09,0.0,4,2436,卖盘
1254,11:13:30,6.09,0.0,5,3045,卖盘
1255,11:13:34,6.1,0.01,10,6100,买盘
1256,11:13:43,6.1,0.0,6,3660,买盘
1257,11:13:51,6.1,0.0,102,62120,买盘
1258,11:14:00,6.09,-0.01,11,6699,卖盘
1259,11:14:06,6.1,0.01,58,35372,买盘
1260,11:14:09,6.09,-0.01,2,1218,卖盘
1261,11:14:12,6.1,0.01,70,42700,买盘
1262,11:14:15,6.1,0.0,5,3050,卖盘
1263,11:14:21,6.1,0.0,12,7320,卖盘
1264,11:14:25,6.1,0.0,15,9150,卖盘
1265,11:14:27,6.1,0.0,5,3050,卖盘
1266,11:14:42,6.1,0.0,23,14030,卖盘
1267,11:15:12,6.1,0.0,15,9150,买盘
1268,11:15:27,6.09,-0.01,4,2436,卖盘
1269,11:15:30,6.1,0.01,58,35380,买盘
1270,11:15:33,6.1,0.0,28,17080,卖盘
1271,11:15:48,6.09,-0.01,12,7308,卖盘
1272,11:15:51,6.09,0.0,67,40803,卖盘
1273,11:16:09,6.09,0.0,25,15225,卖盘
1274,11:16:28,6.09,0.0,4,2436,卖盘
1275,11:16:33,6.09,0.0,6,3654,卖盘
1276,11:16:58,6.09,0.0,3,1827,卖盘
1277,11:17:00,6.1,0.01,50,30500,买盘
1278,11:17:27,6.09,-0.01,12,7315,卖盘
1279,11:17:30,6.09,0.0,49,29841,卖盘
1280,11:17:33,6.1,0.01,11,6704,买盘
1281,11:17:36,6.1,0.0,3,1830,买盘
1282,11:17:48,6.1,0.0,7,4270,买盘
1283,11:17:51,6.1,0.0,8,4880,买盘
1284,11:17:57,6.1,0.0,20,12200,买盘
1285,11:18:03,6.1,0.0,17,10370,买盘
1286,11:18:09,6.1,0.0,16,9760,买盘
1287,11:18:15,6.1,0.0,11,6710,买盘
1288,11:18:18,6.1,0.0,9,5490,卖盘
1289,11:18:24,6.1,0.0,48,29280,卖盘
1290,11:18:27,6.1,0.0,13,7930,卖盘
1291,11:18:45,6.1,0.0,1,610,买盘
1292,11:19:06,6.1,0.0,13,7930,买盘
1293,11:19:18,6.1,0.0,50,30500,买盘
1294,11:19:24,6.09,-0.01,9,5481,卖盘
1295,11:19:27,6.09,0.0,5,3045,卖盘
1296,11:19:36,6.1,0.01,5,3050,买盘
1297,11:19:39,6.09,-0.01,8,4872,卖盘
1298,11:19:54,6.1,0.01,1,610,买盘
1299,11:20:15,6.1,0.0,14,8540,买盘
1300,11:20:27,6.09,-0.01,4,2436,卖盘
1301,11:20:51,6.09,0.0,3,1827,卖盘
1302,11:20:57,6.09,0.0,21,12789,卖盘
1303,11:21:00,6.1,0.01,24,14640,买盘
1304,11:21:03,6.09,-0.01,4,2436,卖盘
1305,11:21:10,6.1,0.01,10,6100,买盘
1306,11:21:21,6.09,-0.01,407,247863,卖盘
1307,11:21:27,6.08,-0.01,5,3040,卖盘
1308,11:21:33,6.08,0.0,3,1824,卖盘
1309,11:21:48,6.08,0.0,1,608,卖盘
1310,11:22:24,6.08,0.0,57,34656,卖盘
1311,11:22:27,6.08,0.0,4,2432,卖盘
1312,11:22:30,6.08,0.0,53,32224,卖盘
1313,11:23:00,6.09,0.01,2,1218,买盘
1314,11:23:09,6.08,-0.01,21,12784,卖盘
1315,11:23:15,6.09,0.01,100,60900,买盘
1316,11:23:24,6.09,0.0,5,3045,买盘
1317,11:23:39,6.09,0.0,10,6090,买盘
1318,11:23:48,6.09,0.0,5,3045,买盘
1319,11:24:12,6.08,-0.01,4,2432,卖盘
1320,11:24:16,6.08,0.0,10,6080,卖盘
1321,11:24:51,6.08,0.0,20,12160,卖盘
1322,11:24:57,6.09,0.01,2,1218,买盘
1323,11:25:01,6.09,0.0,32,19488,买盘
1324,11:25:04,6.08,-0.01,20,12160,卖盘
1325,11:25:12,6.09,0.01,5,3045,买盘
1326,11:25:15,6.08,-0.01,4,2432,卖盘
1327,11:25:39,6.09,0.01,10,6090,买盘
1328,11:25:48,6.08,-0.01,40,24320,卖盘
1329,11:26:12,6.09,0.01,12,7308,买盘
1330,11:26:18,6.08,-0.01,5,3040,卖盘
1331,11:26:24,6.09,0.01,14,8526,买盘
1332,11:26:42,6.09,0.0,1,609,买盘
1333,11:26:45,6.09,0.0,58,35322,买盘
1334,11:26:52,6.09,0.0,10,6090,买盘
1335,11:27:12,6.09,0.0,10,6090,买盘
1336,11:27:15,6.08,-0.01,20,12160,卖盘
1337,11:27:18,6.08,0.0,4,2432,卖盘
1338,11:27:33,6.09,0.01,1,609,买盘
1339,11:27:39,6.08,-0.01,20,12160,卖盘
1340,11:28:13,6.09,0.01,12,7308,买盘
1341,11:28:18,6.08,-0.01,5,3040,卖盘
1342,11:28:24,6.09,0.01,5,3045,买盘
1343,11:28:48,6.08,-0.01,19,11552,卖盘
1344,11:29:06,6.08,0.0,7,4256,卖盘
1345,11:29:18,6.08,0.0,4,2432,卖盘
1346,11:29:27,6.09,0.01,10,6090,买盘
1347,11:29:45,6.09,0.0,20,12180,买盘
1348,11:29:48,6.09,0.0,5,3045,买盘
1349,11:29:54,6.09,0.0,82,49938,买盘
1350,11:29:57,6.09,0.0,32,19488,买盘
1351,11:30:00,6.08,-0.01,53,32224,卖盘
1352,13:00:04,6.08,0.0,105,63870,卖盘
1353,13:00:06,6.08,0.0,30,18243,卖盘
1354,13:00:12,6.08,0.0,1,608,卖盘
1355,13:00:15,6.08,0.0,18,10944,卖盘
1356,13:00:21,6.09,0.01,1,609,买盘
1357,13:00:27,6.08,-0.01,5,3040,卖盘
1358,13:00:42,6.09,0.01,70,42630,买盘
1359,13:00:54,6.08,-0.01,14,8512,卖盘
1360,13:01:00,6.08,0.0,204,124032,卖盘
1361,13:01:21,6.09,0.01,25,15225,买盘
1362,13:01:27,6.08,-0.01,4,2432,卖盘
1363,13:01:51,6.08,0.0,18,10953,卖盘
1364,13:01:57,6.08,0.0,10,6080,卖盘
1365,13:02:24,6.08,0.0,17,10336,卖盘
1366,13:02:27,6.08,0.0,4,2432,卖盘
1367,13:02:48,6.08,0.0,18,10944,卖盘
1368,13:03:30,6.08,0.0,5,3040,卖盘
1369,13:03:42,6.08,0.0,20,12160,卖盘
1370,13:03:45,6.08,0.0,284,172672,卖盘
1371,13:04:06,6.08,0.0,2,1216,买盘
1372,13:04:12,6.07,-0.01,4,2428,卖盘
1373,13:04:24,6.07,0.0,15,9105,卖盘
1374,13:04:33,6.07,0.0,9,5463,卖盘
1375,13:04:39,6.07,0.0,18,10926,卖盘
1376,13:05:06,6.08,0.01,22,13376,买盘
1377,13:05:12,6.07,-0.01,5,3035,卖盘
1378,13:05:27,6.07,0.0,6,3642,卖盘
1379,13:05:36,6.08,0.01,100,60800,买盘
1380,13:05:45,6.07,-0.01,90,54630,卖盘
1381,13:05:48,6.08,0.01,30,18240,买盘
1382,13:05:51,6.08,0.0,1,608,买盘
1383,13:05:55,6.08,0.0,2,1216,卖盘
1384,13:05:57,6.08,0.0,7,4256,卖盘
1385,13:06:12,6.07,-0.01,24,14568,卖盘
1386,13:06:18,6.08,0.01,5,3040,买盘
1387,13:06:21,6.07,-0.01,419,254333,卖盘
1388,13:06:24,6.07,0.0,32,19424,卖盘
1389,13:06:27,6.07,0.0,31,18817,卖盘
1390,13:06:36,6.06,-0.01,1,606,卖盘
1391,13:06:39,6.07,0.01,6,3642,买盘
1392,13:06:42,6.06,-0.01,72,43663,卖盘
1393,13:06:45,6.07,0.01,3,1821,买盘
1394,13:06:48,6.06,-0.01,3,1818,卖盘
1395,13:07:04,6.06,0.0,14,8484,卖盘
1396,13:07:06,6.07,0.01,8,4856,买盘
1397,13:07:10,6.07,0.0,3,1821,买盘
1398,13:07:12,6.07,0.0,100,60700,买盘
1399,13:07:15,6.06,-0.01,5,3030,卖盘
1400,13:07:21,6.06,0.0,94,56964,卖盘
1401,13:07:33,6.06,0.0,8,4848,卖盘
1402,13:07:42,6.06,0.0,154,93324,卖盘
1403,13:07:45,6.07,0.01,100,60700,买盘
1404,13:07:48,6.06,-0.01,250,151500,卖盘
1405,13:07:51,6.06,0.0,130,78780,卖盘
1406,13:07:54,6.06,0.0,13,7878,卖盘
1407,13:07:57,6.06,0.0,32,19392,卖盘
1408,13:08:12,6.07,0.01,20,12140,买盘
1409,13:08:19,6.06,-0.01,20,12120,卖盘
1410,13:08:28,6.06,0.0,8,4848,买盘
1411,13:08:33,6.06,0.0,58,35148,买盘
1412,13:08:39,6.05,-0.01,26,15752,卖盘
1413,13:08:45,6.05,0.0,12,7260,卖盘
1414,13:08:52,6.05,0.0,56,33880,卖盘
1415,13:08:57,6.06,0.01,11,6666,买盘
1416,13:09:00,6.06,0.0,24,14544,卖盘
1417,13:09:03,6.06,0.0,12,7272,卖盘
1418,13:09:06,6.06,0.0,2,1212,卖盘
1419,13:09:09,6.06,0.0,2,1212,卖盘
1420,13:09:12,6.06,0.0,8,4848,卖盘
1421,13:09:15,6.06,0.0,2,1212,卖盘
1422,13:09:19,6.06,0.0,7,4242,卖盘
1423,13:09:24,6.06,0.0,81,49086,买盘
1424,13:09:27,6.05,-0.01,11,6656,卖盘
1425,13:09:30,6.05,0.0,80,48400,卖盘
1426,13:09:43,6.06,0.01,50,30300,买盘
1427,13:09:51,6.05,-0.01,4,2420,卖盘
1428,13:09:54,6.06,0.01,6,3636,买盘
1429,13:10:00,6.06,0.0,5,3030,买盘
1430,13:10:03,6.05,-0.01,100,60500,卖盘
1431,13:10:13,6.06,0.01,2,1212,买盘
1432,13:10:19,6.05,-0.01,4,2420,卖盘
1433,13:10:27,6.05,0.0,81,49005,卖盘
1434,13:10:30,6.05,0.0,355,214775,卖盘
1435,13:10:33,6.05,0.0,81,49005,卖盘
1436,13:10:36,6.05,0.0,20,12102,卖盘
1437,13:10:42,6.06,0.01,40,24240,买盘
1438,13:10:54,6.06,0.0,45,27270,买盘
1439,13:10:57,6.05,-0.01,10,6050,卖盘
1440,13:11:09,6.05,0.0,287,173635,卖盘
1441,13:11:12,6.06,0.01,395,238977,买盘
1442,13:11:15,6.05,-0.01,44,26620,卖盘
1443,13:11:18,6.05,0.0,18,10890,卖盘
1444,13:11:21,6.05,0.0,4,2420,买盘
1445,13:11:24,6.05,0.0,2,1210,买盘
1446,13:11:27,6.04,-0.01,1373,829293,卖盘
1447,13:11:33,6.04,0.0,10,6040,卖盘
1448,13:11:42,6.04,0.0,64,38664,卖盘
1449,13:11:45,6.04,0.0,10,6040,卖盘
1450,13:11:48,6.04,0.0,69,41676,卖盘
1451,13:11:51,6.02,-0.02,2882,1736784,卖盘
1452,13:11:57,6.04,0.02,10,6040,买盘
1453,13:12:00,6.02,-0.02,90,54202,卖盘
1454,13:12:04,6.02,0.0,220,132484,卖盘
1455,13:12:06,6.02,0.0,70,42154,卖盘
1456,13:12:09,6.02,0.0,50,30100,卖盘
1457,13:12:12,6.02,0.0,224,134851,卖盘
1458,13:12:15,6.02,0.0,25,15063,卖盘
1459,13:12:18,6.02,0.0,473,284776,卖盘
1460,13:12:21,6.02,0.0,30,18060,卖盘
1461,13:12:24,6.03,0.01,61,36727,买盘
1462,13:12:27,6.02,-0.01,62,37330,卖盘
1463,13:12:33,6.03,0.01,20,12060,买盘
1464,13:12:36,6.03,0.0,26,15678,卖盘
1465,13:12:42,6.03,0.0,3,1809,卖盘
1466,13:12:45,6.03,0.0,14,8455,卖盘
1467,13:12:48,6.03,0.0,11,6633,卖盘
1468,13:12:51,6.04,0.01,12,7238,买盘
1469,13:12:54,6.03,-0.01,25,15075,卖盘
1470,13:12:57,6.04,0.01,5,3020,买盘
1471,13:13:00,6.04,0.0,94,56756,买盘
1472,13:13:04,6.04,0.0,58,35030,买盘
1473,13:13:06,6.04,0.0,1,604,买盘
1474,13:13:15,6.05,0.01,2,1210,买盘
1475,13:13:18,6.04,-0.01,39,23556,卖盘
1476,13:13:24,6.04,0.0,4,2416,卖盘
1477,13:13:27,6.04,0.0,9,5436,卖盘
1478,13:13:30,6.05,0.01,112,67660,买盘
1479,13:13:36,6.04,-0.01,21,12684,卖盘
1480,13:13:42,6.03,-0.01,8,4826,卖盘
1481,13:13:45,6.04,0.01,30,18120,买盘
1482,13:13:48,6.04,0.0,333,200832,买盘
1483,13:13:54,6.04,0.0,93,56082,买盘
1484,13:13:57,6.04,0.0,88,53102,买盘
1485,13:14:00,6.04,0.0,210,126640,买盘
1486,13:14:04,6.03,-0.01,290,174870,卖盘
1487,13:14:09,6.04,0.01,200,120800,买盘
1488,13:14:18,6.03,-0.01,7,4223,卖盘
1489,13:14:21,6.03,0.0,267,161001,卖盘
1490,13:14:27,6.03,0.0,5,3015,买盘
1491,13:14:30,6.03,0.0,15,9045,买盘
1492,13:14:33,6.0,-0.03,4987,2995808,卖盘
1493,13:14:36,6.02,0.02,11,6632,中性盘
1494,13:14:39,6.0,-0.02,157,94288,卖盘
1495,13:14:42,6.0,0.0,93,55800,卖盘
1496,13:14:48,6.0,0.0,3,1800,卖盘
1497,13:14:54,6.01,0.01,89,53489,卖盘
1498,13:14:57,6.01,0.0,34,20458,卖盘
1499,13:15:00,6.01,0.0,50,30050,卖盘
1500,13:15:03,6.01,0.0,126,75728,卖盘
1501,13:15:06,6.02,0.01,100,60200,买盘
1502,13:15:09,6.01,-0.01,20,12020,卖盘
1503,13:15:12,6.02,0.01,41,24651,买盘
1504,13:15:15,6.02,0.0,22,13244,买盘
1505,13:15:18,6.02,0.0,85,51170,买盘
1506,13:15:21,6.01,-0.01,176,105891,卖盘
1507,13:15:24,6.01,0.0,28,16852,卖盘
1508,13:15:30,6.02,0.01,11,6622,买盘
1509,13:15:33,6.02,0.0,20,12040,买盘
1510,13:15:37,6.02,0.0,294,176697,买盘
1511,13:15:39,6.02,0.0,13,7826,买盘
1512,13:15:42,6.02,0.0,3,1806,买盘
1513,13:15:45,6.02,0.0,63,37870,买盘
1514,13:15:48,6.02,0.0,48,28896,买盘
1515,13:15:51,6.02,0.0,8,4816,买盘
1516,13:15:54,6.02,0.0,20,12040,买盘
1517,13:15:57,6.02,0.0,83,49966,买盘
1518,13:16:00,6.02,0.0,139,83678,买盘
1519,13:16:13,6.03,0.01,1,603,买盘
1520,13:16:18,6.02,-0.01,7,4214,卖盘
1521,13:16:21,6.02,0.0,58,34930,卖盘
1522,13:16:24,6.02,0.0,3,1806,卖盘
1523,13:16:27,6.02,0.0,71,42742,卖盘
1524,13:16:30,6.02,0.0,46,27692,卖盘
1525,13:16:33,6.02,0.0,139,83678,卖盘
1526,13:16:39,6.02,0.0,3,1806,买盘
1527,13:16:48,6.02,0.0,99,59578,买盘
1528,13:16:51,6.02,0.0,6,3612,买盘
1529,13:16:54,6.01,-0.01,58,34886,卖盘
1530,13:16:57,6.02,0.01,1,602,买盘
1531,13:17:00,6.01,-0.01,18,10818,卖盘
1532,13:17:03,6.02,0.01,5,3010,买盘
1533,13:17:07,6.02,0.0,10,6020,买盘
1534,13:17:09,6.01,-0.01,9,5409,卖盘
1535,13:17:13,6.02,0.01,70,42140,买盘
1536,13:17:18,6.02,0.0,17,10234,买盘
1537,13:17:21,6.02,0.0,32,19260,买盘
1538,13:17:33,6.02,0.0,82,49364,买盘
1539,13:17:39,6.02,0.0,59,35509,买盘
1540,13:17:42,6.02,0.0,103,62006,买盘
1541,13:17:51,6.01,-0.01,136,81870,卖盘
1542,13:17:54,6.03,0.02,51,30712,买盘
1543,13:18:00,6.02,-0.01,87,52374,卖盘
1544,13:18:04,6.03,0.01,2,1206,买盘
1545,13:18:09,6.02,-0.01,28,16857,卖盘
1546,13:18:12,6.03,0.01,14,8442,买盘
1547,13:18:15,6.03,0.0,5,3015,买盘
1548,13:18:18,6.03,0.0,10,6030,买盘
1549,13:18:21,6.02,-0.01,4,2408,卖盘
1550,13:18:24,6.02,0.0,40,24100,卖盘
1551,13:18:27,6.03,0.01,23,13866,买盘
1552,13:18:30,6.02,-0.01,172,103544,卖盘
1553,13:18:33,6.02,0.0,9,5422,卖盘
1554,13:18:39,6.02,0.0,1,602,卖盘
1555,13:18:42,6.02,0.0,17,10234,卖盘
1556,13:18:45,6.03,0.01,471,284013,买盘
1557,13:18:54,6.03,0.0,9,5427,卖盘
1558,13:18:57,6.03,0.0,29,17497,卖盘
1559,13:19:00,6.03,0.0,3,1809,卖盘
1560,13:19:04,6.04,0.01,100,60400,买盘
1561,13:19:15,6.04,0.0,6,3624,买盘
1562,13:19:18,6.04,0.0,6,3624,买盘
1563,13:19:21,6.03,-0.01,5,3015,卖盘
1564,13:19:24,6.04,0.01,74,44696,买盘
1565,13:19:27,6.04,0.0,3,1812,买盘
1566,13:19:31,6.04,0.0,13,7852,买盘
1567,13:19:36,6.04,0.0,10,6040,买盘
1568,13:19:51,6.04,0.0,57,34428,买盘
1569,13:19:54,6.03,-0.01,70,42210,卖盘
1570,13:19:57,6.04,0.01,5,3020,买盘
1571,13:20:00,6.04,0.0,4,2416,买盘
1572,13:20:09,6.03,-0.01,35,21105,卖盘
1573,13:20:15,6.03,0.0,419,252657,卖盘
1574,13:20:24,6.02,-0.01,4,2408,卖盘
1575,13:20:30,6.02,0.0,1075,647150,卖盘
1576,13:20:37,6.01,-0.01,224,134646,卖盘
1577,13:20:39,6.02,0.01,15,9030,买盘
1578,13:20:43,6.02,0.0,3,1806,买盘
1579,13:20:45,6.02,0.0,7,4214,买盘
1580,13:20:49,6.02,0.0,22,13244,买盘
1581,13:20:51,6.01,-0.01,35,21037,卖盘
1582,13:20:54,6.02,0.01,32,19264,买盘
1583,13:21:15,6.03,0.01,53,31959,买盘
1584,13:21:21,6.02,-0.01,1,602,卖盘
1585,13:21:24,6.02,0.0,5,3010,卖盘
1586,13:21:30,6.03,0.01,1,603,买盘
1587,13:21:39,6.03,0.0,1,603,买盘
1588,13:21:45,6.03,0.0,74,44553,买盘
1589,13:21:54,6.02,-0.01,7,4214,卖盘
1590,13:21:57,6.03,0.01,40,24120,买盘
1591,13:22:04,6.03,0.0,23,13869,买盘
1592,13:22:06,6.03,0.0,100,60300,买盘
1593,13:22:09,6.03,0.0,45,27135,买盘
1594,13:22:15,6.03,0.0,63,37989,买盘
1595,13:22:18,6.03,0.0,146,88038,买盘
1596,13:22:21,6.03,0.0,24,14472,卖盘
1597,13:22:24,6.03,0.0,7,4221,买盘
1598,13:22:27,6.03,0.0,16,9644,卖盘
1599,13:22:42,6.03,0.0,60,36180,卖盘
1600,13:22:45,6.03,0.0,25,15075,卖盘
1601,13:22:49,6.03,0.0,11,6633,卖盘
1602,13:22:54,6.03,0.0,15,9045,卖盘
1603,13:23:00,6.03,0.0,1,603,卖盘
1604,13:23:06,6.03,0.0,4,2412,买盘
1605,13:23:12,6.03,0.0,15,9045,买盘
1606,13:23:18,6.03,0.0,8,4824,买盘
1607,13:23:27,6.03,0.0,2,1206,买盘
1608,13:23:30,6.02,-0.01,5,3010,卖盘
1609,13:23:33,6.02,0.0,3,1806,卖盘
1610,13:23:39,6.02,0.0,52,31346,卖盘
1611,13:23:46,6.03,0.01,59,35523,买盘
1612,13:23:57,6.02,-0.01,39,23498,卖盘
1613,13:24:00,6.02,0.0,131,78862,卖盘
1614,13:24:09,6.02,0.0,4,2408,卖盘
1615,13:24:15,6.03,0.01,5,3015,买盘
1616,13:24:21,6.03,0.0,42,25326,买盘
1617,13:24:24,6.03,0.0,63,37949,买盘
1618,13:24:27,6.03,0.0,6,3618,买盘
1619,13:24:30,6.03,0.0,39,23502,买盘
1620,13:24:36,6.03,0.0,2,1206,买盘
1621,13:24:39,6.03,0.0,4,2412,买盘
1622,13:24:45,6.03,0.0,6,3618,买盘
1623,13:24:48,6.03,0.0,15,9045,买盘
1624,13:24:57,6.03,0.0,60,36180,买盘
1625,13:25:00,6.03,0.0,17,10251,买盘
1626,13:25:12,6.03,0.0,4,2412,卖盘
1627,13:25:21,6.03,0.0,80,48240,卖盘
1628,13:25:27,6.03,0.0,63,38047,卖盘
1629,13:25:51,6.03,0.0,11,6633,卖盘
1630,13:25:57,6.04,0.01,5,3020,买盘
1631,13:26:00,6.03,-0.01,44,26532,卖盘
1632,13:26:04,6.03,0.0,57,34371,卖盘
1633,13:26:12,6.03,0.0,5,3015,卖盘
1634,13:26:27,6.04,0.01,26,15704,买盘
1635,13:26:36,6.03,-0.01,16,9648,卖盘
1636,13:26:48,6.03,0.0,4,2412,买盘
1637,13:26:51,6.03,0.0,4,2412,买盘
1638,13:26:54,6.03,0.0,20,12060,买盘
1639,13:27:04,6.02,-0.01,32,19264,卖盘
1640,13:27:06,6.03,0.01,1,603,买盘
1641,13:27:09,6.03,0.0,17,10251,买盘
1642,13:27:12,6.02,-0.01,5,3011,卖盘
1643,13:27:33,6.02,0.0,15,9030,卖盘
1644,13:27:37,6.02,0.0,10,6020,卖盘
1645,13:27:45,6.02,0.0,75,45150,卖盘
1646,13:27:51,6.02,0.0,152,91504,卖盘
1647,13:27:54,6.02,0.0,10,6020,卖盘
1648,13:27:57,6.03,0.01,18,10854,买盘
1649,13:28:00,6.02,-0.01,8,4816,卖盘
1650,13:28:06,6.02,0.0,24,14448,卖盘
1651,13:28:09,6.02,0.0,50,30100,卖盘
1652,13:28:12,6.02,0.0,102,61404,卖盘
1653,13:28:15,6.03,0.01,10,6030,买盘
1654,13:28:18,6.02,-0.01,100,60200,卖盘
1655,13:28:21,6.02,0.0,15,9030,卖盘
1656,13:28:30,6.02,0.0,533,320866,卖盘
1657,13:28:37,6.02,0.0,137,82474,卖盘
1658,13:28:39,6.03,0.01,141,84900,买盘
1659,13:28:42,6.02,-0.01,95,57190,卖盘
1660,13:28:45,6.02,0.0,219,131838,卖盘
1661,13:28:48,6.02,0.0,104,62608,卖盘
1662,13:28:51,6.01,-0.01,67,40315,卖盘
1663,13:29:00,6.01,0.0,26,15638,卖盘
1664,13:29:06,6.01,0.0,91,54691,卖盘
1665,13:29:12,6.01,0.0,104,62504,卖盘
1666,13:29:15,6.01,0.0,2011,1207888,卖盘
1667,13:29:18,6.01,0.0,11,6611,买盘
1668,13:29:21,6.01,0.0,62,37219,买盘
1669,13:29:24,6.0,-0.01,13,7800,卖盘
1670,13:29:27,6.01,0.01,102,61302,买盘
1671,13:29:30,6.01,0.0,27,16227,买盘
1672,13:29:33,6.0,-0.01,957,574217,卖盘
1673,13:29:39,6.01,0.01,141,84612,买盘
1674,13:29:42,6.0,-0.01,15,9010,卖盘
1675,13:29:45,6.0,0.0,137,82215,卖盘
1676,13:29:48,6.0,0.0,131,78600,卖盘
1677,13:29:51,6.0,0.0,150,90000,卖盘
1678,13:29:54,6.0,0.0,75,45000,卖盘
1679,13:29:57,6.0,0.0,90,54000,卖盘
1680,13:30:01,6.0,0.0,91,54600,卖盘
1681,13:30:06,6.0,0.0,83,49800,卖盘
1682,13:30:12,6.0,0.0,73,43800,卖盘
1683,13:30:15,6.0,0.0,215,129000,卖盘
1684,13:30:18,6.0,0.0,236,141252,卖盘
1685,13:30:21,6.0,0.0,20,12000,买盘
1686,13:30:24,6.0,0.0,12,7200,买盘
1687,13:30:27,6.0,0.0,2,1200,买盘
1688,13:30:30,5.99,-0.01,13,7787,卖盘
1689,13:30:33,6.0,0.01,14,8400,买盘
1690,13:30:36,5.99,-0.01,53,31765,卖盘
1691,13:30:39,5.99,0.0,22,13188,卖盘
1692,13:30:43,6.0,0.01,10,6000,买盘
1693,13:30:45,6.0,0.0,235,140802,买盘
1694,13:30:48,5.99,-0.01,41,24594,卖盘
1695,13:30:51,6.0,0.01,1,600,买盘
1696,13:30:57,5.99,-0.01,356,213252,卖盘
1697,13:31:00,6.0,0.01,10,6000,买盘
1698,13:31:03,6.0,0.0,235,140843,买盘
1699,13:31:06,6.0,0.0,7,4200,买盘
1700,13:31:09,6.0,0.0,216,129389,买盘
1701,13:31:12,5.99,-0.01,4,2396,卖盘
1702,13:31:18,5.99,0.0,40,23960,卖盘
1703,13:31:27,5.99,0.0,23,13777,卖盘
1704,13:31:30,6.0,0.01,67,40144,买盘
1705,13:31:33,6.0,0.0,228,136672,买盘
1706,13:31:36,5.99,-0.01,1,599,卖盘
1707,13:31:40,5.99,0.0,6,3594,卖盘
1708,13:31:42,5.99,0.0,13,7790,卖盘
1709,13:31:45,6.0,0.01,167,100043,买盘
1710,13:31:48,6.0,0.0,15,9000,买盘
1711,13:31:51,6.0,0.0,11,6600,买盘
1712,13:31:54,5.99,-0.01,126,75490,卖盘
1713,13:31:57,5.99,0.0,40,23960,卖盘
1714,13:32:00,5.99,0.0,153,91668,卖盘
1715,13:32:03,6.0,0.01,10,6000,买盘
1716,13:32:06,6.0,0.0,3,1800,买盘
1717,13:32:09,6.0,0.0,20,11997,买盘
1718,13:32:12,5.99,-0.01,66,39534,卖盘
1719,13:32:15,5.99,0.0,137,82183,卖盘
1720,13:32:21,6.0,0.01,99,59381,买盘
1721,13:32:27,6.0,0.0,25,15000,买盘
1722,13:32:36,6.0,0.0,70,42348,买盘
1723,13:32:39,6.0,0.0,25,15000,卖盘
1724,13:32:42,6.0,0.0,104,62400,卖盘
1725,13:32:54,6.0,0.0,174,104052,卖盘
1726,13:33:04,6.0,0.0,16,9600,买盘
1727,13:33:09,6.0,0.0,10,6348,买盘
1728,13:33:15,6.0,0.0,4,2400,卖盘
1729,13:33:21,6.01,0.01,1,601,买盘
1730,13:33:24,6.0,-0.01,59,35400,卖盘
1731,13:33:30,6.0,0.0,20,12000,卖盘
1732,13:33:42,6.01,0.01,2,1202,买盘
1733,13:33:46,6.0,-0.01,60,36000,卖盘
1734,13:33:49,6.0,0.0,6,3600,卖盘
1735,13:33:54,6.0,0.0,8,4800,卖盘
1736,13:33:57,6.01,0.01,3,1803,买盘
1737,13:34:09,6.0,-0.01,79,47400,卖盘
1738,13:34:12,6.0,0.0,66,39252,卖盘
1739,13:34:15,6.0,0.0,110,66000,买盘
1740,13:34:21,6.0,0.0,46,27596,买盘
1741,13:34:24,6.0,0.0,75,45000,买盘
1742,13:34:27,6.0,0.0,5,3000,买盘
1743,13:34:30,6.0,0.0,36,21600,买盘
1744,13:34:37,6.0,0.0,5,3000,买盘
1745,13:34:40,5.99,-0.01,10,5990,卖盘
1746,13:34:45,5.99,0.0,4,2396,卖盘
1747,13:34:48,5.99,0.0,11,6589,卖盘
1748,13:34:51,5.99,0.0,115,68897,卖盘
1749,13:34:57,5.99,0.0,147,88053,卖盘
1750,13:35:00,5.99,0.0,785,470223,卖盘
1751,13:35:04,5.99,0.0,55,32911,买盘
1752,13:35:06,5.99,0.0,50,29950,买盘
1753,13:35:15,5.98,-0.01,628,376045,卖盘
1754,13:35:18,5.99,0.01,15,8985,中性盘
1755,13:35:21,5.99,0.0,36,21564,卖盘
1756,13:35:24,5.99,0.0,161,96439,卖盘
1757,13:35:27,5.99,0.0,2,1198,买盘
1758,13:35:30,5.98,-0.01,35,20958,卖盘
1759,13:35:33,5.99,0.01,118,70567,买盘
1760,13:35:36,5.98,-0.01,983,587838,卖盘
1761,13:35:39,5.98,0.0,32,19136,买盘
1762,13:35:42,5.97,-0.01,5,2985,卖盘
1763,13:35:45,5.97,0.0,23,13734,卖盘
1764,13:35:48,5.98,0.01,10,5980,买盘
1765,13:35:54,5.98,0.0,8,4780,买盘
1766,13:35:57,5.97,-0.01,142,84774,卖盘
1767,13:36:00,5.98,0.01,30,17930,买盘
1768,13:36:03,5.98,0.0,239,142742,买盘
1769,13:36:06,5.97,-0.01,121,72259,卖盘
1770,13:36:09,5.97,0.0,342,204174,卖盘
1771,13:36:13,5.97,0.0,152,90776,卖盘
1772,13:36:16,5.97,0.0,34,20298,卖盘
1773,13:36:19,5.97,0.0,48,28656,卖盘
1774,13:36:22,5.97,0.0,205,122385,卖盘
1775,13:36:25,5.97,0.0,49,29283,卖盘
1776,13:36:28,5.97,0.0,76,45352,卖盘
1777,13:36:31,5.97,0.0,46,27462,买盘
1778,13:36:34,5.97,0.0,159,94854,买盘
1779,13:36:36,5.96,-0.01,98,58426,卖盘
1780,13:36:40,5.96,0.0,223,132928,卖盘
1781,13:36:42,5.96,0.0,79,47116,卖盘
1782,13:36:45,5.96,0.0,34,20264,卖盘
1783,13:36:48,5.96,0.0,149,88804,卖盘
1784,13:36:51,5.97,0.01,3,1791,买盘
1785,13:36:54,5.96,-0.01,152,90605,卖盘
1786,13:36:57,5.96,0.0,140,83460,卖盘
1787,13:37:01,5.95,-0.01,678,403777,卖盘
1788,13:37:04,5.96,0.01,10,5960,买盘
1789,13:37:06,5.96,0.0,128,76288,买盘
1790,13:37:10,5.95,-0.01,85,50598,卖盘
1791,13:37:13,5.96,0.01,13,7748,买盘
1792,13:37:16,5.95,-0.01,76,45244,卖盘
1793,13:37:24,5.96,0.01,75,44666,买盘
1794,13:37:27,5.95,-0.01,35,20855,卖盘
1795,13:37:30,5.96,0.01,120,71436,买盘
1796,13:37:33,5.95,-0.01,189,112455,卖盘
1797,13:37:36,5.95,0.0,24,14280,卖盘
1798,13:37:39,5.95,0.0,120,71439,卖盘
1799,13:37:42,5.95,0.0,60,35700,卖盘
1800,13:37:45,5.96,0.01,40,23803,买盘
1801,13:37:48,5.96,0.0,21,12496,买盘
1802,13:37:51,5.96,0.0,95,56620,买盘
1803,13:37:54,5.96,0.0,3,1788,买盘
1804,13:37:57,5.96,0.0,15,8940,买盘
1805,13:38:00,5.96,0.0,28,16688,买盘
1806,13:38:04,5.96,0.0,80,47680,买盘
1807,13:38:09,5.95,-0.01,4,2380,卖盘
1808,13:38:12,5.97,0.02,1,597,买盘
1809,13:38:19,5.96,-0.01,90,53670,卖盘
1810,13:38:21,5.96,0.0,60,35760,卖盘
1811,13:38:24,5.96,0.0,86,51267,卖盘
1812,13:38:30,5.97,0.01,50,29850,买盘
1813,13:38:33,5.97,0.0,25,14918,买盘
1814,13:38:39,5.97,0.0,50,29802,买盘
1815,13:38:42,5.96,-0.01,7,4176,卖盘
1816,13:38:45,5.96,0.0,298,177643,卖盘
1817,13:38:48,5.97,0.01,168,100259,买盘
1818,13:38:54,5.97,0.0,42,25074,卖盘
1819,13:39:00,5.97,0.0,264,157168,买盘
1820,13:39:04,5.96,-0.01,4,2384,卖盘
1821,13:39:06,5.97,0.01,29,17313,买盘
1822,13:39:09,5.97,0.0,139,82883,买盘
1823,13:39:12,5.96,-0.01,25,14900,卖盘
1824,13:39:15,5.96,0.0,2,1192,卖盘
1825,13:39:18,5.96,0.0,162,96552,卖盘
1826,13:39:24,5.96,0.0,35,20860,买盘
1827,13:39:27,5.96,0.0,15,8940,买盘
1828,13:39:30,5.95,-0.01,100,59550,卖盘
1829,13:39:33,5.96,0.01,33,19653,买盘
1830,13:39:36,5.96,0.0,57,33916,买盘
1831,13:39:39,5.95,-0.01,175,104125,卖盘
1832,13:39:42,5.95,0.0,45,26775,卖盘
1833,13:39:45,5.96,0.01,38,22620,买盘
1834,13:39:49,5.95,-0.01,309,183855,卖盘
1835,13:39:52,5.95,0.0,20,11900,卖盘
1836,13:39:54,5.95,0.0,13,7735,卖盘
1837,13:39:57,5.95,0.0,73,43435,卖盘
1838,13:40:00,5.96,0.01,529,314758,买盘
1839,13:40:04,5.95,-0.01,147,87465,卖盘
1840,13:40:06,5.95,0.0,58,34510,卖盘
1841,13:40:10,5.95,0.0,77,45815,买盘
1842,13:40:13,5.95,0.0,149,88849,买盘
1843,13:40:15,5.95,0.0,2,1190,卖盘
1844,13:40:18,5.96,0.01,34,20234,买盘
1845,13:40:21,5.96,0.0,4,2384,买盘
1846,13:40:27,5.95,-0.01,9,5355,卖盘
1847,13:40:30,5.96,0.01,230,136858,买盘
1848,13:40:33,5.95,-0.01,30,17876,卖盘
1849,13:40:39,5.96,0.01,24,14289,买盘
1850,13:40:45,5.96,0.0,8,4768,买盘
1851,13:40:48,5.96,0.0,56,33376,买盘
1852,13:40:51,5.96,0.0,1,596,买盘
1853,13:40:54,5.96,0.0,10,5956,买盘
1854,13:40:57,5.96,0.0,107,63772,买盘
1855,13:41:00,5.96,0.0,14,8344,卖盘
1856,13:41:12,5.96,0.0,56,33376,卖盘
1857,13:41:15,5.96,0.0,10,5960,卖盘
1858,13:41:18,5.97,0.01,53,31641,买盘
1859,13:41:25,5.95,-0.02,825,490849,卖盘
1860,13:41:27,5.94,-0.01,217,128898,卖盘
1861,13:41:30,5.95,0.01,10,5950,买盘
1862,13:41:33,5.95,0.0,30,17837,买盘
1863,13:41:36,5.94,-0.01,14,8328,卖盘
1864,13:41:39,5.95,0.01,15,8925,买盘
1865,13:41:42,5.94,-0.01,529,314692,卖盘
1866,13:41:45,5.95,0.01,60,35650,中性盘
1867,13:41:48,5.95,0.0,7,4165,买盘
1868,13:41:51,5.94,-0.01,215,127728,卖盘
1869,13:41:54,5.95,0.01,58,34510,买盘
1870,13:41:57,5.94,-0.01,39,23186,卖盘
1871,13:42:00,5.95,0.01,56,33320,买盘
1872,13:42:04,5.95,0.0,15,8925,卖盘
1873,13:42:06,5.94,-0.01,199,118247,卖盘
1874,13:42:09,5.95,0.01,2,1190,买盘
1875,13:42:12,5.95,0.0,8,4760,买盘
1876,13:42:15,5.95,0.0,20,11900,卖盘
1877,13:42:18,5.95,0.0,13,7735,卖盘
1878,13:42:22,5.95,0.0,6,3570,卖盘
1879,13:42:24,5.95,0.0,115,68475,卖盘
1880,13:42:27,5.95,0.0,109,64855,买盘
1881,13:42:30,5.95,0.0,18,10710,买盘
1882,13:42:36,5.95,0.0,35,20825,买盘
1883,13:42:39,5.94,-0.01,10,5940,卖盘
1884,13:42:42,5.95,0.01,34,20230,中性盘
1885,13:42:45,5.96,0.01,32,19072,买盘
1886,13:42:48,5.95,-0.01,9,5355,卖盘
1887,13:42:51,5.94,-0.01,1477,877206,卖盘
1888,13:42:57,5.94,0.0,23,13662,买盘
1889,13:43:00,5.95,0.01,27,16235,买盘
1890,13:43:04,5.95,0.0,20,11900,卖盘
1891,13:43:06,5.95,0.0,54,32130,卖盘
1892,13:43:09,5.94,-0.01,288,171093,卖盘
1893,13:43:15,5.94,0.0,687,407912,卖盘
1894,13:43:18,5.94,0.0,24,14256,买盘
1895,13:43:21,5.94,0.0,329,195115,买盘
1896,13:43:24,5.94,0.0,65,38610,买盘
1897,13:43:27,5.94,0.0,19,11283,买盘
1898,13:43:31,5.94,0.0,29,17226,买盘
1899,13:43:34,5.94,0.0,71,42174,买盘
1900,13:43:36,5.94,0.0,90,53460,买盘
1901,13:43:39,5.94,0.0,42,24923,买盘
1902,13:43:42,5.94,0.0,19,11282,买盘
1903,13:43:45,5.94,0.0,5,2970,买盘
1904,13:43:48,5.93,-0.01,101,59915,卖盘
1905,13:43:51,5.94,0.01,121,71827,买盘
1906,13:43:54,5.93,-0.01,28,16604,卖盘
1907,13:43:57,5.95,0.02,132,78415,买盘
1908,13:44:00,5.94,-0.01,28,16632,卖盘
1909,13:44:06,5.94,0.0,13,7722,卖盘
1910,13:44:09,5.94,0.0,29,17226,卖盘
1911,13:44:12,5.95,0.01,4,2379,买盘
1912,13:44:15,5.94,-0.01,8,4752,卖盘
1913,13:44:18,5.95,0.01,59,35048,买盘
1914,13:44:21,5.94,-0.01,50,29700,卖盘
1915,13:44:24,5.94,0.0,16,9504,卖盘
1916,13:44:27,5.95,0.01,69,40988,买盘
1917,13:44:30,5.94,-0.01,93,55242,卖盘
1918,13:44:33,5.94,0.0,69,40987,卖盘
1919,13:44:36,5.94,0.0,139,82596,卖盘
1920,13:44:40,5.94,0.0,12,7128,买盘
1921,13:44:43,5.94,0.0,15,8910,卖盘
1922,13:44:45,5.94,0.0,26,15444,卖盘
1923,13:44:48,5.94,0.0,194,115336,卖盘
1924,13:44:54,5.94,0.0,39,23166,买盘
1925,13:45:00,5.94,0.0,5,2970,卖盘
1926,13:45:06,5.94,0.0,65,38610,卖盘
1927,13:45:12,5.94,0.0,59,34989,买盘
1928,13:45:18,5.94,0.0,10,5935,买盘
1929,13:45:21,5.93,-0.01,105,62285,卖盘
1930,13:45:24,5.94,0.01,10,5940,买盘
1931,13:45:30,5.93,-0.01,361,214073,卖盘
1932,13:45:33,5.93,0.0,171,101436,卖盘
1933,13:45:36,5.93,0.0,39,23158,卖盘
1934,13:45:39,5.93,0.0,14,8302,卖盘
1935,13:45:42,5.93,0.0,14,8302,卖盘
1936,13:45:45,5.93,0.0,127,75319,卖盘
1937,13:45:48,5.93,0.0,194,115047,卖盘
1938,13:45:51,5.93,0.0,258,153018,卖盘
1939,13:45:54,5.93,0.0,74,43882,卖盘
1940,13:45:57,5.93,0.0,10,5930,买盘
1941,13:46:00,5.93,0.0,41,24313,买盘
1942,13:46:04,5.93,0.0,123,72841,买盘
1943,13:46:06,5.93,0.0,72,42626,买盘
1944,13:46:09,5.93,0.0,476,281804,买盘
1945,13:46:12,5.93,0.0,242,143310,买盘
1946,13:46:15,5.92,-0.01,27,15984,卖盘
1947,13:46:21,5.92,0.0,526,311402,卖盘
1948,13:46:24,5.92,0.0,366,216688,卖盘
1949,13:46:27,5.92,0.0,270,159840,卖盘
1950,13:46:30,5.91,-0.01,19,11229,卖盘
1951,13:46:33,5.91,0.0,569,336392,卖盘
1952,13:46:36,5.91,0.0,613,362305,卖盘
1953,13:46:39,5.91,0.0,383,226087,卖盘
1954,13:46:45,5.91,0.0,593,349875,买盘
1955,13:46:48,5.9,-0.01,933,550485,卖盘
1956,13:46:51,5.9,0.0,556,328046,卖盘
1957,13:46:54,5.9,0.0,17,10024,买盘
1958,13:46:57,5.89,-0.01,224,131957,卖盘
1959,13:47:00,5.88,-0.01,20,11760,卖盘
1960,13:47:04,5.88,0.0,45,26460,卖盘
1961,13:47:06,5.88,0.0,473,278237,卖盘
1962,13:47:09,5.87,-0.01,205,120521,卖盘
1963,13:47:12,5.88,0.01,46,27018,买盘
1964,13:47:15,5.87,-0.01,69,40514,卖盘
1965,13:47:18,5.87,0.0,281,164670,买盘
1966,13:47:21,5.85,-0.02,50,29265,卖盘
1967,13:47:24,5.85,0.0,191,111744,卖盘
1968,13:47:27,5.86,0.01,85,49734,买盘
1969,13:47:30,5.85,-0.01,272,159171,卖盘
1970,13:47:33,5.84,-0.01,210,122840,卖盘
1971,13:47:36,5.85,0.01,35,20475,买盘
1972,13:47:39,5.85,0.0,170,99312,买盘
1973,13:47:42,5.84,-0.01,298,174168,卖盘
1974,13:47:45,5.84,0.0,1211,708220,卖盘
1975,13:47:48,5.85,0.01,159,92861,买盘
1976,13:47:51,5.84,-0.01,661,386024,卖盘
1977,13:47:54,5.85,0.01,232,135725,买盘
1978,13:47:57,5.85,0.0,334,195393,卖盘
1979,13:48:00,5.86,0.01,453,265424,买盘
1980,13:48:04,5.86,0.0,203,119010,卖盘
1981,13:48:06,5.87,0.01,999,586413,买盘
1982,13:48:09,5.87,0.0,84,49308,卖盘
1983,13:48:13,5.88,0.01,108,63484,买盘
1984,13:48:15,5.88,0.0,18,10584,卖盘
1985,13:48:18,5.89,0.01,32,18848,买盘
1986,13:48:22,5.89,0.0,15,8835,买盘
1987,13:48:25,5.89,0.0,376,221237,买盘
1988,13:48:27,5.89,0.0,126,74096,买盘
1989,13:48:30,5.88,-0.01,263,154704,卖盘
1990,13:48:33,5.88,0.0,109,64092,买盘
1991,13:48:36,5.89,0.01,70,41170,买盘
1992,13:48:39,5.88,-0.01,110,64684,卖盘
1993,13:48:43,5.88,0.0,32,18816,买盘
1994,13:48:45,5.88,0.0,39,22932,买盘
1995,13:48:48,5.88,0.0,100,58780,买盘
1996,13:48:51,5.89,0.01,86,50588,买盘
1997,13:48:54,5.89,0.0,9,5297,买盘
1998,13:48:57,5.89,0.0,22,12958,买盘
1999,13:49:00,5.89,0.0,1,589,买盘
2000,13:49:03,5.88,-0.01,159,93532,卖盘
2001,13:49:10,5.88,0.0,316,185969,卖盘
2002,13:49:12,5.88,0.0,60,35280,卖盘
2003,13:49:15,5.88,0.0,3,1764,买盘
2004,13:49:18,5.88,0.0,53,31164,买盘
2005,13:49:24,5.87,-0.01,21,12343,卖盘
2006,13:49:27,5.87,0.0,404,237148,卖盘
2007,13:49:30,5.87,0.0,128,75136,卖盘
2008,13:49:33,5.87,0.0,24,14088,卖盘
2009,13:49:36,5.87,0.0,34,19958,卖盘
2010,13:49:39,5.87,0.0,14,8218,买盘
2011,13:49:42,5.87,0.0,65,38155,买盘
2012,13:49:45,5.87,0.0,38,22293,买盘
2013,13:49:48,5.87,0.0,8,4696,买盘
2014,13:49:51,5.87,0.0,10,5870,买盘
2015,13:49:54,5.87,0.0,80,46897,买盘
2016,13:49:57,5.86,-0.01,64,37526,卖盘
2017,13:50:00,5.86,0.0,6,3517,卖盘
2018,13:50:04,5.87,0.01,14,8214,买盘
2019,13:50:06,5.87,0.0,13,7631,买盘
2020,13:50:09,5.87,0.0,61,35807,买盘
2021,13:50:12,5.87,0.0,132,77484,买盘
2022,13:50:18,5.87,0.0,13,7631,卖盘
2023,13:50:21,5.87,0.0,865,508446,卖盘
2024,13:50:24,5.87,0.0,34,19958,卖盘
2025,13:50:28,5.87,0.0,44,25868,卖盘
2026,13:50:31,5.88,0.01,8,4704,中性盘
2027,13:50:33,5.88,0.0,20,11760,卖盘
2028,13:50:36,5.89,0.01,35,20615,买盘
2029,13:50:40,5.89,0.0,275,161758,买盘
2030,13:50:43,5.89,0.0,11,6479,买盘
2031,13:50:45,5.89,0.0,26,15314,买盘
2032,13:50:48,5.89,0.0,101,59489,买盘
2033,13:50:51,5.89,0.0,453,266637,买盘
2034,13:50:57,5.9,0.01,5,2950,买盘
2035,13:51:00,5.89,-0.01,140,82477,卖盘
2036,13:51:03,5.9,0.01,298,175820,买盘
2037,13:51:06,5.9,0.0,120,70800,买盘
2038,13:51:09,5.9,0.0,47,27730,买盘
2039,13:51:12,5.89,-0.01,20,11790,卖盘
2040,13:51:15,5.89,0.0,25,14727,卖盘
2041,13:51:18,5.89,0.0,36,21206,卖盘
2042,13:51:21,5.9,0.01,17,10014,买盘
2043,13:51:24,5.9,0.0,132,77799,买盘
2044,13:51:27,5.89,-0.01,68,40052,卖盘
2045,13:51:33,5.88,-0.01,2,1176,卖盘
2046,13:51:36,5.88,0.0,147,86536,卖盘
2047,13:51:42,5.88,0.0,52,30620,卖盘
2048,13:51:45,5.89,0.01,1,589,卖盘
2049,13:51:48,5.89,0.0,18,10602,买盘
2050,13:51:51,5.89,0.0,168,98952,买盘
2051,13:51:54,5.89,0.0,22,12957,中性盘
2052,13:51:57,5.89,0.0,94,55365,买盘
2053,13:52:00,5.89,0.0,54,31806,买盘
2054,13:52:03,5.89,0.0,33,19437,买盘
2055,13:52:10,5.89,0.0,18,10602,买盘
2056,13:52:13,5.88,-0.01,37,21756,卖盘
2057,13:52:16,5.89,0.01,70,41230,买盘
2058,13:52:18,5.89,0.0,15,8835,买盘
2059,13:52:21,5.9,0.01,75,44184,买盘
2060,13:52:24,5.89,-0.01,131,77159,卖盘
2061,13:52:27,5.9,0.01,100,59000,买盘
2062,13:52:30,5.89,-0.01,10,5890,卖盘
2063,13:52:39,5.89,0.0,349,205561,卖盘
2064,13:52:42,5.89,0.0,35,20615,买盘
2065,13:52:48,5.89,0.0,48,28272,买盘
2066,13:52:57,5.89,0.0,33,19440,卖盘
2067,13:53:00,5.89,0.0,52,30630,卖盘
2068,13:53:03,5.89,0.0,20,11793,卖盘
2069,13:53:10,5.9,0.01,15,8850,买盘
2070,13:53:13,5.89,-0.01,109,64201,卖盘
2071,13:53:15,5.9,0.01,11,6490,买盘
2072,13:53:18,5.9,0.0,50,29500,买盘
2073,13:53:21,5.9,0.0,103,60705,买盘
2074,13:53:24,5.9,0.0,60,35400,买盘
2075,13:53:36,5.9,0.0,12,7080,卖盘
2076,13:53:39,5.9,0.0,40,23600,买盘
2077,13:53:42,5.9,0.0,1,590,买盘
2078,13:53:45,5.9,0.0,26,15318,买盘
2079,13:53:48,5.91,0.01,40,23640,买盘
2080,13:53:55,5.91,0.0,40,23640,买盘
2081,13:53:58,5.91,0.0,5,2955,卖盘
2082,13:54:00,5.9,-0.01,153,90303,卖盘
2083,13:54:04,5.91,0.01,50,29550,卖盘
2084,13:54:06,5.91,0.0,46,27186,卖盘
2085,13:54:09,5.91,0.0,38,22458,卖盘
2086,13:54:12,5.91,0.0,1,591,买盘
2087,13:54:15,5.91,0.0,18,10638,买盘
2088,13:54:18,5.91,0.0,3,1773,买盘
2089,13:54:22,5.9,-0.01,125,73750,卖盘
2090,13:54:28,5.91,0.01,22,12981,买盘
2091,13:54:30,5.89,-0.02,59,34778,卖盘
2092,13:54:39,5.9,0.01,10,5900,买盘
2093,13:54:42,5.9,0.0,443,261370,买盘
2094,13:54:45,5.9,0.0,5,2950,卖盘
2095,13:54:48,5.9,0.0,16,9440,卖盘
2096,13:54:54,5.91,0.01,3,1773,买盘
2097,13:55:00,5.9,-0.01,30,17700,卖盘
2098,13:55:04,5.9,0.0,100,59000,卖盘
2099,13:55:06,5.9,0.0,86,50740,卖盘
2100,13:55:09,5.9,0.0,8,4720,买盘
2101,13:55:12,5.9,0.0,72,42480,买盘
2102,13:55:15,5.9,0.0,2,1180,买盘
2103,13:55:18,5.89,-0.01,86,50654,卖盘
2104,13:55:21,5.9,0.01,8,4715,买盘
2105,13:55:24,5.89,-0.01,30,17670,卖盘
2106,13:55:27,5.89,0.0,22,12958,卖盘
2107,13:55:31,5.9,0.01,1,590,买盘
2108,13:55:33,5.9,0.0,7,4130,买盘
2109,13:55:36,5.9,0.0,10,5900,买盘
2110,13:55:39,5.89,-0.01,574,338106,卖盘
2111,13:55:45,5.88,-0.01,271,159348,卖盘
2112,13:55:48,5.89,0.01,48,28230,买盘
2113,13:55:51,5.88,-0.01,250,147000,卖盘
2114,13:55:54,5.88,0.0,186,109389,卖盘
2115,13:55:57,5.88,0.0,337,198156,卖盘
2116,13:56:00,5.88,0.0,8,4704,买盘
2117,13:56:04,5.88,0.0,22,12936,买盘
2118,13:56:06,5.88,0.0,124,72872,买盘
2119,13:56:09,5.87,-0.01,215,126405,卖盘
2120,13:56:15,5.87,0.0,76,44612,卖盘
2121,13:56:18,5.87,0.0,76,44612,卖盘
2122,13:56:21,5.87,0.0,52,30524,卖盘
2123,13:56:24,5.86,-0.01,204,119610,卖盘
2124,13:56:27,5.87,0.01,20,11740,买盘
2125,13:56:31,5.85,-0.02,200,117185,卖盘
2126,13:56:36,5.85,0.0,158,92451,卖盘
2127,13:56:39,5.87,0.02,76,44562,买盘
2128,13:56:42,5.85,-0.02,50,29279,卖盘
2129,13:56:45,5.86,0.01,240,140483,买盘
2130,13:56:48,5.86,0.0,11,6446,买盘
2131,13:56:51,5.85,-0.01,30,17550,卖盘
2132,13:56:54,5.86,0.01,292,171062,买盘
2133,13:56:57,5.86,0.0,26,15236,卖盘
2134,13:57:01,5.87,0.01,156,91469,买盘
2135,13:57:10,5.88,0.01,10,5880,买盘
2136,13:57:13,5.88,0.0,152,89376,买盘
2137,13:57:15,5.88,0.0,11,6468,卖盘
2138,13:57:18,5.89,0.01,25,14715,买盘
2139,13:57:21,5.88,-0.01,12,7064,卖盘
2140,13:57:24,5.89,0.01,7,4123,买盘
2141,13:57:27,5.88,-0.01,5,2940,卖盘
2142,13:57:31,5.88,0.0,66,38808,卖盘
2143,13:57:33,5.89,0.01,120,70660,买盘
2144,13:57:39,5.88,-0.01,133,78223,卖盘
2145,13:57:42,5.88,0.0,231,135828,卖盘
2146,13:57:48,5.88,0.0,149,87519,买盘
2147,13:57:52,5.88,0.0,339,199300,买盘
2148,13:57:54,5.88,0.0,37,21750,买盘
2149,13:57:58,5.88,0.0,20,11760,买盘
2150,13:58:00,5.88,0.0,20,11760,买盘
2151,13:58:06,5.87,-0.01,50,29355,卖盘
2152,13:58:12,5.87,0.0,39,22893,卖盘
2153,13:58:18,5.88,0.01,41,24077,买盘
2154,13:58:21,5.86,-0.02,29,17018,卖盘
2155,13:58:24,5.87,0.01,184,108008,买盘
2156,13:58:33,5.87,0.0,10,5870,买盘
2157,13:58:36,5.86,-0.01,47,27542,卖盘
2158,13:58:40,5.86,0.0,13,7625,卖盘
2159,13:58:46,5.87,0.01,10,5870,买盘
2160,13:58:48,5.87,0.0,5,2935,买盘
2161,13:58:51,5.86,-0.01,37,21702,卖盘
2162,13:58:54,5.86,0.0,14,8204,卖盘
2163,13:58:57,5.86,0.0,265,155440,卖盘
2164,13:59:00,5.87,0.01,34,19958,买盘
2165,13:59:04,5.87,0.0,12,7044,买盘
2166,13:59:06,5.86,-0.01,50,29300,卖盘
2167,13:59:09,5.87,0.01,131,76897,买盘
2168,13:59:12,5.86,-0.01,80,46930,卖盘
2169,13:59:15,5.87,0.01,11,6457,卖盘
2170,13:59:21,5.86,-0.01,4,2344,卖盘
2171,13:59:28,5.87,0.01,3,1761,买盘
2172,13:59:30,5.87,0.0,160,93915,买盘
2173,13:59:33,5.87,0.0,105,61635,卖盘
2174,13:59:36,5.87,0.0,2,1174,卖盘
2175,13:59:42,5.87,0.0,84,49308,卖盘
2176,13:59:45,5.87,0.0,201,118187,卖盘
2177,13:59:48,5.87,0.0,30,17620,卖盘
2178,14:00:00,5.87,0.0,87,51069,卖盘
2179,14:00:03,5.88,0.01,144,84507,买盘
2180,14:00:06,5.88,0.0,73,42918,买盘
2181,14:00:09,5.87,-0.01,10,5870,卖盘
2182,14:00:18,5.87,0.0,56,32878,卖盘
2183,14:00:22,5.87,0.0,5,2935,卖盘
2184,14:00:27,5.87,0.0,10,5870,卖盘
2185,14:00:33,5.88,0.01,1,588,买盘
2186,14:00:36,5.88,0.0,30,17640,买盘
2187,14:00:45,5.87,-0.01,14,8218,卖盘
2188,14:00:48,5.88,0.01,181,106251,买盘
2189,14:00:54,5.87,-0.01,60,35220,买盘
2190,14:00:57,5.87,0.0,30,17610,买盘
2191,14:01:00,5.87,0.0,11,6457,卖盘
2192,14:01:04,5.87,0.0,15,8805,卖盘
2193,14:01:09,5.88,0.01,95,55774,买盘
2194,14:01:12,5.87,-0.01,112,65744,卖盘
2195,14:01:18,5.87,0.0,5,2935,买盘
2196,14:01:21,5.86,-0.01,4,2344,卖盘
2197,14:01:25,5.87,0.01,24,14088,买盘
2198,14:01:28,5.87,0.0,13,7631,买盘
2199,14:01:30,5.86,-0.01,121,70961,卖盘
2200,14:01:36,5.87,0.01,55,32285,卖盘
2201,14:01:39,5.87,0.0,59,34635,卖盘
2202,14:01:42,5.87,0.0,31,18202,卖盘
2203,14:01:46,5.87,0.0,15,8805,卖盘
2204,14:01:48,5.88,0.01,35,20580,买盘
2205,14:01:54,5.88,0.0,181,106428,买盘
2206,14:02:04,5.89,0.01,23,13547,买盘
2207,14:02:06,5.88,-0.01,20,11770,卖盘
2208,14:02:12,5.89,0.01,27,15903,买盘
2209,14:02:15,5.89,0.0,52,30628,买盘
2210,14:02:18,5.89,0.0,1083,637887,买盘
2211,14:02:21,5.89,0.0,5,2945,卖盘
2212,14:02:24,5.9,0.01,6,3540,买盘
2213,14:02:27,5.9,0.0,21,12389,买盘
2214,14:02:30,5.9,0.0,24,14160,买盘
2215,14:02:36,5.9,0.0,46,27140,买盘
2216,14:02:39,5.9,0.0,119,70210,买盘
2217,14:02:42,5.9,0.0,10,5900,买盘
2218,14:02:45,5.9,0.0,62,36580,买盘
2219,14:02:48,5.9,0.0,13,7670,买盘
2220,14:02:51,5.9,0.0,53,31248,买盘
2221,14:02:58,5.9,0.0,24,14160,买盘
2222,14:03:01,5.9,0.0,15,8850,买盘
2223,14:03:04,5.9,0.0,90,53100,买盘
2224,14:03:06,5.9,0.0,61,36179,买盘
2225,14:03:12,5.89,-0.01,55,32438,卖盘
2226,14:03:15,5.9,0.01,3,1770,中性盘
2227,14:03:18,5.9,0.0,8,4720,卖盘
2228,14:03:21,5.9,0.0,4,2360,卖盘
2229,14:03:24,5.9,0.0,127,74960,卖盘
2230,14:03:30,5.9,0.0,53,31270,卖盘
2231,14:03:36,5.91,0.01,6,3546,买盘
2232,14:03:39,5.9,-0.01,20,11800,卖盘
2233,14:03:42,5.91,0.01,38,22458,买盘
2234,14:03:45,5.91,0.0,10,5910,买盘
2235,14:03:51,5.91,0.0,9,5319,买盘
2236,14:04:00,5.9,-0.01,41,24212,卖盘
2237,14:04:04,5.91,0.01,50,29550,买盘
2238,14:04:09,5.9,-0.01,55,32450,卖盘
2239,14:04:12,5.9,0.0,23,13575,卖盘
2240,14:04:18,5.9,0.0,8,4720,卖盘
2241,14:04:21,5.9,0.0,4,2360,卖盘
2242,14:04:24,5.91,0.01,1,591,买盘
2243,14:04:28,5.9,-0.01,24,14175,卖盘
2244,14:04:33,5.9,0.0,30,17700,卖盘
2245,14:04:37,5.9,0.0,86,50740,卖盘
2246,14:04:39,5.9,0.0,30,17700,买盘
2247,14:04:42,5.9,0.0,50,29457,买盘
2248,14:04:48,5.9,0.0,43,25370,卖盘
2249,14:04:54,5.9,0.0,33,19470,买盘
2250,14:04:57,5.9,0.0,150,88500,买盘
2251,14:05:04,5.9,0.0,46,27140,卖盘
2252,14:05:06,5.91,0.01,8,4728,买盘
2253,14:05:12,5.91,0.0,10,5910,买盘
2254,14:05:15,5.9,-0.01,50,29500,卖盘
2255,14:05:21,5.9,0.0,5,2950,卖盘
2256,14:05:24,5.91,0.01,1,591,买盘
2257,14:05:30,5.9,-0.01,176,103840,卖盘
2258,14:05:33,5.9,0.0,74,43660,卖盘
2259,14:05:45,5.9,0.0,15,8850,买盘
2260,14:05:48,5.9,0.0,10,5900,买盘
2261,14:05:51,5.9,0.0,4,2360,买盘
2262,14:05:54,5.9,0.0,1,590,买盘
2263,14:05:57,5.9,0.0,28,16520,买盘
2264,14:06:00,5.9,0.0,1,590,买盘
2265,14:06:04,5.9,0.0,20,11800,买盘
2266,14:06:06,5.9,0.0,6,3535,买盘
2267,14:06:09,5.89,-0.01,15,8835,卖盘
2268,14:06:12,5.9,0.01,41,24150,买盘
2269,14:06:15,5.89,-0.01,147,86583,卖盘
2270,14:06:21,5.9,0.01,26,15316,买盘
2271,14:06:25,5.89,-0.01,15,8835,卖盘
2272,14:06:31,5.89,0.0,147,86583,卖盘
2273,14:06:36,5.89,0.0,20,11780,卖盘
2274,14:06:39,5.89,0.0,60,35343,卖盘
2275,14:06:42,5.89,0.0,100,58900,卖盘
2276,14:06:45,5.89,0.0,48,28272,卖盘
2277,14:06:48,5.89,0.0,140,82460,卖盘
2278,14:06:51,5.89,0.0,15,8835,卖盘
2279,14:06:58,5.89,0.0,6,3346,卖盘
2280,14:07:04,5.88,-0.01,8,4704,卖盘
2281,14:07:06,5.89,0.01,1,589,买盘
2282,14:07:09,5.88,-0.01,31,18239,卖盘
2283,14:07:15,5.88,0.0,56,32928,卖盘
2284,14:07:21,5.88,0.0,52,30576,卖盘
2285,14:07:24,5.88,0.0,33,19404,买盘
2286,14:07:27,5.89,0.01,30,17670,买盘
2287,14:07:30,5.87,-0.02,10,5870,卖盘
2288,14:07:33,5.88,0.01,3,1764,买盘
2289,14:07:39,5.88,0.0,17,9996,卖盘
2290,14:07:42,5.87,-0.01,321,188427,卖盘
2291,14:07:49,5.86,-0.01,23,13478,卖盘
2292,14:07:52,5.86,0.0,112,65724,卖盘
2293,14:07:55,5.87,0.01,38,22306,买盘
2294,14:07:57,5.87,0.0,24,14088,卖盘
2295,14:08:00,5.87,0.0,11,6457,买盘
2296,14:08:04,5.87,0.0,24,14088,卖盘
2297,14:08:09,5.88,0.01,512,300509,买盘
2298,14:08:15,5.85,-0.03,1295,758844,卖盘
2299,14:08:21,5.87,0.02,1,587,卖盘
2300,14:08:24,5.86,-0.01,14,8214,卖盘
2301,14:08:27,5.87,0.01,10,5870,买盘
2302,14:08:30,5.87,0.0,1,587,买盘
2303,14:08:45,5.86,-0.01,173,101378,卖盘
2304,14:08:49,5.86,0.0,61,35748,卖盘
2305,14:08:52,5.86,0.0,200,117200,卖盘
2306,14:08:55,5.86,0.0,133,77938,卖盘
2307,14:08:58,5.87,0.01,48,28176,买盘
2308,14:09:00,5.86,-0.01,21,12311,卖盘
2309,14:09:04,5.87,0.01,107,62707,买盘
2310,14:09:06,5.87,0.0,32,18784,买盘
2311,14:09:09,5.87,0.0,9,5283,卖盘
2312,14:09:13,5.88,0.01,11,6468,买盘
2313,14:09:16,5.87,-0.01,10,5870,卖盘
2314,14:09:18,5.87,0.0,45,26415,卖盘
2315,14:09:21,5.87,0.0,16,9400,卖盘
2316,14:09:24,5.87,0.0,120,70440,卖盘
2317,14:09:27,5.88,0.01,56,32922,买盘
2318,14:09:30,5.88,0.0,100,58800,买盘
2319,14:09:33,5.88,0.0,7,4116,买盘
2320,14:09:40,5.87,-0.01,116,68123,卖盘
2321,14:09:42,5.87,0.0,40,23500,卖盘
2322,14:09:45,5.88,0.01,219,128772,买盘
2323,14:09:48,5.88,0.0,156,91728,卖盘
2324,14:09:54,5.89,0.01,29,17073,买盘
2325,14:10:00,5.88,-0.01,76,44689,卖盘
2326,14:10:04,5.88,0.0,5,2940,卖盘
2327,14:10:06,5.88,0.0,35,20580,卖盘
2328,14:10:09,5.88,0.0,32,18816,卖盘
2329,14:10:12,5.88,0.0,33,19404,卖盘
2330,14:10:15,5.88,0.0,6,3530,卖盘
2331,14:10:18,5.89,0.01,10,5890,买盘
2332,14:10:21,5.89,0.0,3,1767,买盘
2333,14:10:24,5.88,-0.01,25,14700,卖盘
2334,14:10:31,5.88,0.0,5,2940,卖盘
2335,14:10:34,5.88,0.0,15,8825,卖盘
2336,14:10:36,5.88,0.0,19,11172,卖盘
2337,14:10:42,5.89,0.01,22,12958,买盘
2338,14:10:45,5.88,-0.01,15,8820,卖盘
2339,14:10:49,5.89,0.01,10,5890,买盘
2340,14:10:51,5.89,0.0,22,12938,买盘
2341,14:10:57,5.88,-0.01,10,5880,卖盘
2342,14:11:03,5.89,0.01,213,125457,买盘
2343,14:11:06,5.88,-0.01,71,41750,卖盘
2344,14:11:12,5.88,0.0,54,31752,卖盘
2345,14:11:15,5.88,0.0,59,34692,卖盘
2346,14:11:18,5.88,0.0,271,159349,卖盘
2347,14:11:24,5.89,0.01,51,29989,买盘
2348,14:11:28,5.88,-0.01,40,23520,卖盘
2349,14:11:30,5.89,0.01,8,4712,买盘
2350,14:11:33,5.88,-0.01,41,24108,卖盘
2351,14:11:40,5.88,0.0,2,1176,买盘
2352,14:11:43,5.88,0.0,55,32320,买盘
2353,14:11:45,5.88,0.0,18,10584,买盘
2354,14:11:54,5.88,0.0,13,7644,买盘
2355,14:12:00,5.88,0.0,11,6463,买盘
2356,14:12:04,5.88,0.0,76,44618,买盘
2357,14:12:06,5.88,0.0,463,272244,买盘
2358,14:12:16,5.88,0.0,4,2352,卖盘
2359,14:12:18,5.88,0.0,62,36456,卖盘
2360,14:12:21,5.88,0.0,14,8232,卖盘
2361,14:12:24,5.88,0.0,39,22937,卖盘
2362,14:12:30,5.88,0.0,10,5880,卖盘
2363,14:12:33,5.88,0.0,235,138180,卖盘
2364,14:12:39,5.88,0.0,146,85848,卖盘
2365,14:12:42,5.88,0.0,19,11172,卖盘
2366,14:12:45,5.88,0.0,8,4704,卖盘
2367,14:13:01,5.88,0.0,50,29400,卖盘
2368,14:13:04,5.88,0.0,7,4116,卖盘
2369,14:13:06,5.88,0.0,108,63504,卖盘
2370,14:13:12,5.9,0.02,1361,802541,买盘
2371,14:13:15,5.9,0.0,87,51330,卖盘
2372,14:13:18,5.88,-0.02,206,121275,卖盘
2373,14:13:24,5.88,0.0,3,1764,买盘
2374,14:13:27,5.88,0.0,48,28412,买盘
2375,14:13:30,5.9,0.02,4,2360,买盘
2376,14:13:45,5.9,0.0,1,590,买盘
2377,14:13:48,5.9,0.0,4,2360,买盘
2378,14:13:51,5.9,0.0,6,3540,卖盘
2379,14:13:57,5.9,0.0,53,31270,买盘
2380,14:14:04,5.9,0.0,13,7670,卖盘
2381,14:14:06,5.91,0.01,33,19503,买盘
2382,14:14:09,5.9,-0.01,5,2950,卖盘
2383,14:14:12,5.9,0.0,19,11213,卖盘
2384,14:14:16,5.9,0.0,5,2950,卖盘
2385,14:14:19,5.91,0.01,32,18912,买盘
2386,14:14:24,5.91,0.0,1,591,买盘
2387,14:14:27,5.9,-0.01,30,17700,卖盘
2388,14:14:30,5.91,0.01,23,13593,买盘
2389,14:14:33,5.9,-0.01,25,14750,卖盘
2390,14:14:36,5.91,0.01,10,5910,买盘
2391,14:14:42,5.9,-0.01,20,11800,卖盘
2392,14:14:45,5.91,0.01,104,61464,买盘
2393,14:14:48,5.91,0.0,23,13593,卖盘
2394,14:14:51,5.92,0.01,31,18352,买盘
2395,14:14:57,5.92,0.0,5,2960,买盘
2396,14:15:00,5.92,0.0,44,26048,买盘
2397,14:15:04,5.92,0.0,5,2960,卖盘
2398,14:15:06,5.92,0.0,135,79920,卖盘
2399,14:15:09,5.92,0.0,1,592,买盘
2400,14:15:12,5.91,-0.01,7,4139,卖盘
2401,14:15:15,5.91,0.0,34,20124,卖盘
2402,14:15:18,5.91,0.0,11,6507,卖盘
2403,14:15:24,5.91,0.0,60,35460,卖盘
2404,14:15:27,5.91,0.0,164,96924,卖盘
2405,14:15:33,5.91,0.0,1,591,买盘
2406,14:15:39,5.91,0.0,10,5910,买盘
2407,14:15:51,5.9,-0.01,30,17700,卖盘
2408,14:15:54,5.9,0.0,38,22420,卖盘
2409,14:15:57,5.9,0.0,8,4720,卖盘
2410,14:16:00,5.9,0.0,53,31270,卖盘
2411,14:16:09,5.9,0.0,9,5306,买盘
2412,14:16:12,5.89,-0.01,21,12369,卖盘
2413,14:16:15,5.89,0.0,24,14136,买盘
2414,14:16:22,5.89,0.0,9,5294,买盘
2415,14:16:24,5.88,-0.01,89,52332,卖盘
2416,14:16:30,5.88,0.0,10,5880,卖盘
2417,14:16:33,5.89,0.01,13,7657,买盘
2418,14:16:36,5.9,0.01,403,237758,买盘
2419,14:16:39,5.88,-0.02,115,67830,卖盘
2420,14:16:48,5.89,0.01,2,1178,卖盘
2421,14:16:54,5.89,0.0,1,589,买盘
2422,14:16:57,5.89,0.0,5,2945,卖盘
2423,14:17:00,5.88,-0.01,10,5881,卖盘
2424,14:17:13,5.88,0.0,1,588,卖盘
2425,14:17:16,5.9,0.02,5,2950,买盘
2426,14:17:21,5.88,-0.02,1,588,卖盘
2427,14:17:27,5.88,0.0,40,23520,卖盘
2428,14:17:30,5.89,0.01,32,18848,买盘
2429,14:17:40,5.89,0.0,2,1178,卖盘
2430,14:17:42,5.89,0.0,30,17670,卖盘
2431,14:17:45,5.9,0.01,4,2360,买盘
2432,14:17:48,5.9,0.0,15,8840,买盘
2433,14:17:54,5.9,0.0,50,29500,买盘
2434,14:17:57,5.9,0.0,1,590,买盘
2435,14:18:00,5.9,0.0,10,5900,买盘
2436,14:18:06,5.89,-0.01,17,10014,卖盘
2437,14:18:09,5.9,0.01,27,15930,买盘
2438,14:18:12,5.88,-0.02,290,170638,卖盘
2439,14:18:22,5.9,0.02,5,2950,买盘
2440,14:18:27,5.9,0.0,3,1770,买盘
2441,14:18:33,5.89,-0.01,8,4712,卖盘
2442,14:18:36,5.9,0.01,63,37147,买盘
2443,14:18:39,5.9,0.0,3,1770,卖盘
2444,14:18:48,5.9,0.0,91,53690,买盘
2445,14:18:57,5.88,-0.02,104,61166,卖盘
2446,14:19:15,5.9,0.02,20,11800,买盘
2447,14:19:27,5.9,0.0,124,73142,买盘
2448,14:19:30,5.9,0.0,60,35370,买盘
2449,14:19:39,5.91,0.01,30,17730,买盘
2450,14:19:42,5.91,0.0,11,6501,买盘
2451,14:19:45,5.9,-0.01,10,5900,卖盘
2452,14:19:48,5.9,0.0,5,2950,买盘
2453,14:19:51,5.9,0.0,4,2360,买盘
2454,14:19:54,5.9,0.0,60,35400,买盘
2455,14:20:04,5.9,0.0,15,8840,买盘
2456,14:20:09,5.9,0.0,1,590,买盘
2457,14:20:15,5.91,0.01,48,28358,买盘
2458,14:20:18,5.91,0.0,20,11820,买盘
2459,14:20:25,5.9,-0.01,1,590,卖盘
2460,14:20:36,5.9,0.0,5,2950,卖盘
2461,14:20:39,5.9,0.0,44,25960,卖盘
2462,14:20:42,5.9,0.0,38,22420,卖盘
2463,14:20:48,5.9,0.0,56,33000,买盘
2464,14:20:51,5.9,0.0,8,4720,买盘
2465,14:20:54,5.88,-0.02,520,306078,卖盘
2466,14:21:00,5.88,0.0,55,32340,卖盘
2467,14:21:04,5.89,0.01,50,29450,买盘
2468,14:21:06,5.87,-0.02,400,235157,卖盘
2469,14:21:09,5.89,0.02,20,11780,买盘
2470,14:21:12,5.88,-0.01,5,2940,中性盘
2471,14:21:15,5.87,-0.01,412,241855,卖盘
2472,14:21:18,5.87,0.0,85,49895,卖盘
2473,14:21:27,5.86,-0.01,128,75014,卖盘
2474,14:21:30,5.86,0.0,147,86142,卖盘
2475,14:21:33,5.86,0.0,190,111352,卖盘
2476,14:21:36,5.86,0.0,39,22854,卖盘
2477,14:21:39,5.85,-0.01,1000,585177,卖盘
2478,14:21:42,5.85,0.0,20,11719,卖盘
2479,14:21:46,5.85,0.0,7,4095,卖盘
2480,14:21:48,5.85,0.0,132,77254,卖盘
2481,14:21:51,5.85,0.0,132,77220,卖盘
2482,14:21:54,5.84,-0.01,1000,584266,卖盘
2483,14:21:57,5.83,-0.01,145,84675,卖盘
2484,14:22:00,5.85,0.02,1251,729105,买盘
2485,14:22:04,5.84,-0.01,32,18693,中性盘
2486,14:22:06,5.82,-0.02,1513,880651,卖盘
2487,14:22:09,5.82,0.0,15,8730,买盘
2488,14:22:12,5.82,0.0,11,6402,买盘
2489,14:22:15,5.81,-0.01,116,67411,卖盘
2490,14:22:18,5.83,0.02,803,467501,买盘
2491,14:22:21,5.83,0.0,14,8162,卖盘
2492,14:22:24,5.85,0.02,5,2925,买盘
2493,14:22:27,5.85,0.0,5,2925,买盘
2494,14:22:30,5.85,0.0,12,7020,买盘
2495,14:22:33,5.86,0.01,137,80172,买盘
2496,14:22:36,5.85,-0.01,2,1170,卖盘
2497,14:22:39,5.85,0.0,90,52650,卖盘
2498,14:22:42,5.86,0.01,26,15236,买盘
2499,14:22:48,5.87,0.01,87,51055,买盘
2500,14:22:51,5.85,-0.02,152,89008,卖盘
2501,14:22:57,5.87,0.02,30,17610,买盘
2502,14:23:00,5.86,-0.01,83,48638,卖盘
2503,14:23:03,5.86,0.0,107,62800,买盘
2504,14:23:06,5.86,0.0,21,12306,卖盘
2505,14:23:09,5.86,0.0,624,365124,买盘
2506,14:23:15,5.85,-0.01,51,29845,卖盘
2507,14:23:18,5.86,0.01,66,38676,买盘
2508,14:23:21,5.86,0.0,19,11134,卖盘
2509,14:23:24,5.86,0.0,5,2930,卖盘
2510,14:23:27,5.86,0.0,10,5860,卖盘
2511,14:23:30,5.86,0.0,20,11720,卖盘
2512,14:23:33,5.87,0.01,254,149088,买盘
2513,14:23:36,5.88,0.01,14,8222,买盘
2514,14:23:39,5.87,-0.01,1,587,卖盘
2515,14:23:45,5.87,0.0,5,2935,卖盘
2516,14:23:51,5.87,0.0,60,35196,买盘
2517,14:23:54,5.87,0.0,10,5870,买盘
2518,14:24:03,5.87,0.0,79,46373,买盘
2519,14:24:09,5.87,0.0,238,139539,买盘
2520,14:24:15,5.87,0.0,31,18197,买盘
2521,14:24:21,5.88,0.01,19,11172,买盘
2522,14:24:24,5.87,-0.01,6,3522,卖盘
2523,14:24:34,5.88,0.01,52,30533,买盘
2524,14:24:36,5.86,-0.02,4,2344,卖盘
2525,14:24:39,5.88,0.02,14,8232,买盘
2526,14:24:42,5.88,0.0,5,2940,买盘
2527,14:24:45,5.87,-0.01,8,4696,中性盘
2528,14:24:48,5.87,0.0,1,587,买盘
2529,14:24:51,5.86,-0.01,233,136556,卖盘
2530,14:24:54,5.86,0.0,252,147672,买盘
2531,14:25:00,5.86,0.0,31,18153,买盘
2532,14:25:04,5.87,0.01,20,11733,买盘
2533,14:25:15,5.87,0.0,33,19371,买盘
2534,14:25:18,5.86,-0.01,5,2930,卖盘
2535,14:25:21,5.86,0.0,79,46294,卖盘
2536,14:25:24,5.87,0.01,40,23480,买盘
2537,14:25:27,5.87,0.0,20,11740,买盘
2538,14:25:39,5.87,0.0,10,5870,卖盘
2539,14:25:45,5.87,0.0,21,12327,卖盘
2540,14:25:51,5.87,0.0,9,5283,卖盘
2541,14:25:57,5.88,0.01,43,25282,买盘
2542,14:26:04,5.88,0.0,1,588,买盘
2543,14:26:07,5.88,0.0,5,2940,买盘
2544,14:26:12,5.88,0.0,99,58212,买盘
2545,14:26:15,5.88,0.0,45,26460,买盘
2546,14:26:18,5.87,-0.01,4,2348,卖盘
2547,14:26:21,5.88,0.01,100,58800,买盘
2548,14:26:30,5.88,0.0,1,588,买盘
2549,14:26:33,5.88,0.0,10,5880,买盘
2550,14:26:39,5.88,0.0,1,588,买盘
2551,14:26:45,5.88,0.0,41,24108,买盘
2552,14:26:51,5.88,0.0,100,58800,买盘
2553,14:26:57,5.89,0.01,212,124732,买盘
2554,14:27:04,5.9,0.01,1,590,买盘
2555,14:27:06,5.89,-0.01,10,5890,卖盘
2556,14:27:12,5.9,0.01,29,17082,买盘
2557,14:27:15,5.89,-0.01,11,6585,卖盘
2558,14:27:18,5.88,-0.01,4,2352,卖盘
2559,14:27:33,5.89,0.01,1,589,买盘
2560,14:27:36,5.89,0.0,20,11780,买盘
2561,14:27:39,5.88,-0.01,8,4704,卖盘
2562,14:27:42,5.89,0.01,7,4123,买盘
2563,14:27:45,5.89,0.0,40,23560,买盘
2564,14:27:48,5.88,-0.01,5,2940,卖盘
2565,14:27:51,5.88,0.0,10,5880,卖盘
2566,14:27:57,5.88,0.0,5,2940,卖盘
2567,14:28:03,5.88,0.0,74,43512,卖盘
2568,14:28:06,5.88,0.0,45,26460,卖盘
2569,14:28:10,5.88,0.0,76,44688,卖盘
2570,14:28:12,5.88,0.0,6,3528,买盘
2571,14:28:15,5.87,-0.01,50,29350,卖盘
2572,14:28:18,5.87,0.0,13,7631,卖盘
2573,14:28:24,5.88,0.01,36,21134,买盘
2574,14:28:27,5.87,-0.01,28,16436,卖盘
2575,14:28:42,5.87,0.0,31,18197,卖盘
2576,14:28:45,5.87,0.0,70,41090,卖盘
2577,14:28:49,5.87,0.0,24,14088,卖盘
2578,14:28:51,5.88,0.01,9,5292,买盘
2579,14:28:54,5.87,-0.01,37,21727,卖盘
2580,14:29:00,5.87,0.0,10,5870,卖盘
2581,14:29:06,5.87,0.0,17,9979,卖盘
2582,14:29:09,5.87,0.0,11,6457,买盘
2583,14:29:12,5.86,-0.01,23,13478,卖盘
2584,14:29:15,5.87,0.01,1,587,买盘
2585,14:29:21,5.86,-0.01,80,46880,卖盘
2586,14:29:24,5.87,0.01,19,11153,买盘
2587,14:29:27,5.87,0.0,4,2348,卖盘
2588,14:29:31,5.86,-0.01,86,50436,卖盘
2589,14:29:39,5.87,0.01,6,3522,买盘
2590,14:29:48,5.87,0.0,81,47537,买盘
2591,14:29:51,5.87,0.0,84,49229,买盘
2592,14:29:57,5.87,0.0,39,22893,买盘
2593,14:30:00,5.87,0.0,33,19371,卖盘
2594,14:30:03,5.87,0.0,93,54591,卖盘
2595,14:30:06,5.86,-0.01,100,58600,卖盘
2596,14:30:09,5.87,0.01,6,3522,买盘
2597,14:30:12,5.87,0.0,44,25828,买盘
2598,14:30:15,5.86,-0.01,68,39848,卖盘
2599,14:30:18,5.86,0.0,44,25784,卖盘
2600,14:30:21,5.86,0.0,1,586,买盘
2601,14:30:27,5.85,-0.01,89,52070,卖盘
2602,14:30:30,5.86,0.01,11,6446,买盘
2603,14:30:33,5.86,0.0,29,16971,买盘
2604,14:30:40,5.86,0.0,30,17555,买盘
2605,14:30:42,5.85,-0.01,9,5267,卖盘
2606,14:30:45,5.85,0.0,23,13455,卖盘
2607,14:30:48,5.86,0.01,24,14045,买盘
2608,14:30:51,5.85,-0.01,5,2925,卖盘
2609,14:30:54,5.86,0.01,5,2930,买盘
2610,14:30:57,5.86,0.0,34,19924,买盘
2611,14:31:00,5.86,0.0,41,24016,买盘
2612,14:31:03,5.86,0.0,5,2930,买盘
2613,14:31:06,5.85,-0.01,50,29250,卖盘
2614,14:31:10,5.85,0.0,1,585,卖盘
2615,14:31:15,5.85,0.0,527,308295,卖盘
2616,14:31:21,5.85,0.0,30,17524,买盘
2617,14:31:24,5.84,-0.01,15,8763,卖盘
2618,14:31:27,5.84,0.0,155,90520,卖盘
2619,14:31:30,5.84,0.0,87,50814,卖盘
2620,14:31:33,5.84,0.0,50,29200,卖盘
2621,14:31:36,5.84,0.0,6,3509,卖盘
2622,14:31:39,5.84,0.0,28,16357,卖盘
2623,14:31:42,5.85,0.01,5,2925,买盘
2624,14:31:46,5.85,0.0,105,61325,买盘
2625,14:31:48,5.84,-0.01,10,5840,卖盘
2626,14:31:51,5.85,0.01,25,14625,买盘
2627,14:31:54,5.85,0.0,63,36855,卖盘
2628,14:31:57,5.85,0.0,20,11700,卖盘
2629,14:32:00,5.85,0.0,103,60255,卖盘
2630,14:32:03,5.85,0.0,2,1170,买盘
2631,14:32:12,5.84,-0.01,234,136663,卖盘
2632,14:32:15,5.84,0.0,1,584,买盘
2633,14:32:18,5.83,-0.01,91,53054,卖盘
2634,14:32:21,5.84,0.01,187,109200,买盘
2635,14:32:24,5.84,0.0,181,105754,卖盘
2636,14:32:27,5.84,0.0,500,292000,卖盘
2637,14:32:30,5.84,0.0,7,4088,卖盘
2638,14:32:33,5.84,0.0,15,8760,卖盘
2639,14:32:36,5.84,0.0,24,14020,卖盘
2640,14:32:39,5.84,0.0,124,72416,卖盘
2641,14:32:42,5.85,0.01,44,25699,买盘
2642,14:32:45,5.84,-0.01,71,41464,卖盘
2643,14:32:48,5.84,0.0,48,28032,买盘
2644,14:32:51,5.83,-0.01,110,64130,卖盘
2645,14:32:54,5.84,0.01,34,19856,买盘
2646,14:32:57,5.83,-0.01,232,135256,卖盘
2647,14:33:00,5.84,0.01,42,24528,买盘
2648,14:33:04,5.83,-0.01,166,96778,卖盘
2649,14:33:06,5.83,0.0,31,18073,卖盘
2650,14:33:10,5.83,0.0,69,40227,卖盘
2651,14:33:12,5.83,0.0,49,28567,卖盘
2652,14:33:18,5.83,0.0,631,368376,卖盘
2653,14:33:21,5.84,0.01,129,75336,买盘
2654,14:33:24,5.84,0.0,39,22776,买盘
2655,14:33:28,5.84,0.0,349,203729,买盘
2656,14:33:31,5.84,0.0,2,1168,卖盘
2657,14:33:36,5.84,0.0,99,57836,卖盘
2658,14:33:39,5.85,0.01,7,4095,买盘
2659,14:33:45,5.84,-0.01,86,50224,卖盘
2660,14:33:48,5.84,0.0,28,16365,卖盘
2661,14:33:51,5.85,0.01,30,17550,买盘
2662,14:33:54,5.85,0.0,1,585,买盘
2663,14:33:57,5.84,-0.01,30,17530,卖盘
2664,14:34:00,5.85,0.01,104,60838,买盘
2665,14:34:04,5.85,0.0,305,178425,买盘
2666,14:34:06,5.85,0.0,160,93600,买盘
2667,14:34:09,5.86,0.01,240,140607,买盘
2668,14:34:15,5.88,0.02,483,283778,买盘
2669,14:34:18,5.86,-0.02,6,3520,卖盘
2670,14:34:24,5.87,0.01,12,7044,买盘
2671,14:34:33,5.88,0.01,11,6468,买盘
2672,14:34:39,5.88,0.0,105,61740,买盘
2673,14:34:45,5.87,-0.01,4,2348,卖盘
2674,14:34:48,5.87,0.0,29,17023,买盘
2675,14:34:52,5.87,0.0,12,7044,买盘
2676,14:34:55,5.86,-0.01,2,1172,卖盘
2677,14:34:58,5.87,0.01,70,41090,买盘
2678,14:35:00,5.86,-0.01,170,99620,卖盘
2679,14:35:04,5.86,0.0,15,8790,买盘
2680,14:35:06,5.86,0.0,5,2930,买盘
2681,14:35:09,5.86,0.0,7,4102,买盘
2682,14:35:12,5.86,0.0,4,2344,卖盘
2683,14:35:21,5.86,0.0,81,47466,买盘
2684,14:35:25,5.85,-0.01,10,5850,卖盘
2685,14:35:27,5.86,0.01,10,5860,买盘
2686,14:35:30,5.85,-0.01,35,20475,卖盘
2687,14:35:33,5.85,0.0,5,2925,卖盘
2688,14:35:37,5.85,0.0,56,32760,卖盘
2689,14:35:39,5.85,0.0,85,49737,卖盘
2690,14:35:42,5.86,0.01,21,12286,买盘
2691,14:35:45,5.85,-0.01,88,51483,卖盘
2692,14:35:49,5.86,0.01,90,52721,买盘
2693,14:35:51,5.85,-0.01,30,17550,卖盘
2694,14:35:57,5.85,0.0,88,51480,卖盘
2695,14:36:00,5.86,0.01,1,586,买盘
2696,14:36:04,5.85,-0.01,20,11700,卖盘
2697,14:36:09,5.86,0.01,20,11720,买盘
2698,14:36:19,5.85,-0.01,3,1755,卖盘
2699,14:36:22,5.85,0.0,46,26912,卖盘
2700,14:36:27,5.85,0.0,5,2925,买盘
2701,14:36:30,5.85,0.0,6,3510,买盘
2702,14:36:34,5.84,-0.01,10,5840,卖盘
2703,14:36:37,5.85,0.01,1,585,买盘
2704,14:36:39,5.85,0.0,80,46750,买盘
2705,14:36:45,5.85,0.0,3,1755,买盘
2706,14:36:48,5.84,-0.01,81,47304,卖盘
2707,14:36:51,5.84,0.0,50,29200,卖盘
2708,14:36:54,5.85,0.01,5,2925,买盘
2709,14:36:57,5.85,0.0,33,19275,买盘
2710,14:37:00,5.85,0.0,10,5850,买盘
2711,14:37:04,5.85,0.0,58,33930,买盘
2712,14:37:09,5.84,-0.01,30,17520,卖盘
2713,14:37:12,5.84,0.0,26,15196,卖盘
2714,14:37:18,5.84,0.0,25,14600,卖盘
2715,14:37:27,5.84,0.0,500,292000,卖盘
2716,14:37:30,5.84,0.0,39,22776,卖盘
2717,14:37:45,5.85,0.01,38,22195,买盘
2718,14:37:51,5.84,-0.01,148,86362,卖盘
2719,14:37:57,5.84,0.0,6,3504,卖盘
2720,14:38:03,5.84,0.0,32,18688,卖盘
2721,14:38:06,5.84,0.0,8,4672,卖盘
2722,14:38:09,5.85,0.01,12,7010,买盘
2723,14:38:16,5.83,-0.02,98,57207,卖盘
2724,14:38:19,5.84,0.01,41,23970,卖盘
2725,14:38:24,5.84,0.0,15,8760,买盘
2726,14:38:27,5.83,-0.01,3,1751,卖盘
2727,14:38:33,5.84,0.01,93,54271,买盘
2728,14:38:36,5.84,0.0,10,5840,卖盘
2729,14:38:39,5.84,0.0,14,8176,卖盘
2730,14:38:42,5.85,0.01,10,5850,买盘
2731,14:38:45,5.84,-0.01,6,3504,卖盘
2732,14:38:49,5.84,0.0,230,134320,卖盘
2733,14:38:51,5.84,0.0,121,70719,卖盘
2734,14:38:54,5.85,0.01,38,22199,买盘
2735,14:38:57,5.84,-0.01,28,16352,卖盘
2736,14:39:00,5.84,0.0,137,80008,卖盘
2737,14:39:03,5.84,0.0,84,49040,卖盘
2738,14:39:09,5.84,0.0,1,584,买盘
2739,14:39:12,5.84,0.0,23,13412,买盘
2740,14:39:15,5.83,-0.01,527,307282,卖盘
2741,14:39:18,5.83,0.0,42,24486,卖盘
2742,14:39:21,5.83,0.0,134,78124,卖盘
2743,14:39:24,5.83,0.0,46,26818,卖盘
2744,14:39:27,5.83,0.0,202,117819,卖盘
2745,14:39:30,5.84,0.01,143,83372,买盘
2746,14:39:33,5.82,-0.02,700,407900,卖盘
2747,14:39:36,5.82,0.0,30,17460,卖盘
2748,14:39:39,5.82,0.0,90,52380,卖盘
2749,14:39:43,5.82,0.0,102,59364,卖盘
2750,14:39:46,5.83,0.01,47,27367,买盘
2751,14:39:49,5.82,-0.01,353,205450,卖盘
2752,14:39:51,5.82,0.0,21,12222,卖盘
2753,14:39:54,5.82,0.0,533,310206,卖盘
2754,14:39:58,5.82,0.0,133,77418,卖盘
2755,14:40:00,5.81,-0.01,122,70974,卖盘
2756,14:40:04,5.82,0.01,45,26190,买盘
2757,14:40:06,5.81,-0.01,98,56938,卖盘
2758,14:40:09,5.81,0.0,368,213873,卖盘
2759,14:40:12,5.82,0.01,382,221963,买盘
2760,14:40:15,5.81,-0.01,55,31958,卖盘
2761,14:40:18,5.81,0.0,36,20916,卖盘
2762,14:40:21,5.81,0.0,89,51727,卖盘
2763,14:40:24,5.81,0.0,62,36022,卖盘
2764,14:40:27,5.81,0.0,309,179539,卖盘
2765,14:40:30,5.81,0.0,132,76693,卖盘
2766,14:40:34,5.81,0.0,20,11620,卖盘
2767,14:40:36,5.81,0.0,221,128401,卖盘
2768,14:40:39,5.81,0.0,35,20335,卖盘
2769,14:40:42,5.82,0.01,159,92389,买盘
2770,14:40:45,5.8,-0.02,213,123591,卖盘
2771,14:40:48,5.81,0.01,18,10458,买盘
2772,14:40:51,5.81,0.0,1000,580422,买盘
2773,14:40:54,5.81,0.0,54,31374,卖盘
2774,14:40:57,5.81,0.0,165,95869,卖盘
2775,14:41:00,5.81,0.0,62,36022,卖盘
2776,14:41:04,5.81,0.0,156,90519,卖盘
2777,14:41:06,5.81,0.0,16,9296,买盘
2778,14:41:09,5.81,0.0,440,255037,买盘
2779,14:41:12,5.81,0.0,64,37169,买盘
2780,14:41:15,5.81,0.0,929,538860,买盘
2781,14:41:18,5.8,-0.01,39,22625,卖盘
2782,14:41:21,5.8,0.0,1009,585226,卖盘
2783,14:41:24,5.8,0.0,191,110842,卖盘
2784,14:41:27,5.81,0.01,370,214657,买盘
2785,14:41:30,5.79,-0.02,643,372856,卖盘
2786,14:41:33,5.8,0.01,31,17961,中性盘
2787,14:41:36,5.79,-0.01,130,75298,卖盘
2788,14:41:39,5.8,0.01,17,9845,买盘
2789,14:41:42,5.79,-0.01,94,54491,卖盘
2790,14:41:45,5.79,0.0,78,45405,卖盘
2791,14:41:48,5.79,0.0,27,15633,买盘
2792,14:41:51,5.78,-0.01,309,178602,卖盘
2793,14:41:54,5.78,0.0,81,46844,卖盘
2794,14:41:57,5.79,0.01,110,63602,买盘
2795,14:42:00,5.79,0.0,302,174497,买盘
2796,14:42:04,5.79,0.0,225,130235,卖盘
2797,14:42:06,5.79,0.0,65,37635,卖盘
2798,14:42:09,5.79,0.0,171,99253,卖盘
2799,14:42:12,5.78,-0.01,355,205249,卖盘
2800,14:42:15,5.79,0.01,357,206454,买盘
2801,14:42:18,5.8,0.01,17,9844,买盘
2802,14:42:21,5.79,-0.01,20,11580,卖盘
2803,14:42:24,5.79,0.0,47,27213,卖盘
2804,14:42:27,5.79,0.0,129,74687,卖盘
2805,14:42:30,5.79,0.0,2,1158,买盘
2806,14:42:33,5.78,-0.01,193,111691,卖盘
2807,14:42:36,5.78,0.0,40,23140,卖盘
2808,14:42:40,5.79,0.01,88,50932,买盘
2809,14:42:43,5.79,0.0,42,24279,买盘
2810,14:42:46,5.79,0.0,500,289500,买盘
2811,14:42:49,5.79,0.0,152,87901,买盘
2812,14:42:52,5.79,0.0,37,21423,卖盘
2813,14:42:54,5.79,0.0,69,39951,卖盘
2814,14:42:57,5.8,0.01,115,66685,买盘
2815,14:43:00,5.79,-0.01,10,5795,卖盘
2816,14:43:04,5.8,0.01,80,46395,买盘
2817,14:43:06,5.79,-0.01,145,84027,卖盘
2818,14:43:09,5.79,0.0,49,28371,卖盘
2819,14:43:12,5.79,0.0,57,33045,卖盘
2820,14:43:15,5.79,0.0,189,109476,卖盘
2821,14:43:18,5.79,0.0,215,124495,卖盘
2822,14:43:22,5.79,0.0,218,126399,卖盘
2823,14:43:25,5.8,0.01,85,49265,买盘
2824,14:43:27,5.79,-0.01,244,141475,卖盘
2825,14:43:31,5.79,0.0,190,110159,卖盘
2826,14:43:33,5.8,0.01,85,49274,买盘
2827,14:43:36,5.79,-0.01,1,579,卖盘
2828,14:43:39,5.8,0.01,47,27260,买盘
2829,14:43:42,5.8,0.0,192,111360,买盘
2830,14:43:45,5.8,0.0,192,111356,买盘
2831,14:43:49,5.81,0.01,19,11021,买盘
2832,14:43:52,5.8,-0.01,409,237215,卖盘
2833,14:43:55,5.8,0.0,48,27835,买盘
2834,14:43:57,5.8,0.0,36,20880,买盘
2835,14:44:01,5.8,0.0,137,79415,买盘
2836,14:44:04,5.79,-0.01,22,12752,卖盘
2837,14:44:06,5.79,0.0,50,28950,卖盘
2838,14:44:09,5.8,0.01,38,22022,买盘
2839,14:44:12,5.8,0.0,246,142616,买盘
2840,14:44:16,5.79,-0.01,61,35339,卖盘
2841,14:44:18,5.79,0.0,31,17978,卖盘
2842,14:44:21,5.79,0.0,84,48636,卖盘
2843,14:44:24,5.79,0.0,272,157488,卖盘
2844,14:44:30,5.79,0.0,2,1158,卖盘
2845,14:44:33,5.8,0.01,144,83520,买盘
2846,14:44:36,5.79,-0.01,297,171963,卖盘
2847,14:44:39,5.8,0.01,420,243350,买盘
2848,14:44:42,5.8,0.0,329,190820,买盘
2849,14:44:45,5.79,-0.01,35,20266,卖盘
2850,14:44:48,5.8,0.01,30,17400,买盘
2851,14:44:51,5.79,-0.01,2,1158,卖盘
2852,14:44:54,5.79,0.0,291,168707,卖盘
2853,14:44:57,5.8,0.01,424,245500,买盘
2854,14:45:00,5.79,-0.01,92,53268,卖盘
2855,14:45:04,5.78,-0.01,305,176717,卖盘
2856,14:45:06,5.8,0.02,37,21460,买盘
2857,14:45:09,5.79,-0.01,110,63653,卖盘
2858,14:45:12,5.78,-0.01,638,369644,卖盘
2859,14:45:15,5.79,0.01,17,9843,中性盘
2860,14:45:18,5.8,0.01,60,34770,买盘
2861,14:45:21,5.79,-0.01,10,5790,卖盘
2862,14:45:24,5.8,0.01,15,8700,买盘
2863,14:45:27,5.8,0.0,1,580,买盘
2864,14:45:30,5.8,0.0,20,11590,买盘
2865,14:45:40,5.8,0.0,189,109504,买盘
2866,14:45:43,5.8,0.0,18,10440,买盘
2867,14:45:46,5.8,0.0,29,16803,买盘
2868,14:45:48,5.8,0.0,23,13340,买盘
2869,14:45:51,5.8,0.0,349,202420,买盘
2870,14:45:54,5.8,0.0,151,87580,买盘
2871,14:45:57,5.8,0.0,101,58580,买盘
2872,14:46:00,5.8,0.0,352,204088,买盘
