,time,price,change,volume,amount,type
0,09:25:04,6.92,-0.09,275,190300,卖盘
1,09:30:04,6.91,-0.01,27,18647,卖盘
2,09:30:09,6.9,-0.01,11,7590,卖盘
3,09:30:13,6.9,0.0,5,3450,卖盘
4,09:30:15,6.9,0.0,2,1380,卖盘
5,09:30:24,6.9,0.0,4,2757,买盘
6,09:30:27,6.88,-0.02,9,6192,卖盘
7,09:30:36,6.88,0.0,4,2752,买盘
8,09:30:42,6.88,0.0,5,3440,买盘
9,09:30:51,6.88,0.0,13,8944,买盘
10,09:31:04,6.88,0.0,4,2752,买盘
11,09:31:09,6.88,0.0,17,11696,买盘
12,09:31:22,6.88,0.0,5,3440,买盘
13,09:31:24,6.88,0.0,4,2752,买盘
14,09:31:30,6.88,0.0,63,43344,买盘
15,09:31:43,6.88,0.0,1,688,卖盘
16,09:31:45,6.9,0.02,30,20700,买盘
17,09:31:51,6.89,-0.01,79,54431,卖盘
18,09:31:54,6.9,0.01,1,690,买盘
19,09:32:00,6.9,0.0,20,13800,买盘
20,09:32:03,6.9,0.0,3,2070,买盘
21,09:32:06,6.9,0.0,2,1380,卖盘
22,09:32:09,6.89,-0.01,17,11714,卖盘
23,09:32:30,6.9,0.01,2,1380,买盘
24,09:32:33,6.9,0.0,2,1380,卖盘
25,09:32:36,6.88,-0.02,159,109535,卖盘
26,09:32:39,6.87,-0.01,194,133285,卖盘
27,09:32:42,6.87,0.0,4,2748,买盘
28,09:33:00,6.86,-0.01,25,17150,卖盘
29,09:33:06,6.86,0.0,9,6174,卖盘
30,09:33:12,6.86,0.0,17,11662,卖盘
31,09:33:36,6.86,0.0,25,17150,卖盘
32,09:33:46,6.82,-0.04,186,127113,卖盘
33,09:33:54,6.83,0.01,20,13661,卖盘
34,09:34:04,6.84,0.01,1,684,买盘
35,09:34:06,6.84,0.0,1,684,买盘
36,09:34:09,6.84,0.0,18,12295,买盘
37,09:34:13,6.84,0.0,1,684,买盘
38,09:34:48,6.84,0.0,117,80073,卖盘
39,09:35:00,6.86,0.02,5,3430,买盘
40,09:35:12,6.86,0.0,15,10290,买盘
41,09:35:18,6.85,-0.01,2,1370,卖盘
42,09:35:40,6.85,0.0,30,20550,卖盘
43,09:35:42,6.85,0.0,13,8905,卖盘
44,09:35:48,6.84,-0.01,9,6156,卖盘
45,09:35:57,6.85,0.01,10,6850,买盘
46,09:36:09,6.85,0.0,20,13687,买盘
47,09:36:21,6.86,0.01,29,19894,买盘
48,09:36:24,6.86,0.0,1,686,卖盘
49,09:36:31,6.85,-0.01,41,28108,卖盘
50,09:36:33,6.86,0.01,107,73357,买盘
51,09:36:36,6.83,-0.03,102,69737,卖盘
52,09:36:45,6.85,0.02,17,11645,卖盘
53,09:36:51,6.85,0.0,20,13700,卖盘
54,09:36:57,6.85,0.0,28,19180,卖盘
55,09:37:04,6.85,0.0,1,685,买盘
56,09:37:06,6.8,-0.05,355,242099,卖盘
57,09:37:12,6.84,0.04,2,1368,买盘
58,09:37:15,6.84,0.0,9,6156,卖盘
59,09:37:19,6.81,-0.03,30,20430,中性盘
60,09:37:24,6.83,0.02,12,8196,买盘
61,09:37:34,6.83,0.0,7,4781,买盘
62,09:37:42,6.83,0.0,10,6830,买盘
63,09:37:45,6.81,-0.02,15,10215,卖盘
64,09:37:48,6.81,0.0,50,34050,买盘
65,09:37:51,6.8,-0.01,67,45565,卖盘
66,09:37:54,6.8,0.0,30,20400,卖盘
67,09:37:57,6.8,0.0,14,9525,卖盘
68,09:38:06,6.8,0.0,48,32640,卖盘
69,09:38:10,6.79,-0.01,5,3395,卖盘
70,09:38:12,6.8,0.01,20,13582,买盘
71,09:38:16,6.8,0.0,3,2040,买盘
72,09:38:21,6.8,0.0,42,28560,买盘
73,09:38:27,6.8,0.0,78,52960,买盘
74,09:38:30,6.78,-0.02,72,48923,卖盘
75,09:38:39,6.8,0.02,23,15640,卖盘
76,09:38:49,6.81,0.01,2,1362,买盘
77,09:38:54,6.83,0.02,8,5464,买盘
78,09:38:57,6.83,0.0,4,2732,买盘
79,09:39:13,6.81,-0.02,45,30645,卖盘
80,09:39:40,6.81,0.0,146,99426,买盘
81,09:39:43,6.83,0.02,16,10928,买盘
82,09:39:45,6.83,0.0,20,13660,买盘
83,09:39:54,6.83,0.0,42,28686,买盘
84,09:39:57,6.83,0.0,17,11611,买盘
85,09:40:00,6.83,0.0,33,22529,买盘
86,09:40:06,6.83,0.0,127,86741,买盘
87,09:40:09,6.83,0.0,17,11611,卖盘
88,09:40:21,6.84,0.01,1,684,买盘
89,09:40:28,6.83,-0.01,4,2732,卖盘
90,09:40:33,6.83,0.0,10,6830,卖盘
91,09:40:39,6.83,0.0,6,4098,买盘
92,09:40:51,6.83,0.0,16,10928,买盘
93,09:40:57,6.81,-0.02,27,18422,卖盘
94,09:41:09,6.84,0.03,9,6156,买盘
95,09:41:15,6.8,-0.04,300,204318,卖盘
96,09:41:42,6.83,0.03,10,6830,买盘
97,09:41:52,6.8,-0.03,134,91138,卖盘
98,09:41:57,6.8,0.0,41,27880,买盘
99,09:42:00,6.8,0.0,5,3400,买盘
100,09:42:03,6.8,0.0,3,2040,买盘
101,09:42:06,6.8,0.0,9,6114,买盘
102,09:42:09,6.8,0.0,37,25160,买盘
103,09:42:27,6.8,0.0,200,136005,卖盘
104,09:42:57,6.81,0.01,10,6810,卖盘
105,09:43:09,6.83,0.02,7,4781,买盘
106,09:43:16,6.81,-0.02,26,17706,卖盘
107,09:43:21,6.83,0.02,10,6830,买盘
108,09:43:30,6.83,0.0,12,8196,买盘
109,09:43:33,6.83,0.0,13,8879,买盘
110,09:43:36,6.82,-0.01,9,6138,卖盘
111,09:43:57,6.82,0.0,1,682,卖盘
112,09:44:00,6.8,-0.02,250,170330,卖盘
113,09:44:09,6.8,0.0,18,12240,卖盘
114,09:44:13,6.81,0.01,3,2043,买盘
115,09:44:21,6.82,0.01,5,3410,买盘
116,09:44:25,6.83,0.01,1,683,买盘
117,09:44:43,6.8,-0.03,249,169496,卖盘
118,09:45:00,6.79,-0.01,11,7474,卖盘
119,09:45:06,6.79,0.0,10,6790,卖盘
120,09:45:13,6.79,0.0,30,20370,卖盘
121,09:45:27,6.8,0.01,4,2720,买盘
122,09:45:43,6.8,0.0,5,3400,买盘
123,09:45:51,6.8,0.0,13,8840,买盘
124,09:45:54,6.8,0.0,10,6800,买盘
125,09:45:57,6.8,0.0,15,10200,买盘
126,09:46:09,6.8,0.0,18,12240,卖盘
127,09:46:21,6.8,0.0,10,6800,卖盘
128,09:46:42,6.8,0.0,10,6800,卖盘
129,09:46:45,6.83,0.03,4,2732,买盘
130,09:47:03,6.8,-0.03,10,6800,卖盘
131,09:47:09,6.8,0.0,80,54400,卖盘
132,09:47:16,6.8,0.0,6,4080,卖盘
133,09:47:18,6.8,0.0,17,11560,卖盘
134,09:47:30,6.8,0.0,10,6800,买盘
135,09:47:34,6.79,-0.01,40,27160,卖盘
136,09:47:45,6.79,0.0,6,4074,卖盘
137,09:48:06,6.79,0.0,69,46851,卖盘
138,09:48:09,6.79,0.0,22,14943,卖盘
139,09:48:12,6.79,0.0,25,16975,卖盘
140,09:48:16,6.79,0.0,5,3395,卖盘
141,09:48:18,6.79,0.0,16,10864,卖盘
142,09:48:21,6.79,0.0,5,3395,卖盘
143,09:48:25,6.79,0.0,4,2716,卖盘
144,09:48:27,6.8,0.01,35,23775,买盘
145,09:48:30,6.79,-0.01,17,11543,卖盘
146,09:48:33,6.8,0.01,22,14943,买盘
147,09:48:36,6.78,-0.02,16,10848,卖盘
148,09:49:04,6.78,0.0,6,4068,卖盘
149,09:49:06,6.78,0.0,2,1356,卖盘
150,09:49:09,6.79,0.01,9,6107,买盘
151,09:49:12,6.79,0.0,6,4074,买盘
152,09:49:15,6.79,0.0,210,142405,卖盘
153,09:49:18,6.79,0.0,1,679,卖盘
154,09:49:21,6.79,0.0,7,4753,卖盘
155,09:49:24,6.78,-0.01,1,678,卖盘
156,09:49:27,6.78,0.0,1,678,卖盘
157,09:49:30,6.78,0.0,1,678,卖盘
158,09:49:33,6.78,0.0,1,678,卖盘
159,09:49:36,6.78,0.0,2,1356,卖盘
160,09:49:40,6.78,0.0,2,1356,卖盘
161,09:49:42,6.78,0.0,7,4751,卖盘
162,09:49:45,6.78,0.0,7,4746,卖盘
163,09:49:57,6.78,0.0,14,9492,买盘
164,09:50:04,6.78,0.0,1,678,卖盘
165,09:50:06,6.78,0.0,2,1356,卖盘
166,09:50:09,6.77,-0.01,10,6770,卖盘
167,09:50:30,6.79,0.02,69,46851,买盘
168,09:51:12,6.79,0.0,20,13580,卖盘
169,09:51:36,6.8,0.01,23,15640,买盘
170,09:51:39,6.8,0.0,12,8160,买盘
171,09:51:42,6.8,0.0,33,22440,买盘
172,09:51:45,6.8,0.0,51,34680,买盘
173,09:52:09,6.8,0.0,16,10880,卖盘
174,09:52:18,6.8,0.0,71,48280,卖盘
175,09:52:30,6.8,0.0,9,6120,卖盘
176,09:52:36,6.8,0.0,90,61224,卖盘
177,09:52:39,6.8,0.0,15,10200,卖盘
178,09:52:46,6.81,0.01,5,3405,买盘
179,09:52:51,6.8,-0.01,8,5440,卖盘
180,09:52:54,6.8,0.0,27,18360,卖盘
181,09:52:57,6.78,-0.02,112,75983,卖盘
182,09:53:04,6.78,0.0,22,14916,买盘
183,09:53:06,6.78,0.0,1,678,卖盘
184,09:53:15,6.78,0.0,5,3390,卖盘
185,09:53:24,6.78,0.0,10,6780,卖盘
186,09:54:06,6.81,0.03,1,681,买盘
187,09:54:12,6.8,-0.01,20,13583,买盘
188,09:54:16,6.8,0.0,1,680,卖盘
189,09:55:00,6.8,0.0,13,8840,卖盘
190,09:55:06,6.81,0.01,21,14301,买盘
191,09:55:09,6.81,0.0,1,681,卖盘
192,09:55:13,6.81,0.0,1,681,卖盘
193,09:55:15,6.81,0.0,1,681,卖盘
194,09:55:18,6.81,0.0,1,681,卖盘
195,09:55:21,6.81,0.0,1,681,卖盘
196,09:55:24,6.81,0.0,1,681,卖盘
197,09:55:27,6.81,0.0,1,681,卖盘
198,09:55:30,6.81,0.0,1,681,卖盘
199,09:55:33,6.81,0.0,1,681,卖盘
200,09:55:36,6.81,0.0,1,681,卖盘
201,09:55:39,6.81,0.0,5,3405,卖盘
202,09:55:42,6.81,0.0,2,1362,卖盘
203,09:56:06,6.8,-0.01,14,9520,卖盘
204,09:56:12,6.8,0.0,41,27880,卖盘
205,09:56:31,6.8,0.0,28,19040,卖盘
206,09:56:48,6.8,0.0,2,1360,买盘
207,09:57:18,6.8,0.0,12,8160,卖盘
208,09:57:21,6.81,0.01,40,27240,卖盘
209,09:57:37,6.82,0.01,188,128216,买盘
210,09:57:49,6.82,0.0,1,682,卖盘
211,09:57:54,6.83,0.01,4,2732,买盘
212,09:57:57,6.83,0.0,10,6830,卖盘
213,09:58:00,6.83,0.0,57,38931,卖盘
214,09:58:04,6.83,0.0,8,5464,卖盘
215,09:58:07,6.83,0.0,7,4781,卖盘
216,09:58:09,6.83,0.0,12,8196,卖盘
217,09:58:12,6.8,-0.03,20,13606,卖盘
218,09:59:09,6.8,0.0,7,4760,卖盘
219,09:59:13,6.8,0.0,53,36040,卖盘
220,09:59:27,6.8,0.0,60,40800,买盘
221,10:00:04,6.8,0.0,9,6120,买盘
222,10:00:06,6.79,-0.01,87,59093,卖盘
223,10:00:09,6.8,0.01,2,1360,买盘
224,10:00:12,6.79,-0.01,35,23785,卖盘
225,10:00:15,6.79,0.0,3,2039,卖盘
226,10:00:24,6.8,0.01,65,44200,买盘
227,10:00:30,6.8,0.0,8,5440,卖盘
228,10:01:00,6.8,0.0,28,19040,卖盘
229,10:01:54,6.81,0.01,1,681,买盘
230,10:02:12,6.8,-0.01,18,12252,卖盘
231,10:02:42,6.8,0.0,91,61880,卖盘
232,10:02:57,6.8,0.0,4,2720,买盘
233,10:04:04,6.8,0.0,5,3400,买盘
234,10:04:09,6.8,0.0,2,1360,买盘
235,10:04:12,6.79,-0.01,17,11543,卖盘
236,10:04:27,6.79,0.0,13,8827,卖盘
237,10:04:57,6.79,0.0,60,40740,卖盘
238,10:05:12,6.8,0.01,2,1360,买盘
239,10:05:51,6.8,0.0,32,21760,买盘
240,10:06:00,6.79,-0.01,83,56383,卖盘
241,10:06:12,6.79,0.0,16,10864,卖盘
242,10:06:30,6.8,0.01,15,10200,买盘
243,10:06:51,6.8,0.0,50,34000,买盘
244,10:07:30,6.79,-0.01,11,7469,卖盘
245,10:07:57,6.8,0.01,1,680,买盘
246,10:08:09,6.81,0.01,3,2043,买盘
247,10:08:12,6.79,-0.02,15,10199,卖盘
248,10:08:24,6.8,0.01,4,2720,卖盘
249,10:09:03,6.8,0.0,11,7480,卖盘
250,10:09:15,6.8,0.0,5,3400,买盘
251,10:09:27,6.79,-0.01,53,35987,卖盘
252,10:09:39,6.79,0.0,100,67900,卖盘
253,10:10:12,6.79,0.0,10,6790,卖盘
254,10:10:19,6.8,0.01,24,16320,买盘
255,10:11:06,6.82,0.02,4,2728,买盘
256,10:12:01,6.82,0.0,7,4774,买盘
257,10:12:12,6.8,-0.02,19,12920,卖盘
258,10:12:51,6.81,0.01,10,6810,买盘
259,10:13:45,6.81,0.0,5,3405,买盘
260,10:13:48,6.81,0.0,10,6810,买盘
261,10:14:03,6.8,-0.01,7,4760,卖盘
262,10:14:12,6.8,0.0,15,10200,卖盘
263,10:14:36,6.8,0.0,7,4760,卖盘
264,10:15:06,6.8,0.0,14,9520,卖盘
265,10:15:16,6.8,0.0,2,1360,卖盘
266,10:15:18,6.8,0.0,1,680,卖盘
267,10:16:12,6.8,0.0,15,10200,卖盘
268,10:16:36,6.8,0.0,6,4080,卖盘
269,10:16:45,6.81,0.01,20,13620,买盘
270,10:18:01,6.81,0.0,27,18387,卖盘
271,10:18:13,6.8,-0.01,19,12920,卖盘
272,10:19:04,6.8,0.0,22,14960,卖盘
273,10:19:06,6.8,0.0,1,680,卖盘
274,10:19:09,6.81,0.01,6,4085,买盘
275,10:19:51,6.8,-0.01,86,58480,卖盘
276,10:20:15,6.79,-0.01,13,8827,卖盘
277,10:20:27,6.79,0.0,1,679,卖盘
278,10:20:30,6.79,0.0,2,1358,卖盘
279,10:20:33,6.8,0.01,2,1360,买盘
280,10:20:39,6.79,-0.01,25,16975,卖盘
281,10:20:42,6.79,0.0,1,679,卖盘
282,10:20:46,6.79,0.0,31,21049,卖盘
283,10:20:49,6.79,0.0,1,679,卖盘
284,10:20:52,6.79,0.0,1,679,卖盘
285,10:20:54,6.79,0.0,1,679,卖盘
286,10:20:57,6.79,0.0,1,679,卖盘
287,10:21:00,6.79,0.0,1,679,卖盘
288,10:21:04,6.79,0.0,1,679,卖盘
289,10:21:06,6.79,0.0,1,679,卖盘
290,10:21:09,6.79,0.0,1,679,卖盘
291,10:21:18,6.8,0.01,1,680,买盘
292,10:21:45,6.8,0.0,2,1360,买盘
293,10:21:54,6.8,0.0,20,13595,中性盘
294,10:21:57,6.79,-0.01,8,5432,卖盘
295,10:22:04,6.78,-0.01,30,20340,卖盘
296,10:22:06,6.79,0.01,1,679,买盘
297,10:22:09,6.79,0.0,9,6111,卖盘
298,10:22:16,6.79,0.0,18,12222,卖盘
299,10:22:30,6.79,0.0,15,10185,卖盘
300,10:23:04,6.79,0.0,6,4074,买盘
301,10:23:15,6.78,-0.01,295,200010,卖盘
302,10:23:42,6.78,0.0,10,6780,买盘
303,10:23:57,6.78,0.0,4,2712,买盘
304,10:24:12,6.77,-0.01,15,10155,卖盘
305,10:24:36,6.77,0.0,20,13540,卖盘
306,10:24:45,6.77,0.0,1,677,卖盘
307,10:24:48,6.77,0.0,43,29111,卖盘
308,10:25:18,6.78,0.01,10,6780,买盘
309,10:25:48,6.77,-0.01,54,36558,卖盘
310,10:25:51,6.78,0.01,4,2711,买盘
311,10:25:54,6.78,0.0,1,678,卖盘
312,10:25:58,6.78,0.0,1,678,卖盘
313,10:26:00,6.78,0.0,1,678,卖盘
314,10:26:04,6.78,0.0,1,678,卖盘
315,10:26:06,6.77,-0.01,9,6101,卖盘
316,10:26:09,6.77,0.0,1,677,卖盘
317,10:26:15,6.76,-0.01,22,14889,卖盘
318,10:26:28,6.76,0.0,25,16900,卖盘
319,10:26:31,6.76,0.0,129,87204,卖盘
320,10:26:33,6.76,0.0,1,676,卖盘
321,10:26:36,6.76,0.0,1,676,卖盘
322,10:26:39,6.76,0.0,50,33800,卖盘
323,10:26:51,6.75,-0.01,14,9450,卖盘
324,10:27:12,6.75,0.0,2,1350,卖盘
325,10:27:18,6.75,0.0,4,2700,卖盘
326,10:27:22,6.75,0.0,5,3375,卖盘
327,10:27:27,6.75,0.0,168,113400,卖盘
328,10:27:30,6.75,0.0,4,2700,卖盘
329,10:27:34,6.75,0.0,3,2025,卖盘
330,10:27:36,6.75,0.0,2,1350,卖盘
331,10:27:39,6.75,0.0,31,20925,卖盘
332,10:27:42,6.75,0.0,4,2700,卖盘
333,10:27:45,6.75,0.0,29,19575,卖盘
334,10:27:48,6.73,-0.02,28,18844,卖盘
335,10:27:51,6.73,0.0,14,9422,卖盘
336,10:27:54,6.73,0.0,6,4038,卖盘
337,10:27:57,6.73,0.0,5,3365,卖盘
338,10:28:00,6.73,0.0,122,82254,卖盘
339,10:28:09,6.73,0.0,50,33650,卖盘
340,10:28:12,6.73,0.0,15,10095,卖盘
341,10:28:18,6.73,0.0,22,14806,卖盘
342,10:28:24,6.73,0.0,1,673,卖盘
343,10:28:28,6.73,0.0,31,20867,卖盘
344,10:28:45,6.73,0.0,40,26921,卖盘
345,10:28:54,6.73,0.0,14,9422,卖盘
346,10:29:31,6.73,0.0,10,6730,卖盘
347,10:29:33,6.73,0.0,30,20190,卖盘
348,10:29:36,6.73,0.0,28,18844,卖盘
349,10:30:15,6.73,0.0,19,12787,卖盘
350,10:30:21,6.73,0.0,1,673,卖盘
351,10:30:24,6.73,0.0,1,673,卖盘
352,10:30:27,6.73,0.0,1,673,卖盘
353,10:30:54,6.73,0.0,10,6730,卖盘
354,10:31:06,6.75,0.02,10,6750,买盘
355,10:31:30,6.73,-0.02,1,673,卖盘
356,10:31:34,6.73,0.0,3,2019,卖盘
357,10:31:36,6.73,0.0,20,13460,卖盘
358,10:31:39,6.73,0.0,5,3365,卖盘
359,10:31:42,6.73,0.0,5,3365,卖盘
360,10:31:45,6.73,0.0,5,3365,卖盘
361,10:31:48,6.73,0.0,25,16840,卖盘
362,10:31:51,6.73,0.0,3,2019,卖盘
363,10:31:54,6.73,0.0,3,2019,卖盘
364,10:32:01,6.73,0.0,1,673,卖盘
365,10:32:04,6.73,0.0,2,1346,卖盘
366,10:32:06,6.73,0.0,5,3365,卖盘
367,10:32:10,6.75,0.02,8,5400,买盘
368,10:32:13,6.75,0.0,2,1350,卖盘
369,10:32:15,6.73,-0.02,20,13498,卖盘
370,10:33:00,6.73,0.0,7,4711,卖盘
371,10:33:09,6.73,0.0,14,9432,卖盘
372,10:33:31,6.73,0.0,7,4711,卖盘
373,10:33:42,6.73,0.0,6,4038,卖盘
374,10:33:45,6.73,0.0,3,2019,卖盘
375,10:33:57,6.73,0.0,7,4711,卖盘
376,10:34:06,6.73,0.0,6,4038,卖盘
377,10:34:15,6.73,0.0,22,14806,卖盘
378,10:34:18,6.73,0.0,8,5384,卖盘
379,10:34:21,6.73,0.0,4,2693,卖盘
380,10:34:24,6.73,0.0,2,1346,卖盘
381,10:34:27,6.73,0.0,6,4038,卖盘
382,10:34:30,6.74,0.01,10,6739,买盘
383,10:34:33,6.74,0.0,5,3370,卖盘
384,10:34:39,6.74,0.0,1,674,卖盘
385,10:34:42,6.74,0.0,1,674,卖盘
386,10:34:45,6.74,0.0,1,674,卖盘
387,10:34:48,6.74,0.0,1,674,卖盘
388,10:34:51,6.73,-0.01,1,673,卖盘
389,10:34:54,6.73,0.0,4,2692,卖盘
390,10:34:57,6.73,0.0,8,5384,卖盘
391,10:35:00,6.73,0.0,13,8749,卖盘
392,10:35:04,6.73,0.0,17,11441,卖盘
393,10:35:06,6.72,-0.01,16,10760,卖盘
394,10:35:09,6.72,0.0,11,7392,卖盘
395,10:35:39,6.72,0.0,11,7392,卖盘
396,10:35:48,6.72,0.0,19,12768,卖盘
397,10:35:51,6.72,0.0,75,50400,卖盘
398,10:36:01,6.72,0.0,12,8064,买盘
399,10:36:04,6.72,0.0,4,2688,卖盘
400,10:36:15,6.72,0.0,16,10752,卖盘
401,10:36:24,6.72,0.0,14,9408,卖盘
402,10:36:30,6.72,0.0,8,5376,卖盘
403,10:36:36,6.72,0.0,4,2688,卖盘
404,10:36:45,6.72,0.0,3,2016,卖盘
405,10:36:57,6.72,0.0,3,2016,卖盘
406,10:37:09,6.72,0.0,39,26208,卖盘
407,10:37:18,6.71,-0.01,3,2013,卖盘
408,10:37:22,6.7,-0.01,722,484087,卖盘
409,10:37:25,6.69,-0.01,1,669,卖盘
410,10:37:27,6.69,0.0,17,11373,卖盘
411,10:37:31,6.68,-0.01,257,172084,卖盘
412,10:37:33,6.68,0.0,44,29392,卖盘
413,10:37:36,6.68,0.0,30,20021,中性盘
414,10:37:42,6.66,-0.02,3,1998,卖盘
415,10:37:49,6.65,-0.01,57,37957,卖盘
416,10:37:55,6.65,0.0,47,31255,卖盘
417,10:38:06,6.63,-0.02,4,2652,中性盘
418,10:38:09,6.62,-0.01,664,449153,卖盘
419,10:38:15,6.69,0.07,17,11373,中性盘
420,10:38:27,6.73,0.04,2,1346,卖盘
421,10:38:30,6.73,0.0,2,1346,卖盘
422,10:39:00,6.7,-0.03,12,8034,买盘
423,10:39:09,6.68,-0.02,3,2004,卖盘
424,10:39:15,6.69,0.01,13,8697,买盘
425,10:39:21,6.68,-0.01,3,2004,卖盘
426,10:39:24,6.68,0.0,20,13360,卖盘
427,10:39:30,6.69,0.01,9,6021,买盘
428,10:39:33,6.68,-0.01,3,2005,卖盘
429,10:39:42,6.69,0.01,6,4017,卖盘
430,10:39:45,6.69,0.0,11,7359,卖盘
431,10:40:04,6.7,0.01,4,2680,买盘
432,10:40:06,6.7,0.0,3,2010,卖盘
433,10:40:15,6.7,0.0,18,12060,卖盘
434,10:40:21,6.72,0.02,1,672,买盘
435,10:40:28,6.7,-0.02,104,69680,卖盘
436,10:40:30,6.72,0.02,9,6048,买盘
437,10:40:33,6.72,0.0,1,672,卖盘
438,10:40:39,6.7,-0.02,3,2010,卖盘
439,10:40:51,6.7,0.0,3,2010,卖盘
440,10:41:00,6.7,0.0,3,2010,卖盘
441,10:41:12,6.69,-0.01,3,2008,卖盘
442,10:41:21,6.69,0.0,9,6026,卖盘
443,10:41:33,6.69,0.0,3,2007,卖盘
444,10:41:42,6.69,0.0,7,4683,卖盘
445,10:41:45,6.69,0.0,3,2007,卖盘
446,10:41:49,6.7,0.01,43,28810,买盘
447,10:41:52,6.7,0.0,8,5360,买盘
448,10:41:54,6.7,0.0,3,2010,卖盘
449,10:42:06,6.7,0.0,3,2010,卖盘
450,10:42:16,6.7,0.0,17,11394,卖盘
451,10:42:27,6.7,0.0,3,2010,卖盘
452,10:42:39,6.7,0.0,2,1340,卖盘
453,10:42:54,6.71,0.01,1,671,卖盘
454,10:43:03,6.71,0.0,14,9394,买盘
455,10:43:21,6.71,0.0,2,1342,买盘
456,10:43:54,6.73,0.02,12,8073,买盘
457,10:44:13,6.73,0.0,6,4038,卖盘
458,10:44:16,6.72,-0.01,17,11428,卖盘
459,10:44:24,6.72,0.0,100,67279,卖盘
460,10:44:39,6.73,0.01,10,6730,买盘
461,10:46:15,6.7,-0.03,20,13410,卖盘
462,10:46:27,6.72,0.02,4,2688,买盘
463,10:46:45,6.7,-0.02,20,13400,卖盘
464,10:47:18,6.7,0.0,3,2010,卖盘
465,10:47:27,6.7,0.0,4,2680,卖盘
466,10:47:39,6.7,0.0,3,2010,卖盘
467,10:47:51,6.7,0.0,3,2010,卖盘
468,10:48:00,6.7,0.0,3,2010,卖盘
469,10:48:12,6.7,0.0,3,2010,卖盘
470,10:48:15,6.7,0.0,18,12060,卖盘
471,10:48:18,6.7,0.0,10,6700,卖盘
472,10:48:24,6.7,0.0,4,2680,卖盘
473,10:48:36,6.7,0.0,2,1340,卖盘
474,10:48:42,6.7,0.0,15,10050,卖盘
475,10:48:48,6.7,0.0,4,2680,卖盘
476,10:48:54,6.7,0.0,3,2010,卖盘
477,10:49:06,6.7,0.0,3,2010,卖盘
478,10:49:15,6.7,0.0,4,2680,卖盘
479,10:49:24,6.7,0.0,17,11390,卖盘
480,10:49:27,6.7,0.0,3,2010,卖盘
481,10:49:42,6.7,0.0,23,15430,卖盘
482,10:49:48,6.7,0.0,3,2010,卖盘
483,10:50:04,6.7,0.0,4,2680,卖盘
484,10:50:12,6.7,0.0,3,2010,卖盘
485,10:50:15,6.7,0.0,17,11390,卖盘
486,10:50:18,6.71,0.01,13,8723,买盘
487,10:50:24,6.7,-0.01,3,2010,卖盘
488,10:50:37,6.7,0.0,3,2010,卖盘
489,10:50:48,6.7,0.0,3,2010,卖盘
490,10:50:58,6.7,0.0,4,2680,卖盘
491,10:51:04,6.7,0.0,42,28140,卖盘
492,10:51:09,6.7,0.0,3,2010,卖盘
493,10:51:12,6.7,0.0,55,36850,卖盘
494,10:51:18,6.69,-0.01,3,2007,卖盘
495,10:51:30,6.69,0.0,3,2007,卖盘
496,10:51:34,6.69,0.0,3,2007,卖盘
497,10:51:42,6.69,0.0,6,4014,卖盘
498,10:51:51,6.69,0.0,3,2007,卖盘
499,10:51:54,6.69,0.0,22,14718,卖盘
500,10:51:57,6.7,0.01,11,7370,买盘
501,10:52:04,6.69,-0.01,10,6690,卖盘
502,10:52:06,6.69,0.0,5,3345,卖盘
503,10:52:15,6.69,0.0,13,8697,卖盘
504,10:52:24,6.69,0.0,3,2007,卖盘
505,10:52:36,6.69,0.0,3,2007,卖盘
506,10:52:48,6.69,0.0,3,2007,卖盘
507,10:52:58,6.69,0.0,4,2676,卖盘
508,10:53:09,6.69,0.0,2,1338,卖盘
509,10:53:12,6.69,0.0,4,2676,卖盘
510,10:53:18,6.69,0.0,4,2676,卖盘
511,10:53:30,6.68,-0.01,23,15384,卖盘
512,10:53:42,6.68,0.0,3,2004,卖盘
513,10:53:51,6.68,0.0,3,2004,卖盘
514,10:53:57,6.68,0.0,9,6012,卖盘
515,10:54:06,6.68,0.0,24,16032,卖盘
516,10:54:15,6.68,0.0,13,8684,卖盘
517,10:54:27,6.68,0.0,3,2004,卖盘
518,10:54:36,6.68,0.0,4,2672,卖盘
519,10:54:40,6.68,0.0,6,4008,卖盘
520,10:54:48,6.68,0.0,3,2004,卖盘
521,10:55:00,6.68,0.0,8,5344,卖盘
522,10:55:06,6.68,0.0,6,4008,卖盘
523,10:55:12,6.68,0.0,3,2004,卖盘
524,10:55:21,6.68,0.0,4,2672,卖盘
525,10:55:30,6.68,0.0,3,2004,卖盘
526,10:55:42,6.68,0.0,2,1336,卖盘
527,10:55:54,6.66,-0.02,3,1998,卖盘
528,10:56:00,6.67,0.01,11,7337,买盘
529,10:56:06,6.67,0.0,3,2001,卖盘
530,10:56:18,6.69,0.02,35,23385,买盘
531,10:56:21,6.67,-0.02,4,2668,卖盘
532,10:56:30,6.68,0.01,1,668,卖盘
533,10:57:15,6.69,0.01,13,8697,买盘
534,10:57:27,6.69,0.0,6,4014,买盘
535,10:58:15,6.67,-0.02,12,8014,卖盘
536,10:58:57,6.67,0.0,7,4669,卖盘
537,10:59:12,6.68,0.01,30,20040,买盘
538,10:59:15,6.68,0.0,10,6680,买盘
539,10:59:27,6.68,0.0,2,1336,买盘
540,10:59:51,6.68,0.0,8,5344,买盘
541,10:59:54,6.67,-0.01,17,11354,卖盘
542,11:00:06,6.67,0.0,5,3335,卖盘
543,11:00:19,6.67,0.0,15,10005,卖盘
544,11:01:28,6.69,0.02,4,2676,买盘
545,11:02:18,6.68,-0.01,14,9352,卖盘
546,11:02:27,6.69,0.01,3,2007,买盘
547,11:03:45,6.69,0.0,5,3345,买盘
548,11:04:18,6.68,-0.01,16,10688,卖盘
549,11:04:30,6.69,0.01,3,2007,买盘
550,11:04:45,6.69,0.0,1,669,买盘
551,11:04:57,6.69,0.0,7,4683,买盘
552,11:05:42,6.69,0.0,3,2007,买盘
553,11:05:48,6.68,-0.01,44,29392,卖盘
554,11:06:12,6.68,0.0,61,40748,卖盘
555,11:06:18,6.67,-0.01,13,8671,卖盘
556,11:06:21,6.67,0.0,3,2001,卖盘
557,11:06:30,6.67,0.0,86,57362,卖盘
558,11:06:36,6.66,-0.01,4,2664,卖盘
559,11:06:43,6.66,0.0,3,1998,卖盘
560,11:06:46,6.67,0.01,10,6670,买盘
561,11:06:54,6.66,-0.01,16,10656,卖盘
562,11:06:57,6.66,0.0,3,1998,卖盘
563,11:07:06,6.66,0.0,3,1998,卖盘
564,11:07:15,6.66,0.0,3,1998,卖盘
565,11:07:27,6.66,0.0,50,33300,卖盘
566,11:07:30,6.66,0.0,4,2664,卖盘
567,11:07:33,6.67,0.01,20,13340,买盘
568,11:07:42,6.67,0.0,3,2001,卖盘
569,11:07:45,6.67,0.0,2,1334,卖盘
570,11:07:51,6.67,0.0,3,2001,卖盘
571,11:07:57,6.68,0.01,15,10020,买盘
572,11:08:04,6.67,-0.01,3,2001,卖盘
573,11:08:12,6.67,0.0,4,2668,卖盘
574,11:08:18,6.67,0.0,15,10005,卖盘
575,11:08:21,6.67,0.0,3,2001,卖盘
576,11:08:30,6.68,0.01,10,6680,买盘
577,11:08:37,6.67,-0.01,3,2001,卖盘
578,11:08:45,6.67,0.0,4,2668,卖盘
579,11:08:57,6.66,-0.01,3,1998,卖盘
580,11:09:09,6.66,0.0,3,1998,卖盘
581,11:09:18,6.66,0.0,3,1998,卖盘
582,11:09:33,6.66,0.0,4,2664,卖盘
583,11:09:36,6.66,0.0,98,65268,卖盘
584,11:09:43,6.65,-0.01,3,1995,卖盘
585,11:09:51,6.65,0.0,52,34580,卖盘
586,11:09:55,6.66,0.01,5,3327,买盘
587,11:10:03,6.66,0.0,3,1998,卖盘
588,11:10:15,6.66,0.0,3,1998,卖盘
589,11:10:18,6.66,0.0,20,13320,卖盘
590,11:10:24,6.66,0.0,3,1998,卖盘
591,11:10:37,6.66,0.0,3,1998,卖盘
592,11:10:45,6.66,0.0,3,1998,卖盘
593,11:10:57,6.66,0.0,3,1998,卖盘
594,11:11:09,6.66,0.0,4,2664,卖盘
595,11:11:19,6.66,0.0,13,8658,卖盘
596,11:11:30,6.66,0.0,3,1998,卖盘
597,11:11:46,6.66,0.0,3,1998,卖盘
598,11:11:55,6.65,-0.01,159,105740,卖盘
599,11:12:01,6.65,0.0,10,6650,买盘
600,11:12:03,6.64,-0.01,4,2656,卖盘
601,11:12:13,6.65,0.01,18,11970,买盘
602,11:12:16,6.64,-0.01,3,1992,卖盘
603,11:12:19,6.64,0.0,27,17948,卖盘
604,11:12:36,6.64,0.0,4,2656,卖盘
605,11:12:43,6.65,0.01,3,1995,买盘
606,11:12:48,6.65,0.0,3,1995,中性盘
607,11:12:57,6.65,0.0,3,1995,卖盘
608,11:13:09,6.65,0.0,3,1995,卖盘
609,11:13:15,6.65,0.0,12,7980,卖盘
610,11:13:21,6.65,0.0,21,13962,买盘
611,11:13:31,6.64,-0.01,4,2656,卖盘
612,11:13:33,6.64,0.0,2,1328,卖盘
613,11:13:42,6.63,-0.01,3,1989,卖盘
614,11:13:54,6.63,0.0,3,1989,卖盘
615,11:14:03,6.63,0.0,3,1989,卖盘
616,11:14:06,6.62,-0.01,250,165587,卖盘
617,11:14:09,6.63,0.01,4,2652,中性盘
618,11:14:18,6.61,-0.02,4,2644,卖盘
619,11:14:21,6.63,0.02,24,15882,买盘
620,11:14:27,6.6,-0.03,227,149893,卖盘
621,11:14:37,6.58,-0.02,3,1974,卖盘
622,11:14:48,6.58,0.0,3,1976,卖盘
623,11:15:04,6.6,0.02,53,34974,买盘
624,11:15:06,6.6,0.0,1,660,买盘
625,11:15:09,6.6,0.0,2,1320,买盘
626,11:15:12,6.58,-0.02,3,1974,卖盘
627,11:15:16,6.6,0.02,2,1320,买盘
628,11:15:24,6.58,-0.02,3,1974,卖盘
629,11:15:27,6.6,0.02,29,19140,买盘
630,11:15:30,6.6,0.0,28,18480,买盘
631,11:15:33,6.6,0.0,16,10560,买盘
632,11:15:36,6.59,-0.01,23,15179,卖盘
633,11:15:40,6.6,0.01,1,660,买盘
634,11:15:42,6.6,0.0,1,660,买盘
635,11:16:01,6.6,0.0,22,14520,买盘
636,11:16:04,6.6,0.0,1,660,买盘
637,11:16:21,6.6,0.0,15,9903,卖盘
638,11:16:45,6.61,0.01,17,11237,卖盘
639,11:16:51,6.61,0.0,22,14542,买盘
640,11:17:04,6.61,0.0,1,661,买盘
641,11:17:09,6.6,-0.01,14,9240,卖盘
642,11:17:30,6.61,0.01,10,6610,买盘
643,11:17:42,6.61,0.0,13,8593,买盘
644,11:17:57,6.61,0.0,5,3305,买盘
645,11:18:01,6.61,0.0,12,7932,买盘
646,11:18:10,6.6,-0.01,3,1980,卖盘
647,11:18:21,6.6,0.0,19,12540,卖盘
648,11:18:27,6.6,0.0,10,6600,卖盘
649,11:18:30,6.6,0.0,4,2640,卖盘
650,11:18:33,6.61,0.01,36,23796,买盘
651,11:18:42,6.61,0.0,3,1983,卖盘
652,11:18:55,6.61,0.0,3,1983,卖盘
653,11:19:16,6.61,0.0,3,1983,卖盘
654,11:19:27,6.61,0.0,4,2644,卖盘
655,11:19:36,6.61,0.0,3,1983,卖盘
656,11:19:45,6.6,-0.01,203,134044,卖盘
657,11:20:00,6.6,0.0,3,1980,卖盘
658,11:20:06,6.62,0.02,51,33761,买盘
659,11:20:12,6.6,-0.02,3,1980,卖盘
660,11:20:15,6.6,0.0,5,3300,卖盘
661,11:20:18,6.6,0.0,3,1980,卖盘
662,11:20:21,6.59,-0.01,15,9889,卖盘
663,11:20:31,6.61,0.02,20,13220,卖盘
664,11:20:45,6.59,-0.02,3,1977,卖盘
665,11:20:51,6.59,0.0,3,1977,卖盘
666,11:21:06,6.59,0.0,3,1977,卖盘
667,11:21:15,6.6,0.01,55,36300,买盘
668,11:21:24,6.6,0.0,23,15180,卖盘
669,11:21:39,6.6,0.0,3,1980,卖盘
670,11:21:42,6.58,-0.02,500,329471,卖盘
671,11:21:51,6.56,-0.02,4,2624,卖盘
672,11:22:00,6.56,0.0,3,1968,卖盘
673,11:22:06,6.56,0.0,10,6560,卖盘
674,11:22:09,6.56,0.0,3,1968,卖盘
675,11:22:13,6.55,-0.01,3,1965,卖盘
676,11:22:21,6.56,0.01,20,13101,买盘
677,11:22:24,6.54,-0.02,215,140652,卖盘
678,11:22:33,6.52,-0.02,3,1956,卖盘
679,11:22:39,6.54,0.02,15,9810,买盘
680,11:22:43,6.54,0.0,16,10464,买盘
681,11:22:46,6.52,-0.02,33,21576,卖盘
682,11:22:49,6.54,0.02,14,9156,买盘
683,11:22:51,6.54,0.0,154,100716,买盘
684,11:22:54,6.54,0.0,8,5232,卖盘
685,11:22:57,6.54,0.0,3,1964,卖盘
686,11:23:06,6.54,0.0,21,13734,卖盘
687,11:23:21,6.56,0.02,1,656,买盘
688,11:23:25,6.56,0.0,1,656,买盘
689,11:23:27,6.55,-0.01,4,2620,卖盘
690,11:23:39,6.55,0.0,18,11806,卖盘
691,11:24:00,6.56,0.01,3,1968,卖盘
692,11:24:12,6.56,0.0,4,2624,卖盘
693,11:24:18,6.56,0.0,30,19680,卖盘
694,11:24:21,6.55,-0.01,17,11141,卖盘
695,11:24:27,6.56,0.01,3,1968,买盘
696,11:24:36,6.55,-0.01,5,3275,卖盘
697,11:24:42,6.56,0.01,1,656,买盘
698,11:24:45,6.55,-0.01,4,2621,卖盘
699,11:24:54,6.55,0.0,4,2621,卖盘
700,11:25:07,6.55,0.0,9,5905,卖盘
701,11:25:21,6.56,0.01,3,1968,卖盘
702,11:25:24,6.57,0.01,5,3285,买盘
703,11:25:27,6.56,-0.01,3,1968,卖盘
704,11:25:40,6.56,0.0,20,13120,卖盘
705,11:25:42,6.56,0.0,3,1968,卖盘
706,11:25:54,6.56,0.0,4,2624,卖盘
707,11:26:00,6.57,0.01,7,4599,买盘
708,11:26:07,6.57,0.0,13,8538,买盘
709,11:26:12,6.56,-0.01,3,1968,卖盘
710,11:26:21,6.56,0.0,9,5904,卖盘
711,11:26:24,6.57,0.01,57,37449,买盘
712,11:26:27,6.57,0.0,4,2628,卖盘
713,11:26:37,6.57,0.0,3,1971,卖盘
714,11:26:45,6.58,0.01,3,1974,买盘
715,11:26:51,6.57,-0.01,3,1971,卖盘
716,11:26:57,6.57,0.0,4,2628,卖盘
717,11:27:09,6.57,0.0,3,1971,卖盘
718,11:27:19,6.57,0.0,10,6439,卖盘
719,11:27:27,6.58,0.01,5,3290,买盘
720,11:27:30,6.57,-0.01,3,1971,卖盘
721,11:27:39,6.57,0.0,3,1971,卖盘
722,11:27:51,6.57,0.0,3,1971,卖盘
723,11:28:04,6.57,0.0,3,1971,卖盘
724,11:28:21,6.57,0.0,10,6570,卖盘
725,11:28:24,6.58,0.01,63,41454,买盘
726,11:28:43,6.58,0.0,132,86856,买盘
727,11:28:51,6.58,0.0,3,1974,买盘
728,11:29:06,6.58,0.0,45,29610,买盘
729,11:29:12,6.58,0.0,33,21714,买盘
730,11:29:18,6.58,0.0,71,46718,买盘
731,13:00:04,6.61,0.03,82,54169,中性盘
732,13:00:06,6.61,0.0,15,9915,买盘
733,13:00:09,6.59,-0.02,3,1977,卖盘
734,13:00:15,6.59,0.0,3,1977,卖盘
735,13:00:22,6.59,0.0,12,7908,卖盘
736,13:00:24,6.61,0.02,1,661,买盘
737,13:00:30,6.59,-0.02,3,1977,卖盘
738,13:00:39,6.59,0.0,4,2636,卖盘
739,13:00:42,6.62,0.03,15,9926,买盘
740,13:01:00,6.59,-0.03,3,1977,卖盘
741,13:01:09,6.59,0.0,4,2636,卖盘
742,13:01:16,6.6,0.01,3,1980,买盘
743,13:01:18,6.6,0.0,50,33000,卖盘
744,13:01:21,6.6,0.0,3,1980,卖盘
745,13:01:24,6.62,0.02,2,1324,买盘
746,13:01:36,6.6,-0.02,3,1980,卖盘
747,13:01:42,6.6,0.0,3,1980,卖盘
748,13:01:54,6.6,0.0,3,1980,卖盘
749,13:02:06,6.6,0.0,4,2640,卖盘
750,13:02:18,6.6,0.0,3,1980,卖盘
751,13:02:21,6.59,-0.01,17,11213,卖盘
752,13:02:30,6.62,0.03,10,6614,买盘
753,13:02:45,6.59,-0.03,54,35586,卖盘
754,13:02:52,6.58,-0.01,3,1974,卖盘
755,13:03:03,6.58,0.0,3,1974,卖盘
756,13:03:12,6.58,0.0,3,1974,卖盘
757,13:03:24,6.58,0.0,4,2632,卖盘
758,13:03:36,6.58,0.0,3,1974,卖盘
759,13:03:45,6.59,0.01,16,10541,买盘
760,13:03:54,6.59,0.0,10,6590,买盘
761,13:04:00,6.58,-0.01,3,1974,卖盘
762,13:04:07,6.58,0.0,3,1974,卖盘
763,13:04:18,6.58,0.0,3,1974,卖盘
764,13:04:21,6.58,0.0,36,23708,卖盘
765,13:04:30,6.58,0.0,4,2632,卖盘
766,13:04:39,6.58,0.0,3,1974,卖盘
767,13:04:51,6.58,0.0,3,1974,卖盘
768,13:05:03,6.58,0.0,4,2632,卖盘
769,13:05:18,6.58,0.0,3,1974,卖盘
770,13:05:21,6.59,0.01,40,26360,买盘
771,13:05:24,6.59,0.0,3,1977,卖盘
772,13:05:36,6.6,0.01,3,1980,买盘
773,13:05:48,6.6,0.0,3,1980,卖盘
774,13:05:57,6.6,0.0,4,2640,卖盘
775,13:06:09,6.6,0.0,3,1980,卖盘
776,13:06:18,6.6,0.0,3,1980,卖盘
777,13:06:21,6.6,0.0,10,6600,卖盘
778,13:06:24,6.6,0.0,10,6600,卖盘
779,13:06:33,6.6,0.0,4,2640,卖盘
780,13:06:45,6.6,0.0,3,1980,卖盘
781,13:06:51,6.6,0.0,3,1980,卖盘
782,13:07:04,6.6,0.0,3,1980,卖盘
783,13:07:10,6.62,0.02,10,6620,买盘
784,13:07:13,6.6,-0.02,4,2640,卖盘
785,13:07:27,6.62,0.02,2,1324,买盘
786,13:07:30,6.6,-0.02,3,1980,卖盘
787,13:07:51,6.6,0.0,3,1980,卖盘
788,13:08:03,6.6,0.0,3,1980,卖盘
789,13:08:09,6.6,0.0,4,2640,卖盘
790,13:08:21,6.6,0.0,16,10560,卖盘
791,13:08:33,6.61,0.01,6,3966,买盘
792,13:08:43,6.61,0.0,4,2644,卖盘
793,13:08:51,6.62,0.01,10,6620,买盘
794,13:08:58,6.61,-0.01,3,1983,卖盘
795,13:09:07,6.62,0.01,13,8603,买盘
796,13:09:15,6.62,0.0,3,1986,卖盘
797,13:09:24,6.62,0.0,3,1986,卖盘
798,13:09:27,6.63,0.01,4,2652,买盘
799,13:09:54,6.63,0.0,27,17901,卖盘
800,13:10:12,6.63,0.0,10,6630,买盘
801,13:10:24,6.61,-0.02,16,10583,卖盘
802,13:10:36,6.63,0.02,57,37791,买盘
803,13:10:42,6.62,-0.01,10,6620,买盘
804,13:11:03,6.63,0.01,8,5304,买盘
805,13:11:19,6.63,0.0,10,6630,买盘
806,13:11:33,6.63,0.0,30,19890,买盘
807,13:12:00,6.63,0.0,1,663,买盘
808,13:12:12,6.63,0.0,1,663,买盘
809,13:12:15,6.63,0.0,1,663,买盘
810,13:12:21,6.63,0.0,9,5967,买盘
811,13:12:24,6.62,-0.01,12,7946,卖盘
812,13:12:40,6.62,0.0,3,1986,卖盘
813,13:12:52,6.64,0.02,24,15928,买盘
814,13:13:04,6.62,-0.02,3,1986,卖盘
815,13:13:12,6.63,0.01,13,8629,卖盘
816,13:13:24,6.62,-0.01,8,5303,卖盘
817,13:13:33,6.62,0.0,3,1986,卖盘
818,13:13:48,6.62,0.0,4,2648,卖盘
819,13:13:57,6.62,0.0,3,1986,卖盘
820,13:14:10,6.62,0.0,3,1986,卖盘
821,13:14:18,6.62,0.0,3,1986,卖盘
822,13:14:25,6.62,0.0,17,11254,卖盘
823,13:14:30,6.62,0.0,4,2648,卖盘
824,13:14:42,6.63,0.01,3,1989,卖盘
825,13:14:57,6.63,0.0,3,1989,卖盘
826,13:15:04,6.63,0.0,3,1989,卖盘
827,13:15:15,6.63,0.0,8,5304,卖盘
828,13:15:27,6.63,0.0,3,1989,卖盘
829,13:15:36,6.63,0.0,3,1989,卖盘
830,13:15:43,6.63,0.0,18,11942,卖盘
831,13:15:49,6.63,0.0,3,1989,卖盘
832,13:16:00,6.63,0.0,3,1989,卖盘
833,13:16:12,6.63,0.0,3,1989,卖盘
834,13:16:18,6.63,0.0,3,1989,卖盘
835,13:16:21,6.64,0.01,15,9960,买盘
836,13:16:24,6.63,-0.01,13,8619,卖盘
837,13:16:30,6.63,0.0,3,1989,卖盘
838,13:16:42,6.63,0.0,3,1989,卖盘
839,13:16:57,6.64,0.01,34,22572,买盘
840,13:17:09,6.63,-0.01,3,1989,卖盘
841,13:17:15,6.63,0.0,3,1989,卖盘
842,13:17:18,6.64,0.01,106,70384,买盘
843,13:17:21,6.64,0.0,42,27888,卖盘
844,13:17:28,6.64,0.0,3,1992,卖盘
845,13:17:31,6.65,0.01,8,5320,买盘
846,13:17:40,6.65,0.0,29,19285,买盘
847,13:17:43,6.64,-0.01,3,1992,卖盘
848,13:17:45,6.65,0.01,33,21945,买盘
849,13:17:51,6.65,0.0,3,1995,卖盘
850,13:18:00,6.65,0.0,3,1995,卖盘
851,13:18:09,6.65,0.0,3,1995,卖盘
852,13:18:21,6.66,0.01,13,8655,买盘
853,13:18:24,6.65,-0.01,18,11971,卖盘
854,13:18:33,6.64,-0.01,4,2659,卖盘
855,13:18:42,6.64,0.0,3,1992,卖盘
856,13:18:48,6.66,0.02,22,14652,买盘
857,13:18:54,6.64,-0.02,3,1992,卖盘
858,13:18:58,6.66,0.02,4,2664,买盘
859,13:19:01,6.66,0.0,2,1332,买盘
860,13:19:09,6.65,-0.01,3,1995,卖盘
861,13:19:12,6.66,0.01,3,1998,买盘
862,13:19:18,6.65,-0.01,4,2660,卖盘
863,13:19:30,6.66,0.01,9,5994,买盘
864,13:19:33,6.66,0.0,3,1998,卖盘
865,13:19:39,6.66,0.0,3,1998,卖盘
866,13:19:54,6.66,0.0,4,2664,卖盘
867,13:19:58,6.66,0.0,53,35298,卖盘
868,13:20:01,6.66,0.0,93,61938,买盘
869,13:20:04,6.65,-0.01,3,1995,卖盘
870,13:20:12,6.65,0.0,3,1995,卖盘
871,13:20:24,6.65,0.0,25,16637,卖盘
872,13:20:34,6.65,0.0,58,38570,卖盘
873,13:20:45,6.65,0.0,4,2660,卖盘
874,13:21:00,6.65,0.0,3,1995,卖盘
875,13:21:09,6.65,0.0,3,1995,卖盘
876,13:21:12,6.66,0.01,3,1998,买盘
877,13:21:18,6.65,-0.01,3,1995,卖盘
878,13:21:30,6.65,0.0,4,2660,卖盘
879,13:21:45,6.65,0.0,3,1995,卖盘
880,13:21:51,6.65,0.0,2,1330,卖盘
881,13:22:04,6.66,0.01,14,9324,买盘
882,13:22:12,6.68,0.02,56,37363,买盘
883,13:22:24,6.66,-0.02,10,6660,卖盘
884,13:22:36,6.67,0.01,10,6670,买盘
885,13:22:57,6.66,-0.01,2,1332,卖盘
886,13:23:00,6.67,0.01,24,16008,买盘
887,13:23:04,6.67,0.0,4,2668,卖盘
888,13:23:21,6.67,0.0,7,4669,买盘
889,13:23:31,6.67,0.0,23,15333,买盘
890,13:23:33,6.67,0.0,5,3335,买盘
891,13:23:36,6.67,0.0,1,667,买盘
892,13:24:07,6.66,-0.01,274,182484,卖盘
893,13:24:16,6.66,0.0,7,4662,卖盘
894,13:24:24,6.66,0.0,11,7326,卖盘
895,13:25:33,6.67,0.01,10,6670,买盘
896,13:25:57,6.67,0.0,22,14674,买盘
897,13:26:27,6.65,-0.02,19,12635,卖盘
898,13:27:09,6.65,0.0,90,59850,卖盘
899,13:27:57,6.65,0.0,62,41230,卖盘
900,13:28:00,6.66,0.01,3,1998,买盘
901,13:28:24,6.66,0.0,13,8658,卖盘
902,13:28:36,6.67,0.01,10,6670,买盘
903,13:29:33,6.67,0.0,20,13340,买盘
904,13:30:00,6.67,0.0,5,3335,买盘
905,13:30:27,6.66,-0.01,13,8658,卖盘
906,13:31:09,6.67,0.01,15,10005,买盘
907,13:31:30,6.67,0.0,2,1334,买盘
908,13:32:06,6.67,0.0,1,667,卖盘
909,13:32:09,6.67,0.0,95,63365,卖盘
910,13:32:27,6.66,-0.01,19,12654,卖盘
911,13:32:31,6.67,0.01,27,18009,买盘
912,13:32:40,6.67,0.0,10,6670,卖盘
913,13:32:42,6.67,0.0,64,42748,卖盘
914,13:33:06,6.67,0.0,5,3335,卖盘
915,13:33:13,6.67,0.0,4,2668,卖盘
916,13:33:15,6.68,0.01,30,20039,买盘
917,13:34:27,6.66,-0.02,14,9324,卖盘
918,13:34:45,6.67,0.01,5,3335,买盘
919,13:34:51,6.67,0.0,5,3335,买盘
920,13:35:54,6.67,0.0,8,5336,卖盘
921,13:36:27,6.67,0.0,11,7337,卖盘
922,13:36:54,6.67,0.0,18,12006,卖盘
923,13:37:46,6.68,0.01,20,13359,买盘
924,13:38:06,6.68,0.0,20,13360,买盘
925,13:38:18,6.68,0.0,17,11356,买盘
926,13:38:27,6.67,-0.01,11,7337,卖盘
927,13:38:37,6.68,0.01,20,13360,买盘
928,13:38:48,6.68,0.0,2,1336,买盘
929,13:39:57,6.68,0.0,7,4676,买盘
930,13:40:27,6.68,0.0,14,9352,卖盘
931,13:41:18,6.69,0.01,32,21408,买盘
932,13:41:31,6.69,0.0,9,6021,卖盘
933,13:41:34,6.72,0.03,15,10080,买盘
934,13:41:48,6.72,0.0,12,8064,买盘
935,13:42:00,6.72,0.0,1,672,卖盘
936,13:42:10,6.73,0.01,153,102961,买盘
937,13:42:12,6.73,0.0,13,8749,卖盘
938,13:42:24,6.74,0.01,45,30324,买盘
939,13:42:28,6.74,0.0,57,38418,卖盘
940,13:42:34,6.74,0.0,26,17524,卖盘
941,13:42:36,6.75,0.01,20,13494,买盘
942,13:42:58,6.74,-0.01,1,674,卖盘
943,13:43:00,6.74,0.0,2,1348,买盘
944,13:43:04,6.75,0.01,20,13483,买盘
945,13:43:07,6.75,0.0,6,4050,买盘
946,13:43:18,6.75,0.0,2,1350,买盘
947,13:43:21,6.75,0.0,8,5400,买盘
948,13:43:27,6.72,-0.03,77,51918,卖盘
949,13:43:30,6.72,0.0,2,1344,买盘
950,13:43:48,6.72,0.0,2,1344,买盘
951,13:44:15,6.71,-0.01,20,13420,卖盘
952,13:44:27,6.7,-0.01,10,6700,卖盘
953,13:44:45,6.7,0.0,22,14740,卖盘
954,13:45:06,6.7,0.0,12,8040,卖盘
955,13:45:39,6.69,-0.01,37,24774,卖盘
956,13:45:57,6.7,0.01,2,1340,买盘
957,13:46:27,6.7,0.0,11,7370,卖盘
958,13:47:10,6.7,0.0,36,24120,卖盘
959,13:47:12,6.7,0.0,11,7370,卖盘
960,13:47:24,6.7,0.0,2,1340,卖盘
961,13:48:09,6.72,0.02,26,17452,买盘
962,13:48:18,6.74,0.02,19,12804,买盘
963,13:48:30,6.7,-0.04,15,10050,卖盘
964,13:48:39,6.75,0.05,20,13485,买盘
965,13:48:57,6.74,-0.01,10,6731,买盘
966,13:49:06,6.74,0.0,10,6740,买盘
967,13:49:12,6.74,0.0,4,2696,买盘
968,13:49:15,6.74,0.0,7,4718,卖盘
969,13:49:18,6.74,0.0,3,2022,卖盘
970,13:49:33,6.74,0.0,1,674,卖盘
971,13:49:36,6.74,0.0,24,16176,买盘
972,13:50:00,6.73,-0.01,4,2692,卖盘
973,13:50:09,6.73,0.0,1,673,卖盘
974,13:50:31,6.7,-0.03,12,8070,卖盘
975,13:51:49,6.75,0.05,3,2025,买盘
976,13:52:30,6.72,-0.03,14,9426,卖盘
977,13:53:24,6.75,0.03,3,2025,买盘
978,13:53:51,6.75,0.0,17,11475,买盘
979,13:54:12,6.75,0.0,18,12138,买盘
980,13:54:15,6.73,-0.02,83,55928,卖盘
981,13:54:31,6.76,0.03,25,16839,买盘
982,13:54:36,6.74,-0.02,2,1348,买盘
983,13:54:48,6.74,0.0,9,6066,买盘
984,13:54:55,6.73,-0.01,39,26247,卖盘
985,13:54:57,6.73,0.0,1,673,买盘
986,13:55:09,6.72,-0.01,5,3360,卖盘
987,13:55:12,6.72,0.0,1,672,买盘
988,13:55:15,6.72,0.0,1,672,买盘
989,13:55:18,6.72,0.0,1,672,买盘
990,13:55:21,6.72,0.0,1,672,买盘
991,13:55:25,6.72,0.0,1,672,买盘
992,13:56:27,6.72,0.0,12,8064,卖盘
993,13:56:30,6.71,-0.01,14,9394,卖盘
994,13:57:27,6.71,0.0,81,54351,卖盘
995,13:57:30,6.7,-0.01,2,1340,卖盘
996,13:58:12,6.72,0.02,10,6720,买盘
997,13:58:30,6.7,-0.02,10,6700,卖盘
998,13:58:48,6.7,0.0,100,67000,卖盘
999,13:59:04,6.7,0.0,69,46230,卖盘
1000,13:59:57,6.72,0.02,4,2688,买盘
1001,14:00:30,6.71,-0.01,14,9394,卖盘
1002,14:00:33,6.72,0.01,1,672,买盘
1003,14:00:39,6.72,0.0,26,17472,买盘
1004,14:00:46,6.7,-0.02,27,18102,卖盘
1005,14:01:00,6.72,0.02,7,4704,买盘
1006,14:01:18,6.7,-0.02,18,12060,卖盘
1007,14:01:34,6.7,0.0,9,6030,卖盘
1008,14:01:39,6.71,0.01,1,671,买盘
1009,14:01:42,6.71,0.0,1,671,买盘
1010,14:01:45,6.71,0.0,3,2013,买盘
1011,14:01:48,6.71,0.0,3,2013,买盘
1012,14:01:51,6.72,0.01,3,2014,买盘
1013,14:01:54,6.72,0.0,3,2016,买盘
1014,14:01:57,6.72,0.0,2,1344,买盘
1015,14:02:01,6.72,0.0,2,1344,买盘
1016,14:02:04,6.72,0.0,5,3360,买盘
1017,14:02:06,6.72,0.0,13,8736,买盘
1018,14:02:09,6.71,-0.01,4,2687,卖盘
1019,14:02:12,6.72,0.01,2,1344,买盘
1020,14:02:15,6.72,0.0,12,8064,买盘
1021,14:02:21,6.73,0.01,2,1345,买盘
1022,14:02:27,6.73,0.0,1,673,买盘
1023,14:02:31,6.73,0.0,26,17471,买盘
1024,14:02:36,6.73,0.0,23,15479,买盘
1025,14:02:39,6.73,0.0,2,1346,买盘
1026,14:02:42,6.73,0.0,18,12114,买盘
1027,14:02:45,6.73,0.0,7,4711,买盘
1028,14:02:48,6.74,0.01,8,5392,买盘
1029,14:02:51,6.74,0.0,6,4044,买盘
1030,14:02:54,6.74,0.0,2,1348,买盘
1031,14:02:58,6.74,0.0,3,2022,买盘
1032,14:03:00,6.74,0.0,41,27634,买盘
1033,14:03:06,6.75,0.01,1,675,买盘
1034,14:03:09,6.75,0.0,1,675,买盘
1035,14:03:13,6.75,0.0,1,675,买盘
1036,14:03:27,6.75,0.0,2,1350,买盘
1037,14:03:39,6.76,0.01,4,2704,买盘
1038,14:04:10,6.76,0.0,5,3380,买盘
1039,14:04:12,6.76,0.0,10,6760,买盘
1040,14:04:30,6.75,-0.01,14,9450,卖盘
1041,14:04:36,6.76,0.01,24,16210,买盘
1042,14:04:57,6.75,-0.01,44,29700,卖盘
1043,14:05:06,6.75,0.0,10,6750,买盘
1044,14:05:09,6.75,0.0,21,14175,买盘
1045,14:05:27,6.75,0.0,14,9450,卖盘
1046,14:05:33,6.76,0.01,26,17576,买盘
1047,14:05:48,6.76,0.0,6,4056,买盘
1048,14:06:01,6.77,0.01,11,7446,买盘
1049,14:06:15,6.77,0.0,5,3385,买盘
1050,14:06:21,6.76,-0.01,20,13520,卖盘
1051,14:06:24,6.77,0.01,15,10155,买盘
1052,14:06:30,6.76,-0.01,20,13520,卖盘
1053,14:06:39,6.77,0.01,13,8801,买盘
1054,14:06:46,6.77,0.0,30,20310,买盘
1055,14:06:48,6.77,0.0,23,15571,买盘
1056,14:07:18,6.77,0.0,22,14894,买盘
1057,14:07:21,6.77,0.0,30,20310,买盘
1058,14:07:27,6.77,0.0,22,14894,卖盘
1059,14:07:30,6.77,0.0,1,677,卖盘
1060,14:08:06,6.77,0.0,2,1354,买盘
1061,14:08:31,6.76,-0.01,11,7436,卖盘
1062,14:08:33,6.77,0.01,7,4739,买盘
1063,14:08:39,6.76,-0.01,20,13520,卖盘
1064,14:09:15,6.77,0.01,6,4062,买盘
1065,14:09:30,6.76,-0.01,25,16900,卖盘
1066,14:09:39,6.76,0.0,50,33800,卖盘
1067,14:09:42,6.76,0.0,1,676,卖盘
1068,14:09:45,6.76,0.0,1,676,卖盘
1069,14:09:48,6.77,0.01,6,4062,买盘
1070,14:10:04,6.74,-0.03,327,220621,卖盘
1071,14:10:22,6.74,0.0,18,12132,卖盘
1072,14:10:30,6.72,-0.02,17,11456,卖盘
1073,14:11:25,6.74,0.02,10,6740,卖盘
1074,14:11:30,6.74,0.0,13,8762,买盘
1075,14:12:12,6.73,-0.01,39,26273,卖盘
1076,14:12:15,6.73,0.0,87,58551,卖盘
1077,14:12:18,6.73,0.0,2,1346,买盘
1078,14:12:22,6.73,0.0,2,1346,买盘
1079,14:12:24,6.73,0.0,4,2692,买盘
1080,14:12:27,6.73,0.0,16,10768,买盘
1081,14:12:30,6.72,-0.01,14,9411,卖盘
1082,14:12:33,6.73,0.01,37,24901,买盘
1083,14:12:36,6.73,0.0,19,12787,买盘
1084,14:14:30,6.75,0.02,11,7425,卖盘
1085,14:14:57,6.76,0.01,19,12844,买盘
1086,14:15:09,6.78,0.02,36,24387,买盘
1087,14:15:30,6.78,0.0,4,2712,买盘
1088,14:15:42,6.78,0.0,1,678,买盘
1089,14:15:45,6.78,0.0,12,8136,买盘
1090,14:15:55,6.78,0.0,40,27120,买盘
1091,14:15:58,6.79,0.01,5,3395,买盘
1092,14:16:15,6.79,0.0,74,50246,买盘
1093,14:16:24,6.79,0.0,22,14938,卖盘
1094,14:16:27,6.79,0.0,6,4076,卖盘
1095,14:16:30,6.78,-0.01,19,12885,卖盘
1096,14:17:15,6.79,0.01,4,2716,买盘
1097,14:17:18,6.79,0.0,5,3395,买盘
1098,14:17:36,6.79,0.0,10,6790,买盘
1099,14:17:51,6.79,0.0,4,2716,买盘
1100,14:18:03,6.8,0.01,101,68667,买盘
1101,14:18:33,6.79,-0.01,11,7469,中性盘
1102,14:19:00,6.8,0.01,10,6800,买盘
1103,14:19:16,6.8,0.0,34,23120,买盘
1104,14:19:33,6.8,0.0,6,4080,买盘
1105,14:19:40,6.8,0.0,55,37400,卖盘
1106,14:19:48,6.81,0.01,7,4767,买盘
1107,14:19:54,6.81,0.0,35,23835,买盘
1108,14:20:18,6.83,0.02,10,6830,买盘
1109,14:20:33,6.8,-0.03,14,9530,卖盘
1110,14:20:42,6.83,0.03,146,99611,买盘
1111,14:20:45,6.81,-0.02,11,7491,卖盘
1112,14:21:18,6.8,-0.01,20,13600,卖盘
1113,14:21:31,6.81,0.01,101,68781,买盘
1114,14:21:42,6.81,0.0,30,20430,买盘
1115,14:22:00,6.8,-0.01,68,46240,卖盘
1116,14:22:12,6.8,0.0,20,13600,卖盘
1117,14:22:18,6.8,0.0,19,12920,卖盘
1118,14:22:30,6.79,-0.01,157,106603,卖盘
1119,14:22:33,6.78,-0.01,12,8136,卖盘
1120,14:23:06,6.78,0.0,198,134244,卖盘
1121,14:23:42,6.79,0.01,20,13573,买盘
1122,14:24:12,6.78,-0.01,11,7458,卖盘
1123,14:24:18,6.78,0.0,49,33222,卖盘
1124,14:24:33,6.76,-0.02,18,12168,卖盘
1125,14:24:57,6.77,0.01,22,14894,卖盘
1126,14:25:18,6.78,0.01,4,2712,买盘
1127,14:25:33,6.77,-0.01,200,135400,卖盘
1128,14:25:36,6.77,0.0,28,18956,卖盘
1129,14:25:39,6.77,0.0,5,3385,买盘
1130,14:25:48,6.77,0.0,17,11509,买盘
1131,14:26:33,6.77,0.0,16,10833,卖盘
1132,14:27:15,6.77,0.0,23,15571,卖盘
1133,14:27:24,6.8,0.03,16,10880,买盘
1134,14:28:33,6.77,-0.03,12,8124,卖盘
1135,14:28:39,6.77,0.0,10,6770,卖盘
1136,14:29:03,6.8,0.03,5,3400,买盘
1137,14:29:27,6.8,0.0,20,13600,买盘
1138,14:29:55,6.8,0.0,12,8160,买盘
1139,14:30:21,6.8,0.0,2,1360,买盘
1140,14:30:33,6.78,-0.02,11,7458,卖盘
1141,14:31:19,6.78,0.0,10,6780,买盘
1142,14:31:57,6.79,0.01,5,3395,卖盘
1143,14:32:21,6.79,0.0,1,679,卖盘
1144,14:32:33,6.79,0.0,13,8827,卖盘
1145,14:33:09,6.8,0.01,14,9520,买盘
1146,14:34:25,6.81,0.01,7,4767,买盘
1147,14:34:33,6.8,-0.01,19,12920,卖盘
1148,14:34:42,6.81,0.01,10,6810,买盘
1149,14:35:00,6.81,0.0,1,681,买盘
1150,14:35:09,6.82,0.01,37,25234,买盘
1151,14:35:12,6.83,0.01,4,2732,买盘
1152,14:35:21,6.82,-0.01,1,682,卖盘
1153,14:35:25,6.83,0.01,29,19807,买盘
1154,14:36:12,6.83,0.0,32,21856,买盘
1155,14:36:24,6.82,-0.01,10,6820,卖盘
1156,14:36:30,6.82,0.0,14,9548,卖盘
1157,14:36:33,6.82,0.0,18,12276,卖盘
1158,14:36:37,6.82,0.0,18,12276,卖盘
1159,14:37:27,6.81,-0.01,20,13620,卖盘
1160,14:37:42,6.81,0.0,16,10896,卖盘
1161,14:37:48,6.81,0.0,100,68100,卖盘
1162,14:37:51,6.82,0.01,70,47740,买盘
1163,14:38:13,6.82,0.0,98,66836,卖盘
1164,14:38:33,6.82,0.0,20,13640,卖盘
1165,14:38:57,6.83,0.01,70,47810,买盘
1166,14:39:45,6.83,0.0,23,15709,买盘
1167,14:39:55,6.83,0.0,12,8196,卖盘
1168,14:40:21,6.83,0.0,13,8868,买盘
1169,14:40:33,6.82,-0.01,12,8184,卖盘
1170,14:40:54,6.82,0.0,11,7502,卖盘
1171,14:41:06,6.82,0.0,75,51150,卖盘
1172,14:41:10,6.83,0.01,6,4098,买盘
1173,14:41:21,6.83,0.0,11,7513,卖盘
1174,14:41:27,6.83,0.0,1,683,买盘
1175,14:41:33,6.82,-0.01,2,1364,卖盘
1176,14:41:51,6.82,0.0,62,42284,卖盘
1177,14:42:15,6.82,0.0,6,4092,卖盘
1178,14:42:36,6.82,0.0,2,1364,卖盘
1179,14:42:42,6.83,0.01,1,683,买盘
1180,14:42:51,6.83,0.0,18,12294,买盘
1181,14:43:04,6.83,0.0,20,13660,卖盘
1182,14:43:12,6.83,0.0,20,13660,卖盘
1183,14:43:21,6.84,0.01,2,1368,买盘
1184,14:43:30,6.83,-0.01,50,34150,卖盘
1185,14:43:36,6.84,0.01,8,5472,买盘
1186,14:43:42,6.83,-0.01,30,20490,卖盘
1187,14:43:54,6.83,0.0,4,2732,卖盘
1188,14:44:00,6.84,0.01,2,1368,买盘
1189,14:44:33,6.83,-0.01,1,683,卖盘
1190,14:44:36,6.84,0.01,14,9576,买盘
1191,14:45:00,6.85,0.01,29,19865,买盘
1192,14:45:06,6.85,0.0,3,2055,买盘
1193,14:45:36,6.85,0.0,3,2055,买盘
1194,14:45:39,6.85,0.0,25,17125,买盘
1195,14:45:45,6.84,-0.01,20,13680,卖盘
1196,14:45:51,6.85,0.01,16,10960,买盘
1197,14:46:09,6.84,-0.01,3,2052,买盘
1198,14:46:48,6.83,-0.01,4,2732,卖盘
1199,14:47:21,6.84,0.01,4,2736,买盘
1200,14:48:36,6.84,0.0,50,34200,买盘
1201,14:48:39,6.83,-0.01,1,683,卖盘
1202,14:49:00,6.83,0.0,101,68983,卖盘
1203,14:49:07,6.83,0.0,50,34150,卖盘
1204,14:49:10,6.83,0.0,395,269785,卖盘
1205,14:49:15,6.83,0.0,25,17075,卖盘
1206,14:49:18,6.83,0.0,27,18441,卖盘
1207,14:49:21,6.83,0.0,40,27320,卖盘
1208,14:49:25,6.83,0.0,2,1366,卖盘
1209,14:49:51,6.82,-0.01,9,6140,卖盘
1210,14:49:54,6.82,0.0,50,34100,卖盘
1211,14:50:04,6.82,0.0,13,8866,买盘
1212,14:50:06,6.82,0.0,15,10230,买盘
1213,14:50:45,6.8,-0.02,5,3400,卖盘
1214,14:50:48,6.8,0.0,8,5440,卖盘
1215,14:50:51,6.8,0.0,5,3400,卖盘
1216,14:51:04,6.82,0.02,10,6820,买盘
1217,14:51:51,6.8,-0.02,13,8840,卖盘
1218,14:52:09,6.8,0.0,10,6800,买盘
1219,14:52:12,6.8,0.0,34,23120,买盘
1220,14:52:16,6.8,0.0,2,1360,买盘
1221,14:52:30,6.8,0.0,2,1360,买盘
1222,14:52:33,6.8,0.0,2,1360,买盘
1223,14:52:37,6.8,0.0,2,1360,买盘
1224,14:52:40,6.8,0.0,2,1360,买盘
1225,14:52:42,6.8,0.0,21,14280,买盘
1226,14:52:45,6.8,0.0,1,680,买盘
1227,14:52:48,6.8,0.0,2,1360,买盘
1228,14:52:51,6.8,0.0,12,8160,买盘
1229,14:52:54,6.8,0.0,1,680,买盘
1230,14:52:57,6.8,0.0,1,680,买盘
1231,14:53:01,6.8,0.0,24,16320,买盘
1232,14:53:09,6.8,0.0,40,27200,卖盘
1233,14:53:18,6.8,0.0,10,6800,卖盘
1234,14:53:30,6.8,0.0,14,9520,卖盘
1235,14:53:45,6.82,0.02,6,4092,买盘
1236,14:54:00,6.81,-0.01,7,4767,买盘
1237,14:54:04,6.81,0.0,3,2043,卖盘
1238,14:54:19,6.81,0.0,10,6810,卖盘
1239,14:54:21,6.82,0.01,3,2046,买盘
1240,14:54:36,6.82,0.0,31,21142,买盘
1241,14:54:49,6.82,0.0,4,2728,买盘
1242,14:55:30,6.81,-0.01,24,16344,卖盘
1243,14:56:15,6.81,0.0,34,23129,买盘
1244,14:56:24,6.81,0.0,13,8853,卖盘
1245,14:56:27,6.82,0.01,43,29326,买盘
1246,14:56:33,6.82,0.0,22,15004,买盘
1247,14:56:39,6.82,0.0,6,4092,买盘
1248,14:56:45,6.82,0.0,20,13640,买盘
1249,14:56:57,6.82,0.0,10,6820,买盘
1250,14:57:00,6.82,0.0,10,6820,买盘
1251,15:00:04,6.8,-0.02,364,247520,卖盘
