,time,price,change,volume,amount,type
0,09:25:04,7.39,0.1,96,70944,卖盘
1,09:30:01,7.4,0.01,20,14800,买盘
2,09:30:04,7.41,0.01,30,22230,买盘
3,09:30:07,7.4,-0.01,23,17020,卖盘
4,09:30:37,7.44,0.04,22,16362,买盘
5,09:31:01,7.42,-0.02,1,742,卖盘
6,09:31:19,7.42,0.0,1,742,买盘
7,09:31:31,7.41,-0.01,7,5187,卖盘
8,09:31:49,7.41,0.0,174,128934,卖盘
9,09:31:55,7.41,0.0,5,3705,卖盘
10,09:32:01,7.41,0.0,21,15561,卖盘
11,09:32:04,7.4,-0.01,3,2220,卖盘
12,09:32:07,7.4,0.0,30,22200,卖盘
13,09:32:13,7.4,0.0,2,1480,卖盘
14,09:32:19,7.4,0.0,1,740,卖盘
15,09:32:25,7.41,0.01,1,741,买盘
16,09:32:42,7.4,-0.01,9,6660,卖盘
17,09:32:46,7.4,0.0,13,9620,买盘
18,09:33:04,7.39,-0.01,20,14780,卖盘
19,09:33:19,7.39,0.0,23,16997,卖盘
20,09:33:28,7.39,0.0,5,3695,卖盘
21,09:33:57,7.39,0.0,20,14780,卖盘
22,09:34:13,7.39,0.0,41,30299,卖盘
23,09:34:16,7.39,0.0,100,73900,卖盘
24,09:34:19,7.37,-0.02,32,23622,卖盘
25,09:34:25,7.37,0.0,2,1474,卖盘
26,09:34:34,7.37,0.0,11,8107,卖盘
27,09:34:40,7.39,0.02,20,14780,买盘
28,09:34:43,7.39,0.0,78,57642,买盘
29,09:34:51,7.39,0.0,42,31038,卖盘
30,09:35:01,7.38,-0.01,10,7380,卖盘
31,09:35:04,7.39,0.01,5,3695,买盘
32,09:35:28,7.38,-0.01,2,1476,卖盘
33,09:35:43,7.37,-0.01,20,14744,卖盘
34,09:36:01,7.38,0.01,29,21402,卖盘
35,09:36:06,7.38,0.0,1,738,卖盘
36,09:36:22,7.37,-0.01,14,10318,卖盘
37,09:36:28,7.37,0.0,5,3685,卖盘
38,09:36:43,7.38,0.01,31,22878,买盘
39,09:37:12,7.39,0.01,47,34733,买盘
40,09:37:28,7.4,0.01,22,16280,买盘
41,09:37:51,7.39,-0.01,7,5173,买盘
42,09:38:13,7.39,0.0,20,14780,卖盘
43,09:38:28,7.4,0.01,70,51742,买盘
44,09:38:37,7.4,0.0,51,37740,买盘
45,09:38:40,7.4,0.0,18,13320,买盘
46,09:38:58,7.4,0.0,50,37000,卖盘
47,09:39:10,7.4,0.0,3,2220,买盘
48,09:39:28,7.4,0.0,14,10360,买盘
49,09:39:31,7.4,0.0,58,42920,买盘
50,09:39:39,7.4,0.0,1,740,卖盘
51,09:39:42,7.41,0.01,4,2964,买盘
52,09:40:04,7.41,0.0,10,7410,买盘
53,09:40:09,7.4,-0.01,11,8140,卖盘
54,09:40:25,7.39,-0.01,2,1478,卖盘
55,09:40:28,7.4,0.01,10,7400,买盘
56,09:40:33,7.39,-0.01,28,20692,卖盘
57,09:40:55,7.38,-0.01,9,6642,卖盘
58,09:42:01,7.39,0.01,30,22170,买盘
59,09:43:49,7.38,-0.01,11,8118,卖盘
60,09:44:37,7.39,0.01,2,1478,买盘
61,09:44:43,7.39,0.0,1,739,买盘
62,09:44:52,7.38,-0.01,50,36900,卖盘
63,09:45:04,7.38,0.0,60,44280,卖盘
64,09:45:12,7.38,0.0,9,6642,卖盘
65,09:45:16,7.39,0.01,72,53207,买盘
66,09:45:40,7.38,-0.01,11,8118,买盘
67,09:45:46,7.37,-0.01,100,73768,卖盘
68,09:46:58,7.39,0.02,1,739,买盘
69,09:48:06,7.37,0.0,27,19899,卖盘
70,09:48:25,7.39,0.02,67,49463,买盘
71,09:49:36,7.38,-0.01,2,1476,卖盘
72,09:50:09,7.38,0.0,7,5166,卖盘
73,09:50:39,7.37,-0.01,74,54339,卖盘
74,09:50:43,7.36,-0.01,1,736,卖盘
75,09:52:04,7.36,0.0,2,1472,卖盘
76,09:52:22,7.36,0.0,2,1472,卖盘
77,09:53:19,7.37,0.01,15,11055,买盘
78,09:53:22,7.36,-0.01,11,8096,卖盘
79,09:54:01,7.36,0.0,69,50784,卖盘
80,09:54:30,7.35,-0.01,1,735,卖盘
81,09:54:52,7.35,0.0,13,9555,卖盘
82,09:55:00,7.35,0.0,3,2205,卖盘
83,09:55:37,7.35,0.0,7,5145,买盘
84,09:57:27,7.36,0.01,135,99360,买盘
85,09:57:31,7.37,0.01,1,737,买盘
86,09:57:52,7.35,-0.02,11,8085,卖盘
87,09:58:15,7.37,0.02,15,11055,买盘
88,09:59:06,7.37,0.0,1,737,买盘
89,09:59:10,7.37,0.0,1,737,买盘
90,09:59:13,7.37,0.0,1,737,买盘
91,09:59:16,7.37,0.0,1,737,买盘
92,09:59:19,7.37,0.0,1,737,买盘
93,09:59:22,7.37,0.0,1,737,买盘
94,09:59:25,7.37,0.0,3,2410,买盘
95,09:59:36,7.38,0.01,128,94464,买盘
96,10:00:16,7.39,0.01,35,25865,买盘
97,10:00:46,7.39,0.0,15,11085,卖盘
98,10:01:01,7.38,-0.01,3,2214,卖盘
99,10:01:15,7.38,0.0,30,22140,卖盘
100,10:01:36,7.38,0.0,13,9594,卖盘
101,10:03:40,7.37,-0.01,5,3685,卖盘
102,10:03:43,7.37,0.0,5,4054,卖盘
103,10:04:33,7.37,0.0,13,9581,卖盘
104,10:04:37,7.38,0.01,18,13284,买盘
105,10:05:40,7.38,0.0,96,70848,卖盘
106,10:05:42,7.37,-0.01,2,1474,卖盘
107,10:08:09,7.37,0.0,10,7370,卖盘
108,10:08:42,7.37,0.0,11,8107,卖盘
109,10:10:25,7.38,0.01,4,2952,买盘
110,10:10:27,7.38,0.0,8,5904,买盘
111,10:10:30,7.38,0.0,4,2952,买盘
112,10:10:51,7.38,0.0,5,3690,买盘
113,10:11:27,7.38,0.0,6,4428,买盘
114,10:11:31,7.38,0.0,52,38376,买盘
115,10:11:46,7.38,0.0,65,47970,买盘
116,10:13:16,7.38,0.0,10,7380,买盘
117,10:15:36,7.38,0.0,1,738,买盘
118,10:16:52,7.38,0.0,1,738,买盘
119,10:17:19,7.38,0.0,4,2952,买盘
120,10:17:49,7.38,0.0,1,738,买盘
121,10:18:48,7.38,0.0,24,17491,买盘
122,10:20:04,7.38,0.0,1,738,卖盘
123,10:20:06,7.38,0.0,20,14760,卖盘
124,10:20:49,7.38,0.0,5,3764,卖盘
125,10:21:51,7.38,0.0,16,11808,卖盘
126,10:22:42,7.38,0.0,6,4428,卖盘
127,10:23:10,7.38,0.0,15,11070,买盘
128,10:23:27,7.38,0.0,1,738,买盘
129,10:23:31,7.37,-0.01,7,5159,卖盘
130,10:24:09,7.37,0.0,100,73700,卖盘
131,10:24:55,7.38,0.01,7,5018,买盘
132,10:25:04,7.38,0.0,3,2362,卖盘
133,10:25:06,7.37,-0.01,1,737,卖盘
134,10:25:36,7.38,0.01,16,11660,买盘
135,10:25:58,7.38,0.0,30,22288,卖盘
136,10:28:18,7.38,0.0,1,738,买盘
137,10:28:21,7.38,0.0,1,738,买盘
138,10:28:42,7.37,-0.01,8,5896,卖盘
139,10:30:21,7.37,0.0,13,9014,卖盘
140,10:30:24,7.36,-0.01,1,736,卖盘
141,10:30:54,7.36,0.0,50,36800,卖盘
142,10:30:57,7.35,-0.01,1,735,卖盘
143,10:32:03,7.35,0.0,5,3675,卖盘
144,10:32:48,7.36,0.01,4,2944,买盘
145,10:33:54,7.35,-0.01,11,8085,卖盘
146,10:36:18,7.36,0.01,1,736,买盘
147,10:36:55,7.36,0.0,25,18967,买盘
148,10:37:27,7.36,0.0,1,169,买盘
149,10:37:30,7.35,-0.01,2,1470,卖盘
150,10:37:39,7.35,0.0,26,19110,卖盘
151,10:41:42,7.36,0.01,30,22080,买盘
152,10:42:45,7.36,0.0,1,736,买盘
153,10:43:25,7.36,0.0,5,3680,买盘
154,10:43:42,7.36,0.0,1,1303,买盘
155,10:45:24,7.36,0.0,11,8096,卖盘
156,10:45:51,7.36,0.0,1,736,卖盘
157,10:46:16,7.37,0.01,15,11055,买盘
158,10:47:51,7.37,0.0,2,1474,买盘
159,10:48:55,7.37,0.0,4,2948,买盘
160,10:49:13,7.37,0.0,1,737,买盘
161,10:50:27,7.36,-0.01,51,37536,卖盘
162,10:50:51,7.38,0.02,237,174721,买盘
163,10:51:09,7.38,0.0,23,17122,卖盘
164,10:51:13,7.36,-0.02,1,169,买盘
165,10:51:18,7.36,0.0,4,3511,买盘
166,10:53:30,7.38,0.02,15,11070,买盘
167,10:55:07,7.37,-0.01,4,2948,卖盘
168,10:55:21,7.37,0.0,3,2211,买盘
169,10:56:45,7.36,-0.01,3,2208,卖盘
170,10:57:48,7.37,0.01,3,2211,卖盘
171,10:58:28,7.38,0.01,1,738,买盘
172,10:59:09,7.38,0.0,51,37490,买盘
173,11:00:09,7.38,0.0,9,6642,卖盘
174,11:00:21,7.38,0.0,14,10480,卖盘
175,11:00:27,7.36,-0.02,3,2208,卖盘
176,11:01:30,7.37,0.01,3,2211,卖盘
177,11:01:39,7.37,0.0,4,2948,卖盘
178,11:02:36,7.37,0.0,3,2211,卖盘
179,11:03:45,7.37,0.0,15,11055,卖盘
180,11:04:01,7.36,-0.01,35,25760,卖盘
181,11:04:45,7.36,0.0,10,7360,卖盘
182,11:04:54,7.36,0.0,3,2208,卖盘
183,11:05:21,7.37,0.01,6,4422,买盘
184,11:06:09,7.36,-0.01,3,2208,卖盘
185,11:06:45,7.36,0.0,54,39177,卖盘
186,11:06:48,7.35,-0.01,1,735,卖盘
187,11:07:00,7.35,0.0,1,735,卖盘
188,11:07:10,7.35,0.0,1,735,卖盘
189,11:07:16,7.35,0.0,3,2205,卖盘
190,11:07:21,7.36,0.01,16,11776,买盘
191,11:08:36,7.35,-0.01,4,2940,卖盘
192,11:10:00,7.35,0.0,3,2205,卖盘
193,11:10:21,7.36,0.01,345,254045,买盘
194,11:11:06,7.36,0.0,5,3555,卖盘
195,11:11:18,7.36,0.0,6,4416,买盘
196,11:12:13,7.35,-0.01,3,2205,卖盘
197,11:12:27,7.36,0.01,17,12637,买盘
198,11:13:25,7.36,0.0,3,2083,卖盘
199,11:14:42,7.35,-0.01,4,2940,卖盘
200,11:15:07,7.36,0.01,1,736,买盘
201,11:15:42,7.35,-0.01,3,2205,卖盘
202,11:16:06,7.36,0.01,6,4416,买盘
203,11:17:04,7.35,-0.01,3,2205,卖盘
204,11:17:25,7.36,0.01,1,736,买盘
205,11:17:54,7.36,0.0,2,1472,买盘
206,11:18:18,7.35,-0.01,3,2205,卖盘
207,11:19:39,7.35,0.0,4,2940,卖盘
208,11:20:36,7.35,0.0,53,39005,卖盘
209,11:21:16,7.36,0.01,3,2208,买盘
210,11:21:36,7.36,0.0,1,736,买盘
211,11:21:45,7.35,-0.01,3,2205,卖盘
212,11:22:45,7.36,0.01,2,1472,买盘
213,11:23:04,7.35,-0.01,3,2205,卖盘
214,11:24:09,7.35,0.0,4,2940,卖盘
215,11:25:18,7.35,0.0,3,2205,卖盘
216,11:26:45,7.35,0.0,3,2205,卖盘
217,11:27:48,7.35,0.0,3,2205,卖盘
218,11:28:04,7.36,0.01,1,736,买盘
219,11:28:06,7.35,-0.01,1,735,卖盘
220,11:28:49,7.36,0.01,31,22941,买盘
221,11:29:04,7.36,0.0,3,2208,卖盘
222,13:00:07,7.36,0.0,5,3680,卖盘
223,13:00:15,7.36,0.0,4,2944,卖盘
224,13:01:36,7.36,0.0,37,27232,卖盘
225,13:01:57,7.38,0.02,95,70094,买盘
226,13:02:48,7.36,-0.02,1,611,买盘
227,13:03:57,7.35,-0.01,3,2205,卖盘
228,13:04:33,7.36,0.01,1,736,买盘
229,13:05:04,7.35,-0.01,4,2940,卖盘
230,13:05:51,7.35,0.0,140,102900,卖盘
231,13:05:54,7.34,-0.01,1,734,卖盘
232,13:06:09,7.34,0.0,3,2202,卖盘
233,13:06:21,7.34,0.0,6,4404,卖盘
234,13:06:27,7.34,0.0,61,44774,卖盘
235,13:06:33,7.33,-0.01,2,1466,卖盘
236,13:07:27,7.33,0.0,3,2199,卖盘
237,13:08:09,7.32,-0.01,105,76869,卖盘
238,13:08:30,7.32,0.0,3,2196,卖盘
239,13:09:54,7.32,0.0,4,2928,卖盘
240,13:10:42,7.34,0.02,9,6606,买盘
241,13:11:15,7.34,0.0,1,734,卖盘
242,13:11:18,7.32,-0.02,1,732,卖盘
243,13:12:12,7.32,0.0,3,2196,卖盘
244,13:12:27,7.32,0.0,100,73200,卖盘
245,13:13:36,7.32,0.0,3,2196,卖盘
246,13:14:00,7.32,0.0,15,10980,卖盘
247,13:14:04,7.31,-0.01,1,731,卖盘
248,13:14:30,7.32,0.01,1,732,中性盘
249,13:14:42,7.31,-0.01,3,2193,卖盘
250,13:15:34,7.32,0.01,3,2196,卖盘
251,13:16:04,7.31,-0.01,4,2924,卖盘
252,13:16:54,7.31,0.0,3,2193,卖盘
253,13:17:10,7.31,0.0,8,6214,卖盘
254,13:18:09,7.31,0.0,3,2193,卖盘
255,13:19:22,7.31,0.0,3,2193,卖盘
256,13:19:49,7.31,0.0,2,1462,卖盘
257,13:20:39,7.31,0.0,4,2924,卖盘
258,13:22:04,7.31,0.0,3,2193,卖盘
259,13:23:06,7.31,0.0,7,5117,卖盘
260,13:23:13,7.31,0.0,3,2193,卖盘
261,13:23:57,7.32,0.01,1,732,买盘
262,13:24:00,7.31,-0.01,2,1462,卖盘
263,13:24:21,7.31,0.0,3,2193,卖盘
264,13:25:27,7.31,0.0,4,2924,卖盘
265,13:26:45,7.31,0.0,3,2193,卖盘
266,13:27:43,7.31,0.0,3,2193,卖盘
267,13:28:24,7.31,0.0,6,4386,卖盘
268,13:29:07,7.31,0.0,1,366,买盘
269,13:29:09,7.31,0.0,36,26678,买盘
270,13:30:13,7.31,0.0,1,366,买盘
271,13:30:28,7.3,-0.01,3,2190,卖盘
272,13:31:22,7.3,0.0,4,2920,卖盘
273,13:32:07,7.3,0.0,15,10950,卖盘
274,13:32:09,7.31,0.01,70,51170,买盘
275,13:32:15,7.3,-0.01,3,2190,卖盘
276,13:32:58,7.3,0.0,3,2190,卖盘
277,13:33:24,7.3,-0.01,89,64612,卖盘
278,13:33:31,7.3,0.0,20,14965,买盘
279,13:33:58,7.3,0.0,2,1461,卖盘
280,13:34:06,7.3,0.0,3,2190,卖盘
281,13:34:16,7.3,0.0,30,21900,卖盘
282,13:35:07,7.3,0.0,1,365,买盘
283,13:35:15,7.3,0.0,5,4015,买盘
284,13:35:18,7.3,0.0,5,3650,卖盘
285,13:35:46,7.3,0.0,1,730,卖盘
286,13:36:34,7.3,0.0,3,1825,卖盘
287,13:37:31,7.29,-0.01,3,2187,卖盘
288,13:38:24,7.29,0.0,40,29160,卖盘
289,13:38:39,7.29,0.0,3,2187,卖盘
290,13:38:45,7.29,0.0,8,5832,卖盘
291,13:39:54,7.29,0.0,3,2187,卖盘
292,13:40:34,7.3,0.01,24,17885,买盘
293,13:41:24,7.3,0.0,3,2190,卖盘
294,13:42:22,7.3,0.0,4,2920,卖盘
295,13:43:25,7.31,0.01,1,731,买盘
296,13:43:42,7.3,-0.01,3,2190,卖盘
297,13:43:51,7.31,0.01,8,5921,买盘
298,13:44:34,7.31,0.0,3,2193,卖盘
299,13:45:21,7.31,0.0,45,32822,卖盘
300,13:46:04,7.3,-0.01,3,2190,卖盘
301,13:46:21,7.31,0.01,10,7310,买盘
302,13:47:00,7.3,-0.01,4,2920,卖盘
303,13:48:09,7.3,0.0,3,2190,卖盘
304,13:49:37,7.3,0.0,3,2190,卖盘
305,13:49:48,7.31,0.01,1,731,买盘
306,13:50:33,7.3,-0.01,3,2190,卖盘
307,13:50:36,7.3,0.0,5,3650,卖盘
308,13:51:54,7.3,0.0,4,2920,卖盘
309,13:52:27,7.3,0.0,6,4380,卖盘
310,13:53:04,7.3,0.0,6,4380,卖盘
311,13:53:21,7.3,0.0,3,2190,卖盘
312,13:54:24,7.3,0.0,3,2190,卖盘
313,13:55:34,7.3,0.0,3,2190,卖盘
314,13:55:39,7.3,0.0,7,5110,卖盘
315,13:56:36,7.31,0.01,50,36550,买盘
316,13:56:45,7.3,-0.01,3,2190,卖盘
317,13:57:09,7.3,0.0,1,730,卖盘
318,13:58:01,7.3,0.0,4,2920,卖盘
319,13:59:19,7.3,0.0,3,2190,卖盘
320,13:59:37,7.3,0.0,2,1460,卖盘
321,13:59:39,7.3,0.0,3,2190,卖盘
322,13:59:43,7.3,0.0,1,949,卖盘
323,13:59:48,7.3,0.0,32,23360,卖盘
324,14:00:12,7.3,0.0,3,2190,卖盘
325,14:00:22,7.3,0.0,1,730,卖盘
326,14:00:34,7.3,0.0,4,2920,卖盘
327,14:01:46,7.3,0.0,3,2190,卖盘
328,14:02:40,7.3,0.0,6,4380,卖盘
329,14:02:46,7.3,0.0,4,2920,卖盘
330,14:02:49,7.31,0.01,2,1461,买盘
331,14:02:52,7.3,-0.01,1,730,卖盘
332,14:03:00,7.3,0.0,20,14600,卖盘
333,14:03:10,7.3,0.0,8,5840,卖盘
334,14:03:51,7.3,0.0,3,2190,卖盘
335,14:04:57,7.3,0.0,3,2190,卖盘
336,14:06:30,7.3,0.0,3,2190,卖盘
337,14:06:42,7.3,0.0,19,13286,卖盘
338,14:06:46,7.29,-0.01,16,11664,卖盘
339,14:07:36,7.29,0.0,4,2916,卖盘
340,14:08:45,7.29,0.0,3,2187,卖盘
341,14:09:18,7.29,0.0,11,8019,卖盘
342,14:09:54,7.29,0.0,3,2187,卖盘
343,14:10:58,7.29,0.0,3,2187,卖盘
344,14:11:01,7.28,-0.01,1,728,卖盘
345,14:11:27,7.28,0.0,11,8008,卖盘
346,14:12:12,7.28,0.0,3,2184,卖盘
347,14:12:49,7.29,0.01,1,729,卖盘
348,14:12:52,7.28,-0.01,1,728,卖盘
349,14:13:45,7.28,0.0,24,17472,卖盘
350,14:14:37,7.28,0.0,1,728,卖盘
351,14:15:16,7.27,-0.01,89,64703,卖盘
352,14:15:19,7.26,-0.01,2,1452,卖盘
353,14:15:57,7.26,0.0,11,7986,卖盘
354,14:16:06,7.26,0.0,19,13794,卖盘
355,14:16:10,7.27,0.01,15,10905,买盘
356,14:16:13,7.26,-0.01,3,2178,卖盘
357,14:17:07,7.26,0.0,3,2178,卖盘
358,14:18:12,7.26,0.0,16,11628,卖盘
359,14:18:16,7.28,0.02,10,7280,买盘
360,14:18:34,7.28,0.0,11,8008,买盘
361,14:19:28,7.27,-0.01,1,727,卖盘
362,14:19:31,7.26,-0.01,1,726,卖盘
363,14:19:54,7.26,0.0,50,36300,卖盘
364,14:20:00,7.27,0.01,20,14540,买盘
365,14:20:55,7.26,-0.01,3,2178,卖盘
366,14:22:06,7.27,0.01,3,2181,卖盘
367,14:23:09,7.28,0.01,8,5824,卖盘
368,14:23:55,7.28,0.0,3,2184,买盘
369,14:24:06,7.27,-0.01,3,2181,卖盘
370,14:24:43,7.27,0.0,10,7270,卖盘
371,14:25:03,7.27,0.0,1,727,卖盘
372,14:25:22,7.27,0.0,3,2181,卖盘
373,14:26:18,7.27,0.0,3,2181,卖盘
374,14:26:25,7.27,0.0,13,9451,卖盘
375,14:26:42,7.27,0.0,15,10905,卖盘
376,14:26:46,7.27,0.0,11,7997,卖盘
377,14:27:07,7.27,0.0,7,5089,卖盘
378,14:27:09,7.27,0.0,2,1454,卖盘
379,14:28:22,7.27,0.0,5,3635,卖盘
380,14:29:27,7.27,0.0,11,7997,卖盘
381,14:29:30,7.27,0.0,1,727,卖盘
382,14:29:34,7.27,0.0,2,1454,卖盘
383,14:29:36,7.28,0.01,52,37855,买盘
384,14:30:13,7.28,0.0,2,1456,卖盘
385,14:30:16,7.28,0.0,6,4368,卖盘
386,14:30:18,7.28,0.0,4,2912,卖盘
387,14:30:21,7.28,0.0,5,3640,卖盘
388,14:30:25,7.28,0.0,6,4368,卖盘
389,14:30:27,7.28,0.0,4,2912,卖盘
390,14:30:30,7.27,-0.01,25,18197,卖盘
391,14:30:33,7.27,0.0,5,3635,卖盘
392,14:30:37,7.26,-0.01,14,10043,卖盘
393,14:30:40,7.26,0.0,7,5082,卖盘
394,14:30:43,7.26,0.0,10,7260,卖盘
395,14:30:46,7.26,0.0,16,11616,卖盘
396,14:30:49,7.26,0.0,32,23232,卖盘
397,14:30:52,7.25,-0.01,20,14518,卖盘
398,14:30:54,7.25,0.0,14,10150,卖盘
399,14:30:58,7.25,0.0,59,42775,卖盘
400,14:31:01,7.25,0.0,14,10150,卖盘
401,14:31:04,7.25,0.0,9,6525,卖盘
402,14:31:07,7.25,0.0,7,5075,卖盘
403,14:31:09,7.25,0.0,6,4350,卖盘
404,14:31:13,7.25,0.0,9,6525,卖盘
405,14:31:16,7.25,0.0,3,2175,卖盘
406,14:31:19,7.24,-0.01,4,2898,卖盘
407,14:31:22,7.24,0.0,6,4344,卖盘
408,14:31:42,7.24,0.0,18,13032,卖盘
409,14:31:57,7.22,-0.02,26,18785,卖盘
410,14:32:01,7.24,0.02,3,2172,买盘
411,14:32:55,7.25,0.01,1,725,卖盘
412,14:32:58,7.23,-0.02,1,723,卖盘
413,14:34:25,7.23,0.0,49,35427,卖盘
414,14:34:28,7.22,-0.01,1,722,卖盘
415,14:34:49,7.23,0.01,15,10845,买盘
416,14:36:01,7.23,0.0,26,18798,卖盘
417,14:36:04,7.23,0.0,2,1446,卖盘
418,14:36:07,7.23,0.0,3,2169,卖盘
419,14:36:13,7.23,0.0,1,723,卖盘
420,14:36:34,7.23,0.0,1,723,卖盘
421,14:36:40,7.24,0.01,23,16652,买盘
422,14:36:46,7.23,-0.01,1,723,卖盘
423,14:36:52,7.24,0.01,1,724,买盘
424,14:37:07,7.24,0.0,2,1448,买盘
425,14:37:13,7.24,0.0,5,3620,买盘
426,14:37:31,7.24,0.0,23,16652,买盘
427,14:38:16,7.25,0.01,5,3625,买盘
428,14:39:04,7.24,-0.01,3,2172,卖盘
429,14:39:10,7.25,0.01,20,14500,买盘
430,14:39:16,7.25,0.0,33,23925,买盘
431,14:41:37,7.26,0.01,1,726,买盘
432,14:42:24,7.25,-0.01,1,725,卖盘
433,14:42:31,7.25,0.0,1,725,卖盘
434,14:42:33,7.25,0.0,6,4350,卖盘
435,14:42:37,7.25,0.0,1,725,卖盘
436,14:42:40,7.25,0.0,1,725,卖盘
437,14:43:07,7.25,0.0,1,725,卖盘
438,14:43:13,7.25,0.0,4,2900,卖盘
439,14:43:31,7.24,-0.01,54,39101,卖盘
440,14:43:33,7.24,0.0,1,724,买盘
441,14:43:40,7.23,-0.01,8,5784,卖盘
442,14:43:55,7.23,0.0,20,14460,卖盘
443,14:44:34,7.24,0.01,16,11584,买盘
444,14:45:09,7.23,-0.01,7,5061,卖盘
445,14:45:12,7.22,-0.01,2,1444,卖盘
446,14:45:25,7.22,0.0,6,4332,卖盘
447,14:45:40,7.22,0.0,10,7220,卖盘
448,14:45:43,7.22,0.0,10,7220,卖盘
449,14:46:16,7.23,0.01,11,7953,卖盘
450,14:46:19,7.22,-0.01,39,28176,卖盘
451,14:46:31,7.23,0.01,15,10845,买盘
452,14:47:07,7.23,0.0,1,723,卖盘
453,14:47:24,7.23,0.0,6,4338,卖盘
454,14:47:36,7.22,-0.01,4,2888,卖盘
455,14:47:39,7.22,0.0,12,8664,卖盘
456,14:48:00,7.22,0.0,10,7220,卖盘
457,14:48:06,7.23,0.01,1,723,买盘
458,14:48:09,7.22,-0.01,5,3610,卖盘
459,14:48:12,7.21,-0.01,5,3605,卖盘
460,14:48:24,7.21,0.0,6,4326,卖盘
461,14:48:31,7.21,0.0,1,1298,卖盘
462,14:48:34,7.2,-0.01,50,36023,卖盘
463,14:48:40,7.2,0.0,2,1440,卖盘
464,14:48:49,7.21,0.01,8,5761,中性盘
465,14:49:04,7.11,-0.1,65,46448,卖盘
466,14:49:09,7.12,0.01,9,6408,中性盘
467,14:49:13,7.18,0.06,51,36617,买盘
468,14:49:34,7.18,0.0,2,1436,买盘
469,14:49:40,7.18,0.0,16,11466,买盘
470,14:49:48,7.18,0.0,2,1436,卖盘
471,14:49:51,7.15,-0.03,1,715,卖盘
472,14:49:58,7.18,0.03,26,18668,买盘
473,14:50:10,7.15,-0.03,7,5005,卖盘
474,14:50:43,7.16,0.01,17,12182,卖盘
475,14:50:49,7.18,0.02,4,2872,买盘
476,14:50:51,7.18,0.0,53,38054,买盘
477,14:50:55,7.19,0.01,1,719,买盘
478,14:51:13,7.18,-0.01,16,11488,买盘
479,14:51:19,7.18,0.0,16,11488,买盘
480,14:51:25,7.18,0.0,16,11488,买盘
481,14:51:28,7.18,0.0,5,3590,买盘
482,14:51:43,7.18,0.0,4,2872,卖盘
483,14:51:46,7.18,0.0,22,15796,卖盘
484,14:51:49,7.18,0.0,4,2872,买盘
485,14:51:55,7.15,-0.03,79,56561,卖盘
486,14:52:03,7.17,0.02,15,10755,买盘
487,14:52:13,7.15,-0.02,37,26455,卖盘
488,14:52:19,7.15,0.0,1,715,买盘
489,14:52:28,7.14,-0.01,29,20706,卖盘
490,14:52:31,7.15,0.01,1,715,买盘
491,14:52:43,7.14,-0.01,11,7854,卖盘
492,14:52:46,7.15,0.01,5,3575,买盘
493,14:53:13,7.14,-0.01,5,3570,卖盘
494,14:53:16,7.13,-0.01,1,713,卖盘
495,14:53:25,7.13,0.0,15,10695,卖盘
496,14:53:28,7.14,0.01,12,8568,买盘
497,14:53:33,7.15,0.01,85,60775,买盘
498,14:53:39,7.14,-0.01,40,28560,卖盘
499,14:53:42,7.15,0.01,20,14300,买盘
500,14:53:49,7.15,0.0,202,144144,买盘
501,14:54:04,7.15,0.0,3,2145,卖盘
502,14:54:13,7.16,0.01,4,2864,卖盘
503,14:54:31,7.16,0.0,11,7876,卖盘
504,14:54:34,7.16,0.0,6,4296,买盘
505,14:54:36,7.15,-0.01,11,7865,卖盘
506,14:54:39,7.16,0.01,15,10740,买盘
507,14:54:43,7.16,0.0,2,1432,买盘
508,14:55:31,7.18,0.02,1,718,买盘
509,14:55:40,7.18,0.0,9,6462,卖盘
510,14:56:19,7.18,0.0,5,3590,买盘
511,14:56:25,7.16,-0.02,2,1360,卖盘
512,14:56:37,7.16,0.0,30,21483,卖盘
513,15:00:04,7.15,-0.01,230,164593,卖盘
