,time,price,change,volume,amount,type
0,09:25:04,8.3,-0.03,124,102920,卖盘
1,09:30:01,8.2,-0.1,1,820,卖盘
2,09:30:04,8.22,0.02,42,34625,中性盘
3,09:30:07,8.26,0.04,5,4130,中性盘
4,09:30:10,8.26,0.0,20,16520,买盘
5,09:30:30,8.24,-0.02,3,2472,买盘
6,09:30:34,8.22,-0.02,3,2466,卖盘
7,09:30:40,8.23,0.01,2,1646,买盘
8,09:30:46,8.24,0.01,1,824,买盘
9,09:30:49,8.23,-0.01,2,1647,卖盘
10,09:30:52,8.24,0.01,4,3293,买盘
11,09:30:55,8.22,-0.02,2,1645,卖盘
12,09:31:01,8.23,0.01,1,823,买盘
13,09:31:04,8.22,-0.01,15,12335,卖盘
14,09:31:06,8.23,0.01,17,13979,买盘
15,09:31:13,8.24,0.01,1,824,买盘
16,09:31:24,8.26,0.02,22,18146,买盘
17,09:31:30,8.23,-0.03,4,3295,卖盘
18,09:31:34,8.24,0.01,20,16480,中性盘
19,09:31:37,8.24,0.0,28,23072,买盘
20,09:31:40,8.24,0.0,11,9063,买盘
21,09:31:43,8.24,0.0,53,43672,买盘
22,09:32:01,8.24,0.0,56,46144,卖盘
23,09:32:10,8.24,0.0,85,69965,买盘
24,09:32:15,8.24,0.0,4,3296,买盘
25,09:32:24,8.24,0.0,12,9888,买盘
26,09:32:31,8.22,-0.02,20,16440,卖盘
27,09:32:43,8.22,0.0,1,822,卖盘
28,09:32:49,8.22,0.0,68,55896,卖盘
29,09:32:54,8.21,-0.01,7,5747,卖盘
30,09:32:57,8.22,0.01,12,9864,买盘
31,09:33:01,8.22,0.0,10,8220,卖盘
32,09:33:07,8.22,0.0,35,28770,卖盘
33,09:33:13,8.23,0.01,15,12345,买盘
34,09:33:19,8.22,-0.01,6,4932,卖盘
35,09:33:22,8.22,0.0,1,822,买盘
36,09:33:25,8.21,-0.01,7,5747,卖盘
37,09:33:27,8.21,0.0,29,23809,卖盘
38,09:33:37,8.21,0.0,7,5751,卖盘
39,09:33:40,8.21,0.0,34,27914,卖盘
40,09:33:43,8.21,0.0,5,4105,买盘
41,09:33:48,8.2,-0.01,62,50840,卖盘
42,09:33:55,8.2,0.0,67,54940,卖盘
43,09:33:58,8.2,0.0,7,5740,卖盘
44,09:34:01,8.2,0.0,55,45100,卖盘
45,09:34:09,8.18,-0.02,60,49080,卖盘
46,09:34:15,8.18,0.0,13,10634,买盘
47,09:34:18,8.18,0.0,1,818,买盘
48,09:34:22,8.17,-0.01,78,63727,卖盘
49,09:34:25,8.17,0.0,22,17974,买盘
50,09:34:28,8.16,-0.01,6,4896,卖盘
51,09:34:30,8.16,0.0,3,2448,卖盘
52,09:34:39,8.16,0.0,2,1632,买盘
53,09:34:49,8.18,0.02,87,71064,买盘
54,09:34:52,8.15,-0.03,83,67781,卖盘
55,09:34:55,8.15,0.0,123,100245,卖盘
56,09:34:57,8.14,-0.01,79,64306,卖盘
57,09:35:03,8.14,0.0,2,1628,买盘
58,09:35:06,8.12,-0.02,64,52003,卖盘
59,09:35:09,8.12,0.0,1,812,买盘
60,09:35:12,8.12,0.0,2,1624,买盘
61,09:35:16,8.11,-0.01,30,24330,卖盘
62,09:35:19,8.12,0.01,10,8120,买盘
63,09:35:22,8.11,-0.01,43,34893,卖盘
64,09:35:25,8.12,0.01,2,1624,买盘
65,09:35:28,8.12,0.0,8,6489,买盘
66,09:35:30,8.14,0.02,24,19501,买盘
67,09:35:33,8.12,-0.02,20,16240,中性盘
68,09:35:40,8.13,0.01,100,81300,买盘
69,09:35:43,8.12,-0.01,16,12997,卖盘
70,09:35:57,8.12,0.0,50,40603,卖盘
71,09:36:01,8.12,0.0,50,41006,卖盘
72,09:36:21,8.14,0.02,3,2442,买盘
73,09:36:25,8.14,0.0,3,2442,买盘
74,09:36:27,8.14,0.0,1,814,买盘
75,09:36:31,8.13,-0.01,7,5694,卖盘
76,09:36:33,8.13,0.0,34,27645,卖盘
77,09:36:43,8.13,0.0,7,5691,买盘
78,09:36:45,8.12,-0.01,8,6496,卖盘
79,09:36:52,8.13,0.01,63,51160,买盘
80,09:36:58,8.13,0.0,84,68210,买盘
81,09:37:01,8.12,-0.01,19,15440,卖盘
82,09:37:03,8.12,0.0,8,6496,卖盘
83,09:37:06,8.13,0.01,31,25203,买盘
84,09:37:10,8.13,0.0,2,1626,买盘
85,09:37:13,8.13,0.0,265,215282,买盘
86,09:37:34,8.18,0.05,1,818,买盘
87,09:37:43,8.19,0.01,12,9823,买盘
88,09:37:58,8.21,0.02,55,45095,买盘
89,09:38:00,8.21,0.0,3,2463,卖盘
90,09:38:25,8.2,-0.01,7,5737,买盘
91,09:38:27,8.21,0.01,4,3284,买盘
92,09:38:31,8.2,-0.01,7,5740,卖盘
93,09:38:33,8.21,0.01,1,821,买盘
94,09:38:36,8.2,-0.01,858,703561,卖盘
95,09:38:43,8.2,0.0,64,52480,卖盘
96,09:39:03,8.2,0.0,26,21320,卖盘
97,09:39:06,8.2,0.0,57,46740,卖盘
98,09:39:18,8.2,0.0,21,17201,买盘
99,09:39:21,8.19,-0.01,12,9828,卖盘
100,09:40:07,8.17,-0.02,1,817,买盘
101,09:40:09,8.17,0.0,3,2451,买盘
102,09:40:13,8.17,0.0,1,817,买盘
103,09:40:16,8.17,0.0,1,817,买盘
104,09:40:19,8.17,0.0,1,817,买盘
105,09:40:34,8.16,-0.01,3,2448,卖盘
106,09:40:37,8.16,0.0,18,14689,卖盘
107,09:40:39,8.16,0.0,1,816,买盘
108,09:40:43,8.16,0.0,3,2448,买盘
109,09:40:46,8.16,0.0,4,3264,买盘
110,09:40:48,8.16,0.0,15,12240,买盘
111,09:40:52,8.16,0.0,3,2448,买盘
112,09:40:54,8.14,-0.02,72,58635,卖盘
113,09:41:04,8.13,-0.01,7,5691,卖盘
114,09:41:07,8.14,0.01,1,814,买盘
115,09:41:13,8.16,0.02,6,4886,买盘
116,09:41:16,8.16,0.0,1,816,买盘
117,09:41:19,8.16,0.0,1,816,买盘
118,09:41:22,8.16,0.0,1,816,买盘
119,09:41:25,8.16,0.0,11,8976,买盘
120,09:41:28,8.16,0.0,1,816,买盘
121,09:41:30,8.16,0.0,8,6528,买盘
122,09:41:34,8.15,-0.01,7,5707,卖盘
123,09:41:36,8.15,0.0,1,815,买盘
124,09:41:39,8.15,0.0,1,815,买盘
125,09:41:42,8.16,0.01,1,816,买盘
126,09:41:46,8.16,0.0,1,816,买盘
127,09:41:49,8.16,0.0,1,816,买盘
128,09:41:51,8.16,0.0,1,816,买盘
129,09:41:55,8.16,0.0,1,816,买盘
130,09:41:58,8.17,0.01,2,1633,买盘
131,09:42:00,8.17,0.0,1,817,买盘
132,09:42:03,8.17,0.0,1,817,买盘
133,09:42:07,8.17,0.0,8,6529,买盘
134,09:42:10,8.17,0.0,1,817,买盘
135,09:42:15,8.18,0.01,1,818,买盘
136,09:42:25,8.18,0.0,5,4090,买盘
137,09:42:33,8.18,0.0,38,31044,买盘
138,09:42:37,8.18,0.0,2,1636,卖盘
139,09:42:43,8.17,-0.01,1,817,买盘
140,09:42:45,8.17,0.0,4,3268,买盘
141,09:42:52,8.2,0.03,58,47560,买盘
142,09:43:01,8.26,0.06,27,22244,买盘
143,09:43:10,8.2,-0.06,5,4118,卖盘
144,09:43:19,8.19,-0.01,59,48361,卖盘
145,09:43:28,8.26,0.07,4,3304,买盘
146,09:43:39,8.28,0.02,1,828,买盘
147,09:43:43,8.26,-0.02,57,47082,卖盘
148,09:43:51,8.26,0.0,11,9086,买盘
149,09:43:57,8.26,0.0,1,826,买盘
150,09:44:06,8.26,0.0,5,4130,卖盘
151,09:44:12,8.26,0.0,14,11564,卖盘
152,09:44:39,8.24,-0.02,1,824,买盘
153,09:44:46,8.25,0.01,25,20619,买盘
154,09:44:49,8.25,0.0,5,4125,卖盘
155,09:44:52,8.25,0.0,2,1650,卖盘
156,09:44:55,8.21,-0.04,3,2463,卖盘
157,09:45:46,8.21,0.0,2,1642,卖盘
158,09:45:49,8.21,0.0,1,821,买盘
159,09:45:51,8.21,0.0,1,821,买盘
160,09:45:55,8.21,0.0,1,821,买盘
161,09:45:58,8.21,0.0,1,821,买盘
162,09:46:01,8.21,0.0,1,821,买盘
163,09:46:04,8.21,0.0,8,6568,买盘
164,09:46:12,8.23,0.02,1,823,买盘
165,09:46:16,8.23,0.0,1,823,买盘
166,09:46:19,8.23,0.0,1,823,买盘
167,09:46:22,8.23,0.0,1,823,买盘
168,09:46:25,8.23,0.0,2,1646,买盘
169,09:46:28,8.23,0.0,1,823,买盘
170,09:46:31,8.24,0.01,1,824,买盘
171,09:46:33,8.24,0.0,1,824,买盘
172,09:46:36,8.24,0.0,1,824,买盘
173,09:46:39,8.24,0.0,1,824,买盘
174,09:46:43,8.23,-0.01,1,823,买盘
175,09:46:45,8.23,0.0,1,823,买盘
176,09:46:49,8.23,0.0,1,823,买盘
177,09:46:52,8.23,0.0,12,9858,买盘
178,09:46:55,8.24,0.01,1,824,买盘
179,09:46:58,8.24,0.0,1,824,买盘
180,09:47:01,8.24,0.0,1,824,买盘
181,09:47:04,8.23,-0.01,4,3292,卖盘
182,09:47:07,8.23,0.0,1,823,买盘
183,09:47:10,8.23,0.0,1,823,买盘
184,09:47:12,8.22,-0.01,1,822,买盘
185,09:47:16,8.22,0.0,1,822,买盘
186,09:47:18,8.22,0.0,1,822,买盘
187,09:47:21,8.22,0.0,4,3288,买盘
188,09:47:24,8.23,0.01,1,823,买盘
189,09:47:28,8.23,0.0,1,823,买盘
190,09:47:31,8.23,0.0,1,823,买盘
191,09:47:34,8.23,0.0,1,823,买盘
192,09:47:37,8.23,0.0,1,823,买盘
193,09:47:40,8.23,0.0,12,9876,买盘
194,09:47:42,8.25,0.02,1,825,买盘
195,09:48:01,8.24,-0.01,2,1648,买盘
196,09:48:16,8.23,-0.01,1,823,买盘
197,09:48:19,8.23,0.0,1,823,买盘
198,09:48:22,8.23,0.0,1,823,买盘
199,09:48:25,8.22,-0.01,9,7399,卖盘
200,09:48:28,8.22,0.0,11,9051,卖盘
201,09:48:46,8.23,0.01,1,823,买盘
202,09:48:49,8.23,0.0,1,823,买盘
203,09:48:51,8.22,-0.01,9,7399,卖盘
204,09:48:55,8.23,0.01,1,823,买盘
205,09:48:57,8.23,0.0,1,823,买盘
206,09:49:00,8.23,0.0,1,823,买盘
207,09:49:04,8.23,0.0,1,823,买盘
208,09:49:07,8.25,0.02,1,825,买盘
209,09:49:09,8.25,0.0,1,825,买盘
210,09:49:12,8.25,0.0,1,825,买盘
211,09:49:15,8.24,-0.01,1,824,买盘
212,09:49:18,8.24,0.0,1,824,买盘
213,09:49:21,8.24,0.0,1,824,买盘
214,09:49:25,8.24,0.0,1,824,买盘
215,09:49:30,8.24,0.0,3,2472,买盘
216,09:49:42,8.24,0.0,6,4944,卖盘
217,09:50:01,8.24,0.0,3,2472,买盘
218,09:50:03,8.25,0.01,3,2474,买盘
219,09:50:09,8.25,0.0,5,4125,买盘
220,09:50:13,8.25,0.0,7,5775,卖盘
221,09:50:16,8.25,0.0,39,32175,卖盘
222,09:50:19,8.26,0.01,71,58625,买盘
223,09:50:36,8.27,0.01,10,8270,买盘
224,09:50:42,8.27,0.0,7,5789,卖盘
225,09:50:46,8.28,0.01,2,1656,买盘
226,09:50:55,8.27,-0.01,10,8270,卖盘
227,09:51:04,8.27,0.0,10,8270,卖盘
228,09:51:06,8.27,0.0,7,5789,卖盘
229,09:51:16,8.26,-0.01,7,5782,卖盘
230,09:51:19,8.26,0.0,13,10738,卖盘
231,09:52:04,8.23,-0.03,14,11522,卖盘
232,09:52:07,8.23,0.0,1,823,买盘
233,09:52:19,8.23,0.0,8,6584,买盘
234,09:52:22,8.23,0.0,7,5761,买盘
235,09:52:25,8.22,-0.01,19,15627,卖盘
236,09:52:28,8.23,0.01,7,5761,买盘
237,09:52:31,8.23,0.0,6,4938,买盘
238,09:52:34,8.23,0.0,5,4115,买盘
239,09:52:37,8.23,0.0,5,4115,买盘
240,09:52:40,8.23,0.0,4,3292,买盘
241,09:52:42,8.23,0.0,3,2469,买盘
242,09:52:46,8.22,-0.01,8,6578,卖盘
243,09:52:48,8.23,0.01,3,2469,买盘
244,09:52:55,8.23,0.0,2,1646,买盘
245,09:52:58,8.23,0.0,1,823,买盘
246,09:53:01,8.23,0.0,1,823,买盘
247,09:53:04,8.23,0.0,1,823,买盘
248,09:53:06,8.23,0.0,1,823,买盘
249,09:53:09,8.23,0.0,20,16441,买盘
250,09:53:12,8.23,0.0,1,823,买盘
251,09:53:15,8.22,-0.01,7,5754,卖盘
252,09:53:34,8.22,0.0,12,9864,卖盘
253,09:53:46,8.22,0.0,7,5754,卖盘
254,09:53:49,8.22,0.0,1,822,卖盘
255,09:54:18,8.22,0.0,7,5754,卖盘
256,09:54:33,8.23,0.01,1,823,买盘
257,09:54:37,8.23,0.0,1,823,买盘
258,09:54:40,8.23,0.0,1,823,买盘
259,09:54:49,8.22,-0.01,8,6576,卖盘
260,09:54:51,8.23,0.01,1,823,买盘
261,09:55:18,8.23,0.0,7,5761,卖盘
262,09:55:48,8.23,0.0,7,5761,卖盘
263,09:56:04,8.23,0.0,19,15637,卖盘
264,09:56:16,8.22,-0.01,35,28770,卖盘
265,09:56:18,8.22,0.0,7,5754,卖盘
266,09:56:33,8.23,0.01,1,823,买盘
267,09:56:49,8.22,-0.01,20,16453,卖盘
268,09:56:51,8.22,0.0,1,822,卖盘
269,09:56:55,8.21,-0.01,10,8216,卖盘
270,09:57:22,8.22,0.01,7,5754,卖盘
271,09:57:25,8.23,0.01,5,4115,买盘
272,09:57:34,8.22,-0.01,20,16440,卖盘
273,09:57:48,8.22,0.0,1,822,卖盘
274,09:57:51,8.22,0.0,7,5754,卖盘
275,09:58:22,8.22,0.0,7,5754,卖盘
276,09:58:40,8.23,0.01,21,17283,买盘
277,09:58:49,8.23,0.0,2,1646,卖盘
278,09:58:52,8.23,0.0,6,4938,卖盘
279,09:58:55,8.24,0.01,2,1648,买盘
280,09:59:22,8.23,-0.01,7,5761,卖盘
281,09:59:42,8.23,0.0,33,27159,卖盘
282,09:59:48,8.22,-0.01,1,822,卖盘
283,09:59:52,8.22,0.0,7,5754,卖盘
284,10:00:19,8.22,0.0,15,12330,卖盘
285,10:00:25,8.22,0.0,7,5754,卖盘
286,10:00:40,8.22,0.0,26,21372,卖盘
287,10:00:43,8.22,0.0,26,21372,卖盘
288,10:00:48,8.21,-0.01,1,821,卖盘
289,10:00:51,8.22,0.01,4,3288,买盘
290,10:00:55,8.21,-0.01,7,5747,卖盘
291,10:01:04,8.22,0.01,1,822,买盘
292,10:01:07,8.22,0.0,1,822,买盘
293,10:01:10,8.22,0.0,1,822,买盘
294,10:01:13,8.22,0.0,2,1644,买盘
295,10:01:16,8.22,0.0,5,4110,买盘
296,10:01:18,8.22,0.0,30,24663,买盘
297,10:01:21,8.23,0.01,2,1646,买盘
298,10:01:24,8.22,-0.01,7,5754,卖盘
299,10:01:28,8.23,0.01,24,19752,买盘
300,10:01:30,8.23,0.0,3,2469,买盘
301,10:01:37,8.24,0.01,11,9064,买盘
302,10:01:49,8.24,0.0,11,9063,买盘
303,10:02:28,8.25,0.01,13,10718,买盘
304,10:02:31,8.25,0.0,13,10725,买盘
305,10:02:46,8.25,0.0,10,8250,卖盘
306,10:02:48,8.25,0.0,10,8250,卖盘
307,10:02:51,8.26,0.01,30,24757,买盘
308,10:03:07,8.24,-0.02,3,2472,卖盘
309,10:03:10,8.25,0.01,7,5775,买盘
310,10:03:27,8.25,0.0,7,5775,卖盘
311,10:03:34,8.25,0.0,14,11550,卖盘
312,10:03:40,8.26,0.01,2,1652,买盘
313,10:03:42,8.25,-0.01,10,8250,卖盘
314,10:03:51,8.25,0.0,1,825,卖盘
315,10:03:57,8.25,0.0,3,2475,卖盘
316,10:04:07,8.25,0.0,4,3300,买盘
317,10:04:28,8.25,0.0,7,5775,卖盘
318,10:04:49,8.25,0.0,1,825,卖盘
319,10:04:52,8.25,0.0,24,19800,卖盘
320,10:04:57,8.24,-0.01,15,12370,卖盘
321,10:05:15,8.24,0.0,5,4120,卖盘
322,10:05:28,8.24,0.0,7,5768,卖盘
323,10:05:34,8.24,0.0,56,46144,卖盘
324,10:05:42,8.24,0.0,46,37904,买盘
325,10:05:49,8.23,-0.01,64,52735,卖盘
326,10:05:55,8.24,0.01,31,25544,买盘
327,10:05:58,8.23,-0.01,7,5761,卖盘
328,10:06:22,8.23,0.0,9,7407,卖盘
329,10:06:51,8.24,0.01,1,824,卖盘
330,10:07:01,8.24,0.0,7,5768,卖盘
331,10:07:10,8.24,0.0,55,45320,卖盘
332,10:07:15,8.24,0.0,79,65096,卖盘
333,10:07:30,8.23,-0.01,7,5761,卖盘
334,10:07:36,8.23,0.0,40,32920,卖盘
335,10:07:39,8.23,0.0,38,31274,卖盘
336,10:07:49,8.23,0.0,21,17694,买盘
337,10:08:13,8.24,0.01,6,4944,买盘
338,10:08:16,8.23,-0.01,38,31279,卖盘
339,10:08:48,8.23,0.0,100,82300,卖盘
340,10:08:51,8.23,0.0,2,1646,卖盘
341,10:09:04,8.23,0.0,7,5761,卖盘
342,10:09:16,8.23,0.0,10,8230,卖盘
343,10:09:34,8.23,0.0,7,5761,卖盘
344,10:09:51,8.23,0.0,1,823,卖盘
345,10:10:04,8.23,0.0,27,22221,卖盘
346,10:10:24,8.23,0.0,19,15637,卖盘
347,10:10:33,8.23,0.0,7,5761,卖盘
348,10:10:36,8.23,0.0,20,16460,卖盘
349,10:10:39,8.23,0.0,18,14814,卖盘
350,10:10:42,8.23,0.0,27,22221,卖盘
351,10:10:49,8.23,0.0,1,823,卖盘
352,10:10:52,8.23,0.0,5,4115,卖盘
353,10:11:01,8.23,0.0,10,8230,卖盘
354,10:11:04,8.23,0.0,6,4938,卖盘
355,10:11:10,8.22,-0.01,7,5754,买盘
356,10:11:19,8.24,0.02,7,5768,买盘
357,10:11:30,8.24,0.0,13,10712,卖盘
358,10:11:49,8.22,-0.02,1,822,卖盘
359,10:12:04,8.22,0.0,7,5754,卖盘
360,10:12:36,8.22,0.0,1,411,买盘
361,10:12:43,8.21,-0.01,13,10673,卖盘
362,10:12:51,8.21,0.0,1,821,卖盘
363,10:13:07,8.21,0.0,7,5747,卖盘
364,10:13:13,8.21,0.0,14,11494,卖盘
365,10:13:25,8.21,0.0,1,821,卖盘
366,10:13:40,8.21,0.0,7,5747,卖盘
367,10:13:49,8.21,0.0,1,821,卖盘
368,10:14:07,8.21,0.0,4,3284,卖盘
369,10:14:39,8.2,-0.01,7,5740,卖盘
370,10:14:52,8.2,0.0,1,820,卖盘
371,10:15:10,8.21,0.01,9,7382,买盘
372,10:15:16,8.21,0.0,5,4105,卖盘
373,10:15:25,8.21,0.0,3,2463,卖盘
374,10:15:40,8.21,0.0,7,5747,卖盘
375,10:15:49,8.21,0.0,1,821,卖盘
376,10:16:10,8.21,0.0,7,5747,卖盘
377,10:16:18,8.22,0.01,3,2466,买盘
378,10:16:40,8.21,-0.01,7,5747,卖盘
379,10:16:48,8.21,0.0,1,821,卖盘
380,10:17:10,8.21,0.0,6,4926,卖盘
381,10:17:42,8.21,0.0,7,5747,卖盘
382,10:17:48,8.21,0.0,1,821,卖盘
383,10:17:58,8.22,0.01,1,822,买盘
384,10:18:12,8.21,-0.01,7,5747,卖盘
385,10:18:19,8.22,0.01,10,8220,买盘
386,10:18:43,8.21,-0.01,7,5747,卖盘
387,10:18:52,8.21,0.0,1,821,卖盘
388,10:19:13,8.21,0.0,7,5747,卖盘
389,10:19:27,8.21,0.0,2,1642,卖盘
390,10:19:31,8.21,0.0,6,4926,卖盘
391,10:19:46,8.21,0.0,7,5747,卖盘
392,10:19:52,8.21,0.0,2,1642,卖盘
393,10:20:16,8.21,0.0,6,4926,卖盘
394,10:20:25,8.21,0.0,4,3284,卖盘
395,10:20:46,8.2,-0.01,7,5740,卖盘
396,10:20:51,8.2,0.0,1,820,卖盘
397,10:21:04,8.2,0.0,29,23780,卖盘
398,10:21:16,8.2,0.0,7,5740,卖盘
399,10:21:19,8.2,0.0,61,50020,卖盘
400,10:21:40,8.2,0.0,32,26240,买盘
401,10:21:46,8.2,0.0,7,5740,卖盘
402,10:21:52,8.2,0.0,1,820,卖盘
403,10:22:01,8.2,0.0,9,7380,卖盘
404,10:22:13,8.21,0.01,18,14778,买盘
405,10:22:15,8.2,-0.01,7,5740,卖盘
406,10:22:46,8.2,0.0,6,4920,卖盘
407,10:22:49,8.19,-0.01,1,819,卖盘
408,10:23:00,8.19,0.0,6,4914,卖盘
409,10:23:16,8.19,0.0,15,12285,卖盘
410,10:23:40,8.18,-0.01,5,4090,卖盘
411,10:23:48,8.18,0.0,7,5726,卖盘
412,10:23:52,8.18,0.0,13,10634,卖盘
413,10:24:13,8.18,0.0,10,8180,卖盘
414,10:24:18,8.18,0.0,7,5726,卖盘
415,10:24:48,8.18,0.0,8,6544,卖盘
416,10:24:52,8.18,0.0,6,4908,卖盘
417,10:25:18,8.18,0.0,21,17178,买盘
418,10:25:48,8.19,0.01,24,19655,买盘
419,10:25:52,8.19,0.0,7,5733,卖盘
420,10:26:22,8.19,0.0,6,4914,卖盘
421,10:26:33,8.2,0.01,2,1640,买盘
422,10:26:37,8.2,0.0,1,820,买盘
423,10:26:49,8.19,-0.01,1,819,卖盘
424,10:26:52,8.19,0.0,7,5733,卖盘
425,10:26:58,8.2,0.01,10,8200,买盘
426,10:27:21,8.19,-0.01,7,5733,卖盘
427,10:27:52,8.19,0.0,8,6552,卖盘
428,10:28:22,8.19,0.0,7,5733,卖盘
429,10:28:28,8.2,0.01,2,1640,买盘
430,10:28:46,8.19,-0.01,40,32760,卖盘
431,10:28:52,8.19,0.0,8,6551,中性盘
432,10:29:00,8.19,0.0,1,819,卖盘
433,10:29:16,8.19,0.0,20,16380,卖盘
434,10:29:22,8.19,0.0,10,8194,卖盘
435,10:29:33,8.19,0.0,12,9828,卖盘
436,10:29:48,8.19,0.0,2,1638,卖盘
437,10:29:55,8.19,0.0,7,5733,卖盘
438,10:30:19,8.18,-0.01,44,36012,卖盘
439,10:30:28,8.18,0.0,22,17996,卖盘
440,10:30:39,8.18,0.0,5,4090,卖盘
441,10:30:46,8.16,-0.02,22,17961,卖盘
442,10:30:52,8.16,0.0,1,816,卖盘
443,10:30:57,8.17,0.01,30,24510,卖盘
444,10:31:04,8.18,0.01,7,5726,买盘
445,10:31:09,8.18,0.0,11,8998,卖盘
446,10:31:24,8.17,-0.01,7,5719,卖盘
447,10:31:40,8.17,0.0,1,817,卖盘
448,10:31:52,8.16,-0.01,1,816,卖盘
449,10:32:06,8.17,0.01,2,1634,买盘
450,10:32:22,8.16,-0.01,10,8160,卖盘
451,10:32:25,8.16,0.0,6,4896,卖盘
452,10:32:42,8.17,0.01,30,24510,买盘
453,10:32:46,8.17,0.0,1,817,买盘
454,10:32:48,8.17,0.0,1,817,卖盘
455,10:32:58,8.17,0.0,7,5719,卖盘
456,10:33:06,8.17,0.0,10,8170,卖盘
457,10:33:10,8.18,0.01,1,818,买盘
458,10:33:28,8.18,0.0,7,5726,卖盘
459,10:33:39,8.17,-0.01,17,13896,卖盘
460,10:33:52,8.17,0.0,1,817,卖盘
461,10:34:04,8.16,-0.01,69,56341,卖盘
462,10:34:46,8.17,0.01,2,1634,买盘
463,10:34:49,8.16,-0.01,22,17952,卖盘
464,10:35:00,8.16,0.0,7,5712,卖盘
465,10:35:31,8.16,0.0,6,4896,卖盘
466,10:35:49,8.16,0.0,1,816,卖盘
467,10:36:00,8.16,0.0,7,5712,卖盘
468,10:36:19,8.16,0.0,75,61200,卖盘
469,10:36:31,8.16,0.0,7,5712,卖盘
470,10:36:46,8.17,0.01,5,4085,买盘
471,10:36:49,8.17,0.0,1,817,卖盘
472,10:37:01,8.17,0.0,7,5719,卖盘
473,10:37:16,8.17,0.0,10,8170,卖盘
474,10:37:31,8.17,0.0,2,1634,卖盘
475,10:37:46,8.16,-0.01,23,18768,卖盘
476,10:37:49,8.16,0.0,15,12263,卖盘
477,10:38:30,8.16,0.0,6,4896,卖盘
478,10:38:52,8.16,0.0,1,816,卖盘
479,10:39:04,8.16,0.0,7,5712,卖盘
480,10:39:31,8.16,0.0,50,40800,卖盘
481,10:39:33,8.16,0.0,7,5712,卖盘
482,10:39:51,8.16,0.0,1,816,卖盘
483,10:40:00,8.16,0.0,11,8976,卖盘
484,10:40:04,8.16,0.0,7,5712,卖盘
485,10:40:06,8.16,0.0,9,7344,卖盘
486,10:40:31,8.17,0.01,7,5719,买盘
487,10:40:33,8.17,0.0,7,5719,卖盘
488,10:40:52,8.17,0.0,2,1634,卖盘
489,10:41:06,8.17,0.0,7,5719,卖盘
490,10:41:31,8.17,0.0,5,4085,卖盘
491,10:41:37,8.16,-0.01,6,4896,卖盘
492,10:41:52,8.16,0.0,1,816,卖盘
493,10:41:55,8.16,0.0,1,816,卖盘
494,10:42:01,8.17,0.01,8,6536,买盘
495,10:42:07,8.18,0.01,24,19625,买盘
496,10:42:37,8.18,0.0,7,5726,卖盘
497,10:42:52,8.18,0.0,1,818,卖盘
498,10:42:57,8.19,0.01,15,12285,买盘
499,10:43:07,8.18,-0.01,17,13906,卖盘
500,10:43:22,8.18,0.0,1,818,卖盘
501,10:43:36,8.17,-0.01,7,5719,卖盘
502,10:43:45,8.17,0.0,32,26144,卖盘
503,10:43:52,8.17,0.0,1,817,卖盘
504,10:44:10,8.17,0.0,7,5719,卖盘
505,10:44:31,8.18,0.01,4,3272,买盘
506,10:44:39,8.17,-0.01,6,4902,卖盘
507,10:44:52,8.17,0.0,1,817,卖盘
508,10:45:09,8.17,0.0,7,5719,卖盘
509,10:45:30,8.16,-0.01,2,1632,卖盘
510,10:45:46,8.17,0.01,2,1634,买盘
511,10:45:52,8.16,-0.01,1,816,卖盘
512,10:46:09,8.16,0.0,7,5712,卖盘
513,10:46:39,8.16,0.0,7,5712,卖盘
514,10:46:51,8.16,0.0,1,816,卖盘
515,10:47:12,8.16,0.0,7,5712,卖盘
516,10:47:22,8.16,0.0,15,12240,卖盘
517,10:47:42,8.16,0.0,6,4896,卖盘
518,10:47:51,8.16,0.0,1,816,卖盘
519,10:47:57,8.16,0.0,12,9792,卖盘
520,10:48:12,8.16,0.0,7,5712,卖盘
521,10:48:43,8.16,0.0,7,5712,卖盘
522,10:48:46,8.16,0.0,7,5712,卖盘
523,10:48:52,8.16,0.0,1,816,卖盘
524,10:49:13,8.16,0.0,7,5712,卖盘
525,10:49:34,8.17,0.01,5,4085,买盘
526,10:49:43,8.17,0.0,14,11438,买盘
527,10:49:52,8.17,0.0,1,817,卖盘
528,10:50:09,8.18,0.01,10,8180,买盘
529,10:50:15,8.18,0.0,30,24533,买盘
530,10:50:22,8.18,0.0,4,3272,买盘
531,10:50:46,8.18,0.0,6,4908,卖盘
532,10:50:51,8.18,0.0,2,1636,卖盘
533,10:50:54,8.2,0.02,12,9839,买盘
534,10:51:13,8.2,0.0,2,1640,买盘
535,10:51:19,8.19,-0.01,1,819,买盘
536,10:51:46,8.18,-0.01,7,5726,卖盘
537,10:51:52,8.18,0.0,1,818,卖盘
538,10:52:18,8.18,0.0,7,5726,卖盘
539,10:52:21,8.19,0.01,13,10647,买盘
540,10:52:48,8.19,0.0,21,17192,买盘
541,10:52:51,8.19,0.0,1,819,卖盘
542,10:53:00,8.2,0.01,1,820,买盘
543,10:53:19,8.19,-0.01,7,5733,卖盘
544,10:53:30,8.19,0.0,10,8190,卖盘
545,10:53:51,8.18,-0.01,1,818,卖盘
546,10:53:57,8.19,0.01,6,4914,买盘
547,10:54:19,8.19,0.0,7,5733,卖盘
548,10:54:40,8.19,0.0,7,5733,卖盘
549,10:54:48,8.18,-0.01,7,5726,卖盘
550,10:54:52,8.18,0.0,1,818,卖盘
551,10:55:18,8.18,0.0,7,5726,卖盘
552,10:55:36,8.18,0.0,8,6544,卖盘
553,10:55:48,8.18,0.0,7,5726,卖盘
554,10:55:52,8.18,0.0,1,818,卖盘
555,10:56:21,8.18,0.0,7,5726,卖盘
556,10:56:51,8.18,0.0,10,8188,卖盘
557,10:57:22,8.19,0.01,7,5733,卖盘
558,10:57:51,8.19,0.0,8,6552,卖盘
559,10:58:06,8.2,0.01,8,6560,买盘
560,10:58:15,8.2,0.0,1,820,买盘
561,10:58:24,8.19,-0.01,7,5733,卖盘
562,10:58:39,8.19,0.0,86,70434,卖盘
563,10:58:49,8.18,-0.01,101,82718,卖盘
564,10:58:54,8.18,0.0,7,5726,卖盘
565,10:59:25,8.18,0.0,7,5726,卖盘
566,10:59:52,8.18,0.0,1,818,卖盘
567,10:59:55,8.18,0.0,6,4908,卖盘
568,11:00:07,8.18,0.0,14,11452,卖盘
569,11:00:25,8.17,-0.01,7,5719,卖盘
570,11:00:36,8.16,-0.01,17,13876,卖盘
571,11:00:52,8.16,0.0,1,816,卖盘
572,11:00:54,8.16,0.0,7,5712,卖盘
573,11:01:27,8.16,0.0,7,5712,卖盘
574,11:01:51,8.16,0.0,4,3264,卖盘
575,11:01:58,8.16,0.0,7,5712,卖盘
576,11:02:27,8.16,0.0,7,5712,卖盘
577,11:02:30,8.17,0.01,2,1634,买盘
578,11:02:45,8.17,0.0,2,1634,买盘
579,11:02:51,8.16,-0.01,1,816,卖盘
580,11:02:57,8.16,0.0,6,4896,卖盘
581,11:03:27,8.16,0.0,23,18768,卖盘
582,11:03:37,8.17,0.01,5,4085,买盘
583,11:03:51,8.16,-0.01,1,816,卖盘
584,11:03:57,8.16,0.0,17,13882,卖盘
585,11:04:03,8.16,0.0,50,40800,卖盘
586,11:04:15,8.17,0.01,10,8170,买盘
587,11:04:21,8.16,-0.01,20,16320,卖盘
588,11:04:24,8.17,0.01,10,8170,买盘
589,11:04:30,8.16,-0.01,7,5712,卖盘
590,11:04:52,8.16,0.0,1,816,卖盘
591,11:05:01,8.16,0.0,5,4080,卖盘
592,11:05:25,8.16,0.0,2,1632,买盘
593,11:05:31,8.15,-0.01,7,5705,卖盘
594,11:05:51,8.15,0.0,1,815,卖盘
595,11:06:00,8.15,0.0,6,4890,卖盘
596,11:06:07,8.15,0.0,46,37408,卖盘
597,11:06:10,8.16,0.01,8,6526,买盘
598,11:06:19,8.15,-0.01,32,26080,卖盘
599,11:06:21,8.15,0.0,5,4075,卖盘
600,11:06:31,8.15,0.0,25,20375,卖盘
601,11:06:49,8.15,0.0,10,8150,卖盘
602,11:06:52,8.15,0.0,1,815,卖盘
603,11:06:55,8.15,0.0,16,13122,卖盘
604,11:07:01,8.14,-0.01,7,5698,卖盘
605,11:07:04,8.15,0.01,5,3994,买盘
606,11:07:19,8.16,0.01,44,35904,买盘
607,11:07:22,8.15,-0.01,10,8150,卖盘
608,11:07:31,8.15,0.0,30,24450,卖盘
609,11:07:33,8.15,0.0,11,8965,卖盘
610,11:07:51,8.15,0.0,1,815,卖盘
611,11:08:04,8.15,0.0,2,1712,卖盘
612,11:08:13,8.15,0.0,5,3994,买盘
613,11:08:31,8.14,-0.01,9,7327,卖盘
614,11:08:33,8.16,0.02,38,31001,买盘
615,11:08:49,8.15,-0.01,7,5705,买盘
616,11:08:52,8.15,0.0,1,815,卖盘
617,11:08:57,8.15,0.0,3,2445,卖盘
618,11:09:04,8.15,0.0,1,815,卖盘
619,11:09:07,8.15,0.0,6,4890,买盘
620,11:09:30,8.15,0.0,12,9780,买盘
621,11:09:33,8.14,-0.01,7,5698,卖盘
622,11:09:52,8.15,0.01,16,13039,买盘
623,11:10:04,8.14,-0.01,7,5698,卖盘
624,11:10:31,8.14,0.0,7,5535,卖盘
625,11:10:37,8.14,0.0,7,5698,卖盘
626,11:10:43,8.15,0.01,32,26080,买盘
627,11:10:45,8.14,-0.01,13,10582,卖盘
628,11:10:55,8.14,0.0,1,814,卖盘
629,11:11:24,8.15,0.01,5,4075,买盘
630,11:11:37,8.14,-0.01,7,5698,卖盘
631,11:11:52,8.14,0.0,2,1628,卖盘
632,11:12:06,8.14,0.0,6,4884,卖盘
633,11:12:09,8.15,0.01,2,1630,买盘
634,11:12:37,8.15,0.0,7,5705,卖盘
635,11:12:45,8.16,0.01,1,816,买盘
636,11:12:52,8.15,-0.01,1,815,卖盘
637,11:13:07,8.15,0.0,10,8150,卖盘
638,11:13:18,8.15,0.0,58,47270,买盘
639,11:13:40,8.14,-0.01,7,5698,卖盘
640,11:13:51,8.14,0.0,1,814,卖盘
641,11:14:10,8.14,0.0,11,8954,卖盘
642,11:14:13,8.15,0.01,10,8150,买盘
643,11:14:36,8.15,0.0,13,10595,买盘
644,11:14:40,8.15,0.0,7,5705,卖盘
645,11:14:42,8.15,0.0,3,2445,卖盘
646,11:14:52,8.15,0.0,1,815,卖盘
647,11:15:10,8.15,0.0,6,4890,卖盘
648,11:15:31,8.15,0.0,23,18745,卖盘
649,11:15:37,8.16,0.01,33,26916,买盘
650,11:15:40,8.16,0.0,9,7344,卖盘
651,11:15:43,8.16,0.0,2,1632,卖盘
652,11:15:52,8.16,0.0,1,816,卖盘
653,11:16:10,8.16,0.0,5,4080,卖盘
654,11:16:24,8.15,-0.01,2,1630,卖盘
655,11:16:43,8.15,0.0,7,5705,卖盘
656,11:16:52,8.14,-0.01,1,814,卖盘
657,11:17:42,8.14,0.0,39,31990,卖盘
658,11:17:52,8.13,-0.01,1,813,卖盘
659,11:18:13,8.13,0.0,6,4878,卖盘
660,11:18:28,8.14,0.01,10,8140,买盘
661,11:18:43,8.13,-0.01,7,5691,卖盘
662,11:18:52,8.13,0.0,1,813,卖盘
663,11:19:09,8.13,0.0,58,47154,卖盘
664,11:19:12,8.13,0.0,34,27642,卖盘
665,11:19:19,8.12,-0.01,20,16240,卖盘
666,11:19:27,8.11,-0.01,450,365349,卖盘
667,11:19:33,8.13,0.02,10,8130,卖盘
668,11:19:45,8.13,0.0,7,5691,卖盘
669,11:19:51,8.13,0.0,1,813,卖盘
670,11:20:12,8.11,-0.02,59,47849,卖盘
671,11:20:40,8.11,0.0,59,47851,卖盘
672,11:20:51,8.11,0.0,1,811,卖盘
673,11:20:58,8.11,0.0,1,811,卖盘
674,11:21:01,8.11,0.0,1,811,买盘
675,11:21:04,8.1,-0.01,469,379891,卖盘
676,11:21:07,8.11,0.01,4,3244,买盘
677,11:21:12,8.1,-0.01,60,48600,卖盘
678,11:21:15,8.1,0.0,6,4860,卖盘
679,11:21:21,8.1,0.0,34,27540,卖盘
680,11:21:45,8.11,0.01,7,5677,卖盘
681,11:21:48,8.11,0.0,8,6488,卖盘
682,11:21:51,8.1,-0.01,1,810,卖盘
683,11:22:01,8.11,0.01,8,6488,买盘
684,11:22:04,8.11,0.0,5,4055,买盘
685,11:22:15,8.11,0.0,7,5677,卖盘
686,11:22:34,8.12,0.01,7,5684,买盘
687,11:22:49,8.12,0.0,7,5684,卖盘
688,11:22:52,8.12,0.0,2,1624,卖盘
689,11:22:55,8.13,0.01,2,1626,买盘
690,11:23:18,8.12,-0.01,7,5684,卖盘
691,11:23:40,8.11,-0.01,61,49493,卖盘
692,11:23:49,8.11,0.0,7,5677,卖盘
693,11:23:51,8.11,0.0,1,811,卖盘
694,11:24:12,8.1,-0.01,60,48641,卖盘
695,11:24:27,8.11,0.01,6,4866,买盘
696,11:24:30,8.11,0.0,9,7299,卖盘
697,11:24:42,8.11,0.0,5,4055,买盘
698,11:24:52,8.1,-0.01,23,18645,卖盘
699,11:25:21,8.1,0.0,7,5670,卖盘
700,11:25:24,8.12,0.02,70,56838,买盘
701,11:25:52,8.1,-0.02,1,810,卖盘
702,11:25:55,8.11,0.01,2,1622,买盘
703,11:26:12,8.11,0.0,10,8110,买盘
704,11:26:21,8.1,-0.01,7,5670,卖盘
705,11:26:30,8.11,0.01,2,1622,买盘
706,11:26:51,8.11,0.0,8,6488,卖盘
707,11:27:04,8.11,0.0,11,8921,卖盘
708,11:27:21,8.1,-0.01,6,4860,卖盘
709,11:27:36,8.11,0.01,1,811,买盘
710,11:27:42,8.11,0.0,30,24330,卖盘
711,11:27:51,8.11,0.0,1,811,卖盘
712,11:27:54,8.11,0.0,7,5677,卖盘
713,11:28:09,8.12,0.01,5,4060,买盘
714,11:28:12,8.1,-0.02,60,48609,卖盘
715,11:28:24,8.11,0.01,7,5677,中性盘
716,11:28:51,8.1,-0.01,1,810,卖盘
717,11:29:21,8.11,0.01,28,22708,卖盘
718,11:29:27,8.11,0.0,30,24330,卖盘
719,11:29:51,8.11,0.0,1,811,卖盘
720,13:00:04,8.11,0.0,89,72163,卖盘
721,13:00:24,8.1,-0.01,6,4860,卖盘
722,13:00:36,8.11,0.01,20,16220,买盘
723,13:00:51,8.1,-0.01,1,810,卖盘
724,13:00:57,8.1,0.0,7,5670,卖盘
725,13:01:04,8.11,0.01,10,8110,买盘
726,13:01:28,8.1,-0.01,7,5670,卖盘
727,13:01:51,8.1,0.0,1,810,卖盘
728,13:01:57,8.1,0.0,9,7292,卖盘
729,13:02:00,8.11,0.01,2,1622,买盘
730,13:02:12,8.11,0.0,20,16220,买盘
731,13:02:27,8.1,-0.01,7,5670,卖盘
732,13:02:30,8.11,0.01,46,37630,买盘
733,13:02:51,8.11,0.0,2,1622,卖盘
734,13:02:57,8.11,0.0,7,5677,卖盘
735,13:03:28,8.12,0.01,22,17864,买盘
736,13:03:45,8.12,0.0,20,16240,卖盘
737,13:03:52,8.12,0.0,1,812,卖盘
738,13:04:00,8.12,0.0,7,5684,卖盘
739,13:04:31,8.12,0.0,2,1624,卖盘
740,13:04:39,8.11,-0.01,123,99826,卖盘
741,13:04:52,8.11,0.0,1,811,卖盘
742,13:05:19,8.11,0.0,16,12976,卖盘
743,13:05:31,8.11,0.0,7,5677,卖盘
744,13:05:34,8.11,0.0,37,30007,卖盘
745,13:05:40,8.11,0.0,30,24330,卖盘
746,13:05:49,8.11,0.0,10,8110,卖盘
747,13:05:51,8.11,0.0,1,811,卖盘
748,13:06:04,8.11,0.0,7,5677,卖盘
749,13:06:34,8.11,0.0,6,4866,卖盘
750,13:06:46,8.12,0.01,3,2436,买盘
751,13:06:49,8.11,-0.01,30,24330,卖盘
752,13:06:51,8.11,0.0,11,8921,卖盘
753,13:06:58,8.11,0.0,5,4055,卖盘
754,13:07:03,8.11,0.0,7,5677,卖盘
755,13:07:34,8.11,0.0,7,5677,卖盘
756,13:07:51,8.11,0.0,1,811,卖盘
757,13:08:01,8.11,0.0,5,4055,卖盘
758,13:08:04,8.11,0.0,7,5677,卖盘
759,13:08:12,8.11,0.0,30,24330,卖盘
760,13:08:33,8.11,0.0,7,5677,卖盘
761,13:08:51,8.11,0.0,1,811,卖盘
762,13:09:04,8.11,0.0,9,6975,卖盘
763,13:09:12,8.1,-0.01,3,2430,卖盘
764,13:09:34,8.1,0.0,6,4860,卖盘
765,13:09:40,8.1,0.0,27,21870,卖盘
766,13:09:51,8.1,0.0,1,810,卖盘
767,13:10:04,8.11,0.01,2,1622,买盘
768,13:10:06,8.1,-0.01,7,5670,卖盘
769,13:10:24,8.1,0.0,10,8100,卖盘
770,13:10:37,8.1,0.0,7,5670,卖盘
771,13:10:52,8.1,0.0,1,810,卖盘
772,13:10:54,8.11,0.01,1,811,买盘
773,13:11:07,8.1,-0.01,7,5670,卖盘
774,13:11:37,8.1,0.0,7,5670,卖盘
775,13:11:52,8.1,0.0,1,810,卖盘
776,13:12:09,8.1,0.0,7,5670,卖盘
777,13:12:19,8.11,0.01,4,3244,买盘
778,13:12:40,8.1,-0.01,6,4860,卖盘
779,13:12:43,8.11,0.01,1,811,买盘
780,13:12:51,8.1,-0.01,1,810,卖盘
781,13:13:09,8.11,0.01,8,6481,买盘
782,13:13:22,8.11,0.0,10,8110,买盘
783,13:13:25,8.1,-0.01,23,18630,卖盘
784,13:13:40,8.1,0.0,7,5670,卖盘
785,13:13:51,8.1,0.0,2,1620,卖盘
786,13:14:10,8.1,0.0,7,5670,卖盘
787,13:14:40,8.1,0.0,7,5670,卖盘
788,13:14:43,8.11,0.01,37,30007,买盘
789,13:14:51,8.1,-0.01,1,810,卖盘
790,13:15:10,8.1,0.0,7,5670,卖盘
791,13:15:22,8.11,0.01,1,811,买盘
792,13:15:42,8.1,-0.01,6,4860,卖盘
793,13:15:51,8.1,0.0,1,810,卖盘
794,13:16:12,8.1,0.0,7,5670,卖盘
795,13:16:43,8.1,0.0,7,5670,卖盘
796,13:16:52,8.1,0.0,1,810,卖盘
797,13:16:58,8.11,0.01,6,4866,买盘
798,13:17:12,8.1,-0.01,7,5670,卖盘
799,13:17:28,8.11,0.01,10,8110,买盘
800,13:17:43,8.1,-0.01,7,5670,卖盘
801,13:17:52,8.1,0.0,1,810,卖盘
802,13:18:15,8.1,0.0,15,12150,卖盘
803,13:18:28,8.1,0.0,4,3240,卖盘
804,13:18:42,8.1,0.0,12,10125,卖盘
805,13:18:45,8.1,0.0,6,4860,卖盘
806,13:18:52,8.1,0.0,22,17820,卖盘
807,13:19:16,8.1,0.0,7,5670,卖盘
808,13:19:31,8.11,0.01,37,30007,买盘
809,13:19:40,8.11,0.0,23,18166,买盘
810,13:19:46,8.11,0.0,7,5677,卖盘
811,13:19:52,8.11,0.0,1,811,卖盘
812,13:20:13,8.11,0.0,87,70557,卖盘
813,13:20:16,8.11,0.0,7,5677,卖盘
814,13:20:19,8.11,0.0,4,3244,卖盘
815,13:20:36,8.11,0.0,50,40550,卖盘
816,13:20:42,8.11,0.0,5,4542,卖盘
817,13:20:46,8.1,-0.01,7,5670,卖盘
818,13:20:49,8.11,0.01,5,4055,买盘
819,13:20:52,8.1,-0.01,1,810,卖盘
820,13:20:57,8.11,0.01,50,40550,买盘
821,13:21:19,8.1,-0.01,7,5670,卖盘
822,13:21:49,8.1,0.0,6,4860,卖盘
823,13:21:51,8.1,0.0,1,810,卖盘
824,13:22:18,8.1,0.0,7,5670,卖盘
825,13:22:33,8.11,0.01,2,1622,买盘
826,13:22:49,8.1,-0.01,7,5670,卖盘
827,13:22:52,8.1,0.0,1,810,卖盘
828,13:23:18,8.1,0.0,7,5670,卖盘
829,13:23:43,8.11,0.01,1,811,买盘
830,13:23:49,8.11,0.0,12,9725,买盘
831,13:23:52,8.1,-0.01,1,810,卖盘
832,13:24:00,8.11,0.01,24,19464,买盘
833,13:24:22,8.1,-0.01,7,5670,卖盘
834,13:24:46,8.1,0.0,100,81000,卖盘
835,13:24:52,8.1,0.0,120,96795,卖盘
836,13:24:55,8.1,0.0,243,196830,卖盘
837,13:24:57,8.09,-0.01,14,11326,卖盘
838,13:25:01,8.09,0.0,2,1618,卖盘
839,13:25:04,8.09,0.0,8,6472,卖盘
840,13:25:06,8.09,0.0,4,3236,卖盘
841,13:25:15,8.05,-0.04,175,141287,卖盘
842,13:25:33,8.09,0.04,45,36398,买盘
843,13:25:45,8.09,0.0,11,8899,卖盘
844,13:25:52,8.08,-0.01,1,808,卖盘
845,13:26:33,8.07,-0.01,6,4842,买盘
846,13:26:37,8.07,0.0,1,807,买盘
847,13:26:43,8.06,-0.01,20,16120,卖盘
848,13:26:46,8.06,0.0,51,41148,卖盘
849,13:26:52,8.06,0.0,1,806,卖盘
850,13:27:10,8.06,0.0,14,11284,卖盘
851,13:27:12,8.06,0.0,2,1612,买盘
852,13:27:22,8.05,-0.01,67,53935,卖盘
853,13:27:34,8.05,0.0,40,32185,买盘
854,13:27:37,8.04,-0.01,12,9648,卖盘
855,13:27:40,8.05,0.01,17,13685,买盘
856,13:27:46,8.04,-0.01,22,17688,卖盘
857,13:27:51,8.04,0.0,67,53868,卖盘
858,13:27:55,8.04,0.0,18,14472,买盘
859,13:28:01,8.04,0.0,1,804,买盘
860,13:28:04,8.04,0.0,5,4020,买盘
861,13:28:10,8.03,-0.01,36,28918,卖盘
862,13:28:12,8.04,0.01,29,23316,买盘
863,13:28:18,8.03,-0.01,300,240972,卖盘
864,13:28:22,8.03,0.0,3,2409,卖盘
865,13:28:27,8.03,0.0,3,2409,卖盘
866,13:28:30,8.03,0.0,5,4015,买盘
867,13:28:40,8.03,0.0,12,9636,卖盘
868,13:28:48,8.03,0.0,4,3212,卖盘
869,13:28:51,8.02,-0.01,1,802,卖盘
870,13:28:54,8.02,0.0,7,5614,卖盘
871,13:29:01,8.03,0.01,3,2409,买盘
872,13:29:15,8.03,0.0,1,803,买盘
873,13:29:18,8.03,0.0,28,22484,买盘
874,13:29:22,8.03,0.0,17,13651,买盘
875,13:29:24,8.02,-0.01,7,5614,卖盘
876,13:29:30,8.02,0.0,2,1604,卖盘
877,13:29:51,8.02,0.0,1,802,卖盘
878,13:29:55,8.02,0.0,14,11238,卖盘
879,13:30:04,8.03,0.01,9,7227,卖盘
880,13:30:07,8.03,0.0,1,803,卖盘
881,13:30:13,8.03,0.0,10,8030,买盘
882,13:30:28,8.03,0.0,12,9636,卖盘
883,13:30:36,8.04,0.01,27,21708,买盘
884,13:30:39,8.03,-0.01,12,9636,卖盘
885,13:30:43,8.03,0.0,1,803,买盘
886,13:30:45,8.03,0.0,10,8030,买盘
887,13:30:48,8.03,0.0,7,5621,买盘
888,13:30:51,8.03,0.0,1,803,卖盘
889,13:31:04,8.04,0.01,1,804,买盘
890,13:31:15,8.04,0.0,20,16080,买盘
891,13:31:28,8.03,-0.01,7,5621,卖盘
892,13:31:51,8.03,0.0,1,803,卖盘
893,13:31:58,8.03,0.0,37,29741,卖盘
894,13:32:00,8.04,0.01,3,2412,买盘
895,13:32:06,8.03,-0.01,50,40150,卖盘
896,13:32:12,8.03,0.0,2,1606,买盘
897,13:32:18,8.02,-0.01,47,37694,卖盘
898,13:32:25,8.03,0.01,2,1606,买盘
899,13:32:27,8.02,-0.01,7,5614,卖盘
900,13:32:42,8.01,-0.01,228,182759,卖盘
901,13:32:46,8.03,0.02,4,3212,买盘
902,13:32:51,8.01,-0.02,1,801,卖盘
903,13:32:54,8.01,0.0,23,18423,卖盘
904,13:33:00,8.0,-0.01,7,5600,卖盘
905,13:33:04,8.0,0.0,6,4800,卖盘
906,13:33:07,8.01,0.01,62,49612,买盘
907,13:33:10,8.0,-0.01,5,4000,卖盘
908,13:33:15,8.0,0.0,252,201602,卖盘
909,13:33:18,8.01,0.01,23,18423,买盘
910,13:33:28,8.0,-0.01,9,7206,卖盘
911,13:33:51,8.01,0.01,19,15219,卖盘
912,13:33:55,8.01,0.0,15,12015,卖盘
913,13:34:00,8.01,0.0,6,4806,卖盘
914,13:34:13,8.01,0.0,13,10413,卖盘
915,13:34:22,8.01,0.0,41,32841,卖盘
916,13:34:31,8.01,0.0,7,5607,卖盘
917,13:34:52,8.01,0.0,2,1602,卖盘
918,13:34:58,8.01,0.0,36,28836,卖盘
919,13:35:01,8.01,0.0,7,5607,卖盘
920,13:35:09,8.01,0.0,55,44055,卖盘
921,13:35:25,8.0,-0.01,60,48000,卖盘
922,13:35:31,8.0,0.0,7,5600,卖盘
923,13:35:39,8.0,0.0,72,57600,卖盘
924,13:35:42,8.0,0.0,22,17600,卖盘
925,13:35:45,8.01,0.01,3,2403,买盘
926,13:35:52,8.0,-0.01,1,800,卖盘
927,13:35:57,8.01,0.01,40,32030,买盘
928,13:36:01,8.0,-0.01,15,12008,卖盘
929,13:36:04,8.01,0.01,6,4806,买盘
930,13:36:18,8.01,0.0,3,2403,买盘
931,13:36:22,8.0,-0.01,1,800,卖盘
932,13:36:30,8.01,0.01,18,14418,买盘
933,13:36:33,8.0,-0.01,7,5600,卖盘
934,13:36:39,8.01,0.01,6,4806,买盘
935,13:36:43,8.01,0.0,9,7209,买盘
936,13:36:51,8.01,0.0,3,2403,买盘
937,13:36:54,8.0,-0.01,1,800,卖盘
938,13:36:57,8.01,0.01,20,16020,买盘
939,13:37:04,8.01,0.0,36,28830,买盘
940,13:37:13,8.01,0.0,20,16020,买盘
941,13:37:19,8.01,0.0,2,1602,买盘
942,13:37:34,8.01,0.0,7,5607,卖盘
943,13:37:37,8.01,0.0,3,2723,卖盘
944,13:37:40,8.0,-0.01,63,50426,卖盘
945,13:37:51,8.01,0.01,1,801,卖盘
946,13:38:01,8.02,0.01,3,2406,买盘
947,13:38:04,8.01,-0.01,7,5607,卖盘
948,13:38:37,8.01,0.0,5,4005,卖盘
949,13:38:46,8.01,0.0,2,1602,买盘
950,13:38:52,8.01,0.0,1,801,卖盘
951,13:38:57,8.02,0.01,4,3208,买盘
952,13:39:07,8.02,0.0,5,4010,卖盘
953,13:39:16,8.02,0.0,1,802,买盘
954,13:39:22,8.02,0.0,1,802,买盘
955,13:39:33,8.02,0.0,17,13634,卖盘
956,13:39:37,8.02,0.0,7,5614,卖盘
957,13:39:43,8.03,0.01,18,14454,买盘
958,13:39:51,8.02,-0.01,1,802,卖盘
959,13:40:07,8.02,0.0,4,3208,卖盘
960,13:40:10,8.02,0.0,2,1604,买盘
961,13:40:36,8.02,0.0,7,5614,卖盘
962,13:40:52,8.03,0.01,2,1606,买盘
963,13:40:57,8.02,-0.01,1,802,卖盘
964,13:41:06,8.02,0.0,7,5614,卖盘
965,13:41:21,8.02,0.0,1,802,卖盘
966,13:41:37,8.02,0.0,7,5614,卖盘
967,13:41:51,8.02,0.0,1,802,卖盘
968,13:42:06,8.02,0.0,7,5614,卖盘
969,13:42:15,8.03,0.01,4,3212,买盘
970,13:42:21,8.03,0.0,10,8030,买盘
971,13:42:24,8.03,0.0,28,22484,买盘
972,13:42:31,8.03,0.0,2,1606,买盘
973,13:42:36,8.02,-0.01,58,46527,卖盘
974,13:42:43,8.03,0.01,7,5621,买盘
975,13:42:52,8.03,0.0,1,803,卖盘
976,13:43:04,8.03,0.0,19,15257,卖盘
977,13:43:09,8.02,-0.01,6,4812,卖盘
978,13:43:39,8.02,0.0,7,5614,卖盘
979,13:43:52,8.01,-0.01,1,801,卖盘
980,13:43:57,8.01,0.0,10,8010,卖盘
981,13:44:22,8.02,0.01,7,5614,买盘
982,13:44:34,8.02,0.0,5,4010,卖盘
983,13:44:49,8.02,0.0,7,5614,买盘
984,13:44:52,8.03,0.01,6,4817,买盘
985,13:45:12,8.02,-0.01,7,5614,卖盘
986,13:45:19,8.03,0.01,20,16060,买盘
987,13:45:40,8.03,0.0,2,1606,买盘
988,13:45:43,8.02,-0.01,7,5614,卖盘
989,13:45:52,8.02,0.0,2,1604,卖盘
990,13:46:13,8.02,0.0,6,4812,卖盘
991,13:46:34,8.02,0.0,4,3208,卖盘
992,13:46:42,8.02,0.0,7,5614,卖盘
993,13:46:51,8.02,0.0,1,802,卖盘
994,13:47:10,8.02,0.0,8,6416,卖盘
995,13:47:13,8.02,0.0,7,5614,卖盘
996,13:47:37,8.02,0.0,18,14436,卖盘
997,13:47:45,8.02,0.0,7,5614,卖盘
998,13:47:52,8.02,0.0,1,802,卖盘
999,13:48:15,8.02,0.0,7,5614,卖盘
1000,13:48:18,8.03,0.01,50,40150,买盘
1001,13:48:34,8.03,0.0,5,4015,买盘
1002,13:48:45,8.03,0.0,27,21674,买盘
1003,13:48:48,8.03,0.0,7,5621,买盘
1004,13:48:51,8.02,-0.01,11,8832,卖盘
1005,13:48:54,8.03,0.01,61,48983,买盘
1006,13:48:57,8.03,0.0,18,14454,买盘
1007,13:49:00,8.03,0.0,3,2409,买盘
1008,13:49:04,8.02,-0.01,35,28091,卖盘
1009,13:49:52,8.04,0.02,1,804,卖盘
1010,13:49:54,8.08,0.04,26,21001,买盘
1011,13:50:52,8.04,-0.04,1,804,卖盘
1012,13:51:13,8.05,0.01,7,5635,买盘
1013,13:51:18,8.05,0.0,7,5635,卖盘
1014,13:51:48,8.05,0.0,7,5635,卖盘
1015,13:51:52,8.05,0.0,1,805,卖盘
1016,13:52:19,8.05,0.0,6,4830,卖盘
1017,13:52:48,8.05,0.0,7,5635,卖盘
1018,13:52:54,8.05,0.0,1,805,卖盘
1019,13:53:01,8.05,0.0,1,805,卖盘
1020,13:53:18,8.05,0.0,7,5635,卖盘
1021,13:53:43,8.06,0.01,31,24986,买盘
1022,13:53:45,8.05,-0.01,11,8855,卖盘
1023,13:53:52,8.04,-0.01,8,6432,卖盘
1024,13:53:57,8.05,0.01,1,805,买盘
1025,13:54:00,8.04,-0.01,18,14472,卖盘
1026,13:54:21,8.04,0.0,37,29741,买盘
1027,13:54:36,8.04,0.0,1,804,买盘
1028,13:54:46,8.03,-0.01,95,76285,卖盘
1029,13:54:51,8.02,-0.01,8,6416,卖盘
1030,13:55:06,8.02,0.0,75,60150,卖盘
1031,13:55:21,8.01,-0.01,6,4806,卖盘
1032,13:55:46,8.01,0.0,94,75294,卖盘
1033,13:55:49,8.01,0.0,20,16020,卖盘
1034,13:55:51,8.01,0.0,2,1602,卖盘
1035,13:56:21,8.01,0.0,7,5607,卖盘
1036,13:56:52,8.01,0.0,1,801,卖盘
1037,13:56:55,8.01,0.0,7,5607,卖盘
1038,13:57:06,8.01,0.0,6,4806,卖盘
1039,13:57:24,8.01,0.0,7,5607,卖盘
1040,13:57:54,8.01,0.0,8,6408,卖盘
1041,13:58:25,8.01,0.0,6,4806,卖盘
1042,13:58:39,8.02,0.01,2,1604,买盘
1043,13:58:51,8.02,0.0,28,22456,买盘
1044,13:58:54,8.02,0.0,6,4812,卖盘
1045,13:59:04,8.02,0.0,54,43308,买盘
1046,13:59:06,8.02,0.0,22,17644,买盘
1047,13:59:28,8.02,0.0,7,5614,卖盘
1048,13:59:31,8.03,0.01,1,803,买盘
1049,13:59:48,8.03,0.0,3,2409,买盘
1050,13:59:51,8.02,-0.01,1,802,卖盘
1051,13:59:58,8.02,0.0,7,5614,卖盘
1052,14:00:28,8.02,0.0,7,5614,卖盘
1053,14:00:34,8.03,0.01,1,803,买盘
1054,14:00:40,8.02,-0.01,5,4010,卖盘
1055,14:00:52,8.02,0.0,4,3208,卖盘
1056,14:00:57,8.02,0.0,7,5614,卖盘
1057,14:01:28,8.02,0.0,6,4812,卖盘
1058,14:01:51,8.02,0.0,1,802,卖盘
1059,14:01:57,8.02,0.0,7,5614,卖盘
1060,14:02:12,8.02,0.0,15,12030,卖盘
1061,14:02:27,8.02,0.0,47,37694,卖盘
1062,14:02:31,8.03,0.01,20,16060,买盘
1063,14:02:45,8.03,0.0,19,15257,买盘
1064,14:02:52,8.02,-0.01,1,802,卖盘
1065,14:02:55,8.03,0.01,4,3212,买盘
1066,14:03:01,8.02,-0.01,7,5614,卖盘
1067,14:03:10,8.02,0.0,17,13634,卖盘
1068,14:03:31,8.02,0.0,7,5614,卖盘
1069,14:03:34,8.03,0.01,6,4818,买盘
1070,14:03:39,8.02,-0.01,3,2406,卖盘
1071,14:03:51,8.02,0.0,1,802,卖盘
1072,14:04:01,8.02,0.0,7,5614,卖盘
1073,14:04:10,8.01,-0.01,16,12824,卖盘
1074,14:04:52,8.01,0.0,1,801,卖盘
1075,14:04:58,8.01,0.0,31,24430,卖盘
1076,14:05:04,8.01,0.0,7,5607,卖盘
1077,14:05:07,8.01,0.0,54,43254,卖盘
1078,14:05:09,8.01,0.0,16,12816,卖盘
1079,14:05:12,8.02,0.01,6,4812,买盘
1080,14:05:33,8.02,0.0,7,5614,卖盘
1081,14:05:52,8.02,0.0,1,802,卖盘
1082,14:06:04,8.03,0.01,11,8826,买盘
1083,14:06:09,8.01,-0.02,17,13623,卖盘
1084,14:06:43,8.02,0.01,19,15238,卖盘
1085,14:06:51,8.02,0.0,2,1604,卖盘
1086,14:07:04,8.01,-0.01,7,5607,卖盘
1087,14:07:10,8.01,0.0,16,12816,卖盘
1088,14:07:21,8.01,0.0,14,11214,卖盘
1089,14:07:34,8.01,0.0,6,4806,卖盘
1090,14:07:49,8.02,0.01,2,1604,买盘
1091,14:07:51,8.01,-0.01,3,2405,卖盘
1092,14:08:07,8.01,0.0,7,5607,卖盘
1093,14:08:09,8.01,0.0,16,12816,卖盘
1094,14:08:16,8.01,0.0,38,30438,卖盘
1095,14:08:37,8.01,0.0,7,5607,卖盘
1096,14:08:51,8.01,0.0,1,801,卖盘
1097,14:09:07,8.01,0.0,7,5607,卖盘
1098,14:09:09,8.01,0.0,17,13617,卖盘
1099,14:09:15,8.02,0.01,6,4812,买盘
1100,14:09:55,8.02,0.0,1,802,卖盘
1101,14:10:07,8.02,0.0,7,5614,卖盘
1102,14:10:10,8.01,-0.01,16,12817,卖盘
1103,14:10:22,8.03,0.02,7,5621,买盘
1104,14:10:36,8.03,0.0,5,4015,卖盘
1105,14:10:55,8.03,0.0,1,803,买盘
1106,14:10:58,8.03,0.0,1,803,卖盘
1107,14:11:10,8.02,-0.01,23,18465,卖盘
1108,14:11:37,8.04,0.02,7,5628,买盘
1109,14:11:39,8.04,0.0,7,5628,卖盘
1110,14:11:54,8.04,0.0,1,804,卖盘
1111,14:12:10,8.03,-0.01,21,16868,卖盘
1112,14:12:13,8.05,0.02,10,8045,买盘
1113,14:12:31,8.07,0.02,55,44342,买盘
1114,14:12:34,8.07,0.0,1,807,卖盘
1115,14:12:52,8.02,-0.05,1,802,卖盘
1116,14:13:10,8.03,0.01,7,5625,卖盘
1117,14:13:22,8.02,-0.01,11,8822,卖盘
1118,14:13:54,8.02,0.0,1,802,卖盘
1119,14:14:10,8.02,0.0,16,12832,卖盘
1120,14:14:28,8.03,0.01,5,4015,买盘
1121,14:14:43,8.02,-0.01,7,5614,卖盘
1122,14:14:54,8.02,0.0,1,802,卖盘
1123,14:15:00,8.03,0.01,2,1606,买盘
1124,14:15:09,8.02,-0.01,22,17662,卖盘
1125,14:15:43,8.02,0.0,7,5614,卖盘
1126,14:15:46,8.03,0.01,5,4015,买盘
1127,14:15:48,8.03,0.0,2,1606,买盘
1128,14:15:54,8.03,0.0,1,803,卖盘
1129,14:16:10,8.03,0.0,17,13661,卖盘
1130,14:16:15,8.04,0.01,4,3216,中性盘
1131,14:16:22,8.04,0.0,2,1608,买盘
1132,14:16:46,8.03,-0.01,6,4818,卖盘
1133,14:16:52,8.03,0.0,2,1606,卖盘
1134,14:17:07,8.04,0.01,1,804,买盘
1135,14:17:09,8.03,-0.01,16,12859,卖盘
1136,14:17:16,8.04,0.01,7,5628,中性盘
1137,14:17:43,8.05,0.01,5,4025,买盘
1138,14:17:46,8.05,0.0,7,5635,卖盘
1139,14:17:54,8.05,0.0,1,805,卖盘
1140,14:18:09,8.06,0.01,32,25777,买盘
1141,14:18:12,8.05,-0.01,17,13699,卖盘
1142,14:18:34,8.07,0.02,2,1614,买盘
1143,14:18:52,8.05,-0.02,1,805,卖盘
1144,14:19:13,8.05,0.0,16,12880,卖盘
1145,14:19:16,8.05,0.0,1,805,卖盘
1146,14:19:46,8.04,-0.01,3,2734,卖盘
1147,14:19:49,8.04,0.0,6,4824,卖盘
1148,14:19:51,8.04,0.0,1,804,卖盘
1149,14:20:04,8.05,0.01,2,1610,买盘
1150,14:20:10,8.04,-0.01,24,19296,卖盘
1151,14:20:18,8.04,0.0,7,5628,卖盘
1152,14:20:49,8.04,0.0,7,5628,卖盘
1153,14:20:52,8.04,0.0,1,804,卖盘
1154,14:21:19,8.04,0.0,7,5628,卖盘
1155,14:21:24,8.04,0.0,10,8040,卖盘
1156,14:21:49,8.04,0.0,4,2894,卖盘
1157,14:21:52,8.03,-0.01,1,803,卖盘
1158,14:22:22,8.03,0.0,10,8360,卖盘
1159,14:22:28,8.03,0.0,2,1606,卖盘
1160,14:22:49,8.03,0.0,8,6424,卖盘
1161,14:23:10,8.04,0.01,6,4824,买盘
1162,14:23:21,8.04,0.0,7,5628,卖盘
1163,14:23:27,8.04,0.0,2,1608,卖盘
1164,14:23:51,8.04,0.0,7,5628,卖盘
1165,14:23:54,8.04,0.0,38,30552,卖盘
1166,14:24:13,8.02,-0.02,146,117124,卖盘
1167,14:24:31,8.02,0.0,1,802,卖盘
1168,14:24:51,8.02,0.0,7,5614,卖盘
1169,14:25:04,8.03,0.01,7,5621,买盘
1170,14:25:07,8.03,0.0,10,8030,卖盘
1171,14:25:21,8.04,0.01,4,3216,买盘
1172,14:25:24,8.03,-0.01,7,5621,卖盘
1173,14:25:31,8.03,0.0,2,1606,卖盘
1174,14:25:55,8.03,0.0,6,4818,卖盘
1175,14:26:25,8.03,0.0,7,5621,卖盘
1176,14:26:28,8.03,0.0,2,1606,卖盘
1177,14:26:37,8.03,0.0,5,4015,卖盘
1178,14:26:55,8.03,0.0,6,4818,卖盘
1179,14:26:58,8.03,0.0,3,2409,买盘
1180,14:27:00,8.02,-0.01,1,802,卖盘
1181,14:27:21,8.03,0.01,22,17666,买盘
1182,14:27:24,8.03,0.0,7,5621,卖盘
1183,14:27:31,8.03,0.0,2,1606,卖盘
1184,14:27:54,8.03,0.0,7,5621,卖盘
1185,14:28:16,8.04,0.01,21,16884,买盘
1186,14:28:19,8.03,-0.01,16,12848,卖盘
1187,14:28:27,8.02,-0.01,1,802,卖盘
1188,14:29:04,8.02,0.0,306,245432,卖盘
1189,14:29:30,8.02,0.0,2,1604,卖盘
1190,14:30:04,8.02,0.0,60,48120,卖盘
1191,14:30:27,8.02,0.0,2,1604,卖盘
1192,14:30:51,8.02,0.0,3,2406,卖盘
1193,14:31:09,8.02,0.0,30,24060,卖盘
1194,14:31:27,8.02,0.0,2,1604,卖盘
1195,14:32:16,8.04,0.02,20,16080,买盘
1196,14:32:31,8.02,-0.02,1,802,卖盘
1197,14:32:36,8.04,0.02,23,18492,买盘
1198,14:32:57,8.04,0.0,3,2412,卖盘
1199,14:33:30,8.04,0.0,2,1608,卖盘
1200,14:33:58,8.04,0.0,12,9648,卖盘
1201,14:34:28,8.04,0.0,2,1608,卖盘
1202,14:34:43,8.04,0.0,7,5628,卖盘
1203,14:35:54,8.05,0.01,10,8050,买盘
1204,14:36:22,8.04,-0.01,3,2412,卖盘
1205,14:36:25,8.04,0.0,2,1608,买盘
1206,14:36:34,8.04,0.0,1,804,买盘
1207,14:36:37,8.04,0.0,5,3779,买盘
1208,14:36:51,8.04,0.0,9,7477,卖盘
1209,14:37:15,8.04,0.0,10,8040,买盘
1210,14:37:25,8.04,0.0,10,8040,买盘
1211,14:37:34,8.04,0.0,5,4020,买盘
1212,14:37:36,8.04,0.0,6,4583,买盘
1213,14:37:46,8.05,0.01,3,2415,买盘
1214,14:38:22,8.05,0.0,15,12075,买盘
1215,14:38:25,8.05,0.0,8,6440,买盘
1216,14:38:33,8.05,0.0,5,4025,买盘
1217,14:38:36,8.05,0.0,26,20930,买盘
1218,14:38:43,8.03,-0.02,147,118267,卖盘
1219,14:41:18,8.07,0.04,20,16140,买盘
1220,14:42:04,8.08,0.01,61,49263,买盘
1221,14:42:24,8.08,0.0,1,808,买盘
1222,14:42:34,8.06,-0.02,19,15314,卖盘
1223,14:42:36,8.06,0.0,5,4030,买盘
1224,14:43:06,8.06,0.0,22,17732,买盘
1225,14:44:04,8.07,0.01,1,807,卖盘
1226,14:44:06,8.07,0.0,1,807,买盘
1227,14:44:16,8.08,0.01,21,16968,买盘
1228,14:44:22,8.07,-0.01,1,807,卖盘
1229,14:44:58,8.07,0.0,3,2421,买盘
1230,14:45:07,8.07,0.0,6,4842,买盘
1231,14:45:13,8.07,0.0,20,16140,买盘
1232,14:45:18,8.07,0.0,3,2421,买盘
1233,14:45:22,8.07,0.0,3,2421,买盘
1234,14:45:36,8.07,0.0,66,53262,买盘
1235,14:45:55,8.07,0.0,10,8070,卖盘
1236,14:45:58,8.08,0.01,1,808,买盘
1237,14:46:15,8.08,0.0,9,7272,买盘
1238,14:46:18,8.08,0.0,5,4040,卖盘
1239,14:46:37,8.09,0.01,4,3236,买盘
1240,14:46:43,8.08,-0.01,20,16160,卖盘
1241,14:47:06,8.09,0.01,3,2427,买盘
1242,14:47:25,8.08,-0.01,22,17776,卖盘
1243,14:47:30,8.08,0.0,6,4848,卖盘
1244,14:47:43,8.08,0.0,20,16160,买盘
1245,14:47:52,8.08,0.0,4,3232,卖盘
1246,14:47:54,8.08,0.0,4,3232,卖盘
1247,14:48:15,8.09,0.01,1,809,买盘
1248,14:48:39,8.08,-0.01,131,105848,卖盘
1249,14:49:05,8.07,-0.01,12,9684,卖盘
1250,14:49:18,8.07,0.0,6,4842,卖盘
1251,14:49:39,8.07,0.0,10,8070,买盘
1252,14:49:42,8.07,0.0,10,8070,买盘
1253,14:49:51,8.07,0.0,8,6456,买盘
1254,14:49:57,8.06,-0.01,50,40300,卖盘
1255,14:50:39,8.06,0.0,12,9672,卖盘
1256,14:51:04,8.06,0.0,13,10478,卖盘
1257,14:51:19,8.07,0.01,10,8070,买盘
1258,14:51:37,8.07,0.0,4,3228,买盘
1259,14:51:39,8.06,-0.01,60,48360,卖盘
1260,14:51:42,8.07,0.01,40,32280,买盘
1261,14:52:04,8.07,0.0,10,8070,买盘
1262,14:52:33,8.07,0.0,13,10491,买盘
1263,14:52:43,8.07,0.0,10,8070,买盘
1264,14:52:58,8.08,0.01,76,61366,买盘
1265,14:53:04,8.08,0.0,4,3232,卖盘
1266,14:53:13,8.09,0.01,2,1618,买盘
1267,14:53:19,8.09,0.0,10,8090,买盘
1268,14:53:25,8.1,0.01,52,42082,买盘
1269,14:53:42,8.1,0.0,65,52974,买盘
1270,14:53:46,8.1,0.0,30,24300,卖盘
1271,14:53:49,8.1,0.0,2,1620,卖盘
1272,14:53:52,8.1,0.0,2,1620,卖盘
1273,14:53:54,8.1,0.0,58,46980,卖盘
1274,14:53:58,8.1,0.0,1,810,卖盘
1275,14:54:01,8.1,0.0,9,7290,卖盘
1276,14:54:04,8.1,0.0,7,5670,卖盘
1277,14:54:07,8.1,0.0,1,810,卖盘
1278,14:54:10,8.1,0.0,31,24786,卖盘
1279,14:54:19,8.1,0.0,33,27054,买盘
1280,14:54:22,8.1,0.0,1,810,卖盘
1281,14:54:24,8.1,0.0,16,12960,卖盘
1282,14:54:30,8.11,0.01,20,16220,买盘
1283,14:54:37,8.1,-0.01,10,8100,卖盘
1284,14:54:40,8.11,0.01,2,1622,买盘
1285,14:54:46,8.1,-0.01,50,40500,卖盘
1286,14:54:48,8.1,0.0,1,810,卖盘
1287,14:54:51,8.1,0.0,1,810,卖盘
1288,14:54:55,8.1,0.0,21,17010,卖盘
1289,14:54:58,8.1,0.0,1,810,卖盘
1290,14:55:01,8.1,0.0,1,810,卖盘
1291,14:55:04,8.1,0.0,1,810,卖盘
1292,14:55:07,8.1,0.0,20,15876,卖盘
1293,14:55:13,8.07,-0.03,35,28275,卖盘
1294,14:55:27,8.08,0.01,7,5656,买盘
1295,14:56:31,8.06,-0.02,7,5642,卖盘
1296,14:56:34,8.06,0.0,14,11284,卖盘
1297,14:56:46,8.07,0.01,7,5649,卖盘
1298,14:56:52,8.07,0.0,60,48420,卖盘
1299,15:00:04,8.07,0.0,312,251784,卖盘
