,time,price,change,volume,amount,type
0,09:25:04,59.21,-0.28,58,343418,卖盘
1,09:30:04,59.21,0.0,10,59210,卖盘
2,09:30:07,59.2,-0.01,116,686963,卖盘
3,09:30:10,59.2,0.0,14,82880,买盘
4,09:30:13,59.2,0.0,10,59181,买盘
5,09:30:19,59.11,-0.09,4,23652,卖盘
6,09:30:22,59.18,0.07,4,23658,中性盘
7,09:30:25,59.11,-0.07,7,41377,卖盘
8,09:30:28,59.2,0.09,23,136138,买盘
9,09:30:31,59.11,-0.09,1,5911,卖盘
10,09:30:34,59.11,0.0,1,5911,卖盘
11,09:30:37,59.14,0.03,2,11828,中性盘
12,09:30:40,59.17,0.03,8,47324,买盘
13,09:30:43,59.11,-0.06,23,135973,卖盘
14,09:30:46,59.15,0.04,2,11826,买盘
15,09:30:49,59.1,-0.05,3,17732,卖盘
16,09:30:52,59.01,-0.09,52,307269,卖盘
17,09:30:55,59.11,0.1,9,53208,中性盘
18,09:30:58,59.11,0.0,4,23644,卖盘
19,09:31:01,59.01,-0.1,23,135860,卖盘
20,09:31:05,59.17,0.16,12,70944,买盘
21,09:31:07,59.1,-0.07,24,141910,中性盘
22,09:31:10,59.05,-0.05,3,17715,卖盘
23,09:31:13,59.1,0.05,5,29550,买盘
24,09:31:16,59.07,-0.03,7,41363,中性盘
25,09:31:19,59.05,-0.02,5,29531,卖盘
26,09:31:22,59.1,0.05,12,70888,买盘
27,09:31:28,59.16,0.06,7,41412,买盘
28,09:31:31,59.1,-0.06,41,242341,卖盘
29,09:31:34,59.17,0.07,16,94669,买盘
30,09:31:43,59.11,-0.06,12,70958,卖盘
31,09:31:46,59.17,0.06,16,94659,买盘
32,09:31:49,59.12,-0.05,1,5912,中性盘
33,09:31:52,59.16,0.04,6,35501,中性盘
34,09:31:55,59.17,0.01,6,35500,买盘
35,09:31:58,59.12,-0.05,15,88736,卖盘
36,09:32:01,59.19,0.07,37,218827,买盘
37,09:32:04,59.19,0.0,9,53265,买盘
38,09:32:07,59.19,0.0,122,721520,买盘
39,09:32:10,59.16,-0.03,9,53257,卖盘
40,09:32:13,59.15,-0.01,2,11830,卖盘
41,09:32:16,59.16,0.01,4,23664,买盘
42,09:32:19,59.18,0.02,12,71016,买盘
43,09:32:22,59.19,0.01,1,5919,买盘
44,09:32:25,59.19,0.0,17,100622,买盘
45,09:32:28,59.2,0.01,10,59200,买盘
46,09:32:31,59.19,-0.01,8,47352,卖盘
47,09:32:34,59.2,0.01,148,876107,买盘
48,09:32:40,59.2,0.0,1,5920,卖盘
49,09:32:43,59.2,0.0,12,71050,卖盘
50,09:32:49,59.47,0.27,21,124662,买盘
51,09:32:55,59.47,0.0,29,172463,买盘
52,09:33:01,59.47,0.0,9,53527,卖盘
53,09:33:04,59.23,-0.24,18,106950,卖盘
54,09:33:07,59.48,0.25,7,41626,买盘
55,09:33:10,59.48,0.0,5,29741,卖盘
56,09:33:13,59.46,-0.02,5,29729,买盘
57,09:33:16,59.46,0.0,9,53514,买盘
58,09:33:19,59.46,0.0,5,29728,买盘
59,09:33:22,59.46,0.0,2,11892,买盘
60,09:33:31,59.45,-0.01,1,5945,卖盘
61,09:33:34,59.45,0.0,3,17835,卖盘
62,09:33:37,59.27,-0.18,4,23759,卖盘
63,09:33:40,59.27,0.0,4,23708,卖盘
64,09:33:43,59.44,0.17,14,83216,买盘
65,09:33:46,59.27,-0.17,4,23708,卖盘
66,09:33:49,59.43,0.16,9,53487,买盘
67,09:33:52,59.27,-0.16,1,5927,中性盘
68,09:33:55,59.42,0.15,23,136616,买盘
69,09:33:58,59.28,-0.14,2,11856,中性盘
70,09:34:01,59.34,0.06,34,201756,中性盘
71,09:34:04,59.34,0.0,2,11868,卖盘
72,09:34:10,59.35,0.01,16,94946,卖盘
73,09:34:13,59.39,0.04,51,302885,买盘
74,09:34:16,59.34,-0.05,36,213636,卖盘
75,09:34:19,59.39,0.05,21,124628,买盘
76,09:34:22,59.33,-0.06,6,35608,中性盘
77,09:34:25,59.29,-0.04,5,29645,卖盘
78,09:34:28,59.33,0.04,2,11866,买盘
79,09:34:31,59.34,0.01,4,23726,买盘
80,09:34:34,59.3,-0.04,3,17798,中性盘
81,09:34:40,59.3,0.0,14,83071,卖盘
82,09:34:43,59.3,0.0,10,59304,卖盘
83,09:34:49,59.32,0.02,16,94908,买盘
84,09:34:52,59.3,-0.02,20,118595,卖盘
85,09:34:55,59.3,0.0,4,23720,买盘
86,09:34:58,59.3,0.0,23,136364,买盘
87,09:35:01,59.29,-0.01,1,5929,中性盘
88,09:35:04,59.28,-0.01,2,11857,卖盘
89,09:35:07,59.28,0.0,27,160081,卖盘
90,09:35:10,59.23,-0.05,50,296251,卖盘
91,09:35:13,59.29,0.06,15,88902,买盘
92,09:35:16,59.27,-0.02,7,41485,中性盘
93,09:35:19,59.22,-0.05,10,59226,卖盘
94,09:35:25,59.28,0.06,77,456441,买盘
95,09:35:28,59.2,-0.08,55,325648,卖盘
96,09:35:34,59.2,0.0,25,148034,卖盘
97,09:35:37,59.22,0.02,14,82908,买盘
98,09:35:40,59.2,-0.02,24,142104,卖盘
99,09:35:43,59.2,0.0,37,219042,卖盘
100,09:35:46,59.2,0.0,55,325360,卖盘
101,09:35:49,59.1,-0.1,6,35469,卖盘
102,09:35:52,59.19,0.09,10,59186,买盘
103,09:35:55,59.15,-0.04,4,23672,中性盘
104,09:35:58,59.06,-0.09,100,591051,卖盘
105,09:36:01,59.06,0.0,7,41342,卖盘
106,09:36:04,59.15,0.09,2,11830,买盘
107,09:36:07,59.1,-0.05,7,41358,中性盘
108,09:36:10,59.08,-0.02,10,59092,卖盘
109,09:36:13,59.06,-0.02,54,319227,卖盘
110,09:36:16,59.17,0.11,19,112403,买盘
111,09:36:19,59.07,-0.1,1,5907,卖盘
112,09:36:22,59.14,0.07,18,106531,买盘
113,09:36:25,59.08,-0.06,15,88634,卖盘
114,09:36:28,59.05,-0.03,103,608318,卖盘
115,09:36:31,59.08,0.03,21,124032,买盘
116,09:36:34,59.16,0.08,4,23652,买盘
117,09:36:37,59.1,-0.06,5,29554,卖盘
118,09:36:40,59.1,0.0,30,177306,卖盘
119,09:36:43,59.15,0.05,11,65065,买盘
120,09:36:46,59.15,0.0,7,41397,买盘
121,09:36:49,59.11,-0.04,13,76843,中性盘
122,09:36:52,59.15,0.04,10,59145,买盘
123,09:36:55,59.15,0.0,3,17745,买盘
124,09:36:58,59.1,-0.05,36,212845,卖盘
125,09:37:01,59.15,0.05,1,5915,买盘
126,09:37:04,59.15,0.0,24,141960,买盘
127,09:37:07,59.14,-0.01,1,5914,卖盘
128,09:37:10,59.16,0.02,48,283960,买盘
129,09:37:13,59.16,0.0,37,218847,买盘
130,09:37:16,59.15,-0.01,9,53238,卖盘
131,09:37:19,59.16,0.01,66,390456,买盘
132,09:37:22,59.11,-0.05,70,413912,卖盘
133,09:37:25,59.16,0.05,3,17748,中性盘
134,09:37:28,59.22,0.06,76,449939,买盘
135,09:37:31,59.1,-0.12,111,656198,卖盘
136,09:37:37,59.16,0.06,37,219064,卖盘
137,09:37:40,59.16,0.0,6,35504,卖盘
138,09:37:43,59.22,0.06,25,148032,买盘
139,09:37:46,59.22,0.0,1,5922,中性盘
140,09:37:49,59.23,0.01,5,29615,买盘
141,09:37:52,59.22,-0.01,1,5922,卖盘
142,09:37:55,59.22,0.0,1,5922,卖盘
143,09:37:58,59.23,0.01,31,183669,买盘
144,09:38:10,59.23,0.0,5,29615,卖盘
145,09:38:13,59.27,0.04,11,65197,买盘
146,09:38:16,59.27,0.0,2,11854,卖盘
147,09:38:19,59.28,0.01,20,118560,买盘
148,09:38:22,59.27,-0.01,15,88905,卖盘
149,09:38:25,59.28,0.01,2,11856,买盘
150,09:38:28,59.28,0.0,12,71136,卖盘
151,09:38:31,59.27,-0.01,24,142249,卖盘
152,09:38:34,59.27,0.0,3,17781,买盘
153,09:38:37,59.27,0.0,23,136295,买盘
154,09:38:40,59.28,0.01,90,533445,买盘
155,09:38:43,59.28,0.0,12,71136,卖盘
156,09:38:52,59.3,0.02,46,272713,买盘
157,09:38:55,59.28,-0.02,2,11856,买盘
158,09:39:01,59.27,-0.01,20,118548,卖盘
159,09:39:04,59.29,0.02,1,5929,卖盘
160,09:39:07,59.29,0.0,1,5929,中性盘
161,09:39:10,59.29,0.0,2,11858,买盘
162,09:39:13,59.29,0.0,10,59284,买盘
163,09:39:16,59.29,0.0,3,17787,买盘
164,09:39:19,59.29,0.0,6,35574,卖盘
165,09:39:22,59.29,0.0,13,77072,买盘
166,09:39:25,59.29,0.0,6,35574,中性盘
167,09:39:31,59.3,0.01,9,53369,买盘
168,09:39:34,59.3,0.0,2,11860,卖盘
169,09:39:37,59.28,-0.02,13,77072,卖盘
170,09:39:40,59.33,0.05,7,41510,买盘
171,09:39:46,59.33,0.0,7,41531,买盘
172,09:39:52,59.3,-0.03,6,35581,卖盘
173,09:39:55,59.3,0.0,5,29653,卖盘
174,09:40:01,59.29,-0.01,5,29647,卖盘
175,09:40:04,59.29,0.0,9,53361,卖盘
176,09:40:07,59.34,0.05,30,177949,买盘
177,09:40:10,59.28,-0.06,18,106707,卖盘
178,09:40:13,59.28,0.0,11,65211,买盘
179,09:40:16,59.27,-0.01,11,65210,卖盘
180,09:40:19,59.27,0.0,6,35566,卖盘
181,09:40:22,59.28,0.01,21,124468,买盘
182,09:40:25,59.28,0.0,3,17784,卖盘
183,09:40:28,59.28,0.0,26,154084,卖盘
184,09:40:31,59.25,-0.03,20,118500,卖盘
185,09:40:34,59.28,0.03,22,130358,中性盘
186,09:40:37,59.28,0.0,1,5928,买盘
187,09:40:46,59.23,-0.05,4,23697,卖盘
188,09:40:49,59.24,0.01,7,41468,买盘
189,09:40:52,59.23,-0.01,1,5923,卖盘
190,09:40:55,59.23,0.0,13,77004,卖盘
191,09:40:58,59.23,0.0,11,65153,卖盘
192,09:41:01,59.23,0.0,37,219103,买盘
193,09:41:04,59.22,-0.01,20,118458,中性盘
194,09:41:07,59.2,-0.02,1,5920,卖盘
195,09:41:10,59.2,0.0,22,130240,卖盘
196,09:41:13,59.2,0.0,19,112480,卖盘
197,09:41:16,59.19,-0.01,1,5919,卖盘
198,09:41:19,59.22,0.03,82,485503,买盘
199,09:41:22,59.19,-0.03,17,100646,卖盘
200,09:41:25,59.2,0.01,24,142095,卖盘
201,09:41:28,59.19,-0.01,1,5919,中性盘
202,09:41:34,59.2,0.01,13,76958,买盘
203,09:41:37,59.18,-0.02,8,47344,卖盘
204,09:41:40,59.15,-0.03,9,53249,卖盘
205,09:41:43,59.2,0.05,34,201257,买盘
206,09:41:46,59.19,-0.01,1,5919,卖盘
207,09:41:49,59.2,0.01,3,17758,买盘
208,09:41:55,59.2,0.0,20,118390,买盘
209,09:41:58,59.15,-0.05,9,53247,卖盘
210,09:42:01,59.15,0.0,5,29575,买盘
211,09:42:04,59.15,0.0,1,5915,买盘
212,09:42:07,59.15,0.0,5,29575,买盘
213,09:42:10,59.19,0.04,19,112399,买盘
214,09:42:13,59.14,-0.05,10,59149,卖盘
215,09:42:16,59.14,0.0,15,88721,卖盘
216,09:42:19,59.18,0.04,22,130173,买盘
217,09:42:22,59.14,-0.04,12,70987,卖盘
218,09:42:25,59.15,0.01,4,23660,买盘
219,09:42:28,59.17,0.02,10,59152,买盘
220,09:42:31,59.17,0.0,1,5917,卖盘
221,09:42:34,59.15,-0.02,5,29583,卖盘
222,09:42:40,59.15,0.0,2,11830,卖盘
223,09:42:43,59.2,0.05,29,171656,买盘
224,09:42:46,59.2,0.0,1,5920,卖盘
225,09:42:55,59.17,-0.03,1,5917,买盘
226,09:42:58,59.17,0.0,13,76925,卖盘
227,09:43:01,59.2,0.03,33,195301,买盘
228,09:43:04,59.16,-0.04,88,520752,卖盘
229,09:43:07,59.16,0.0,1,5916,买盘
230,09:43:10,59.16,0.0,2,11832,买盘
231,09:43:13,59.15,-0.01,10,59150,卖盘
232,09:43:16,59.16,0.01,130,768958,买盘
233,09:43:19,59.13,-0.03,10,59134,卖盘
234,09:43:22,59.14,0.01,1,5914,中性盘
235,09:43:25,59.15,0.01,23,136023,买盘
236,09:43:28,59.13,-0.02,1,5913,卖盘
237,09:43:31,59.1,-0.03,117,691554,卖盘
238,09:43:34,59.1,0.0,3,17730,买盘
239,09:43:37,59.1,0.0,8,47280,买盘
240,09:43:40,59.08,-0.02,17,100452,卖盘
241,09:43:43,59.1,0.02,39,230418,买盘
242,09:43:46,59.05,-0.05,51,301173,卖盘
243,09:43:49,59.08,0.03,4,23631,买盘
244,09:43:52,59.05,-0.03,36,212576,卖盘
245,09:43:55,59.05,0.0,7,41335,买盘
246,09:43:58,59.03,-0.02,13,76749,卖盘
247,09:44:01,59.02,-0.01,11,64923,卖盘
248,09:44:04,59.03,0.01,27,159363,中性盘
249,09:44:07,59.01,-0.02,7,41311,卖盘
250,09:44:10,59.02,0.01,4,23606,中性盘
251,09:44:13,59.02,0.0,41,241945,买盘
252,09:44:16,59.01,-0.01,6,35406,卖盘
253,09:44:19,59.02,0.01,10,59014,买盘
254,09:44:22,59.01,-0.01,4,23604,卖盘
255,09:44:25,59.01,0.0,5,29505,卖盘
256,09:44:28,59.0,-0.01,63,371724,卖盘
257,09:44:31,59.02,0.02,10,59014,买盘
258,09:44:34,59.0,-0.02,106,625418,卖盘
259,09:44:37,59.01,0.01,34,200629,中性盘
260,09:44:40,59.01,0.0,18,106221,卖盘
261,09:44:43,59.0,-0.01,18,106200,卖盘
262,09:44:46,58.98,-0.02,8,47194,卖盘
263,09:44:49,59.0,0.02,2,11801,中性盘
264,09:44:52,58.97,-0.03,15,88469,卖盘
265,09:44:55,58.98,0.01,3,17694,买盘
266,09:44:58,58.98,0.0,5,29490,买盘
267,09:45:01,58.97,-0.01,3,17690,买盘
268,09:45:04,58.96,-0.01,56,330152,卖盘
269,09:45:07,58.91,-0.05,4,23569,卖盘
270,09:45:10,58.92,0.01,29,170917,中性盘
271,09:45:13,58.95,0.03,5,29481,中性盘
272,09:45:16,58.98,0.03,23,135648,买盘
273,09:45:19,58.98,0.0,18,106164,卖盘
274,09:45:22,58.98,0.0,5,29490,卖盘
275,09:45:25,59.01,0.03,45,265501,买盘
276,09:45:28,59.0,-0.01,13,76710,卖盘
277,09:45:31,59.0,0.0,7,41300,卖盘
278,09:45:34,59.0,0.0,10,59003,卖盘
279,09:45:37,59.01,0.01,42,247827,买盘
280,09:45:40,59.01,0.0,131,772885,买盘
281,09:45:43,59.02,0.01,7,41310,买盘
282,09:45:46,59.01,-0.01,1,5901,卖盘
283,09:45:52,59.02,0.01,32,188838,买盘
284,09:45:55,59.01,-0.01,3,17703,卖盘
285,09:45:58,59.02,0.01,11,64922,买盘
286,09:46:01,59.02,0.0,22,129843,买盘
287,09:46:04,59.02,0.0,46,271487,买盘
288,09:46:07,59.05,0.03,4,23620,买盘
289,09:46:10,59.01,-0.04,100,590138,卖盘
290,09:46:13,59.02,0.01,1,5902,卖盘
291,09:46:16,59.03,0.01,3,17717,卖盘
292,09:46:19,59.02,-0.01,6,35430,卖盘
293,09:46:25,59.04,0.02,3,17710,买盘
294,09:46:28,59.02,-0.02,2,11804,卖盘
295,09:46:31,59.02,0.0,4,23608,卖盘
296,09:46:34,59.02,0.0,6,35412,卖盘
297,09:46:37,59.04,0.02,1,5904,买盘
298,09:46:40,59.02,-0.02,19,112168,卖盘
299,09:46:49,59.04,0.02,1,5904,卖盘
300,09:46:55,59.0,-0.04,102,602085,卖盘
301,09:46:58,59.04,0.04,6,35428,卖盘
302,09:47:01,58.9,-0.14,105,618859,卖盘
303,09:47:05,59.04,0.14,4,23616,买盘
304,09:47:07,59.02,-0.02,15,88544,中性盘
305,09:47:10,59.02,0.0,1,5902,买盘
306,09:47:13,59.03,0.01,1,5903,买盘
307,09:47:16,59.0,-0.03,1,5900,卖盘
308,09:47:19,59.0,0.0,7,41300,买盘
309,09:47:22,58.9,-0.1,13,76570,卖盘
310,09:47:25,59.0,0.1,18,106200,买盘
311,09:47:28,58.96,-0.04,22,129712,卖盘
312,09:47:31,58.96,0.0,1,5896,卖盘
313,09:47:34,58.96,0.0,13,76669,卖盘
314,09:47:37,58.96,0.0,17,100245,卖盘
315,09:47:40,58.94,-0.02,1,5894,买盘
316,09:47:43,58.94,0.0,10,58938,买盘
317,09:47:49,58.94,0.0,14,82510,买盘
318,09:47:52,58.96,0.02,3,17686,买盘
319,09:47:55,58.94,-0.02,69,406796,卖盘
320,09:47:58,58.94,0.0,21,123784,卖盘
321,09:48:01,58.96,0.02,7,41272,买盘
322,09:48:04,58.94,-0.02,17,100253,卖盘
323,09:48:07,58.94,0.0,9,53046,卖盘
324,09:48:10,58.98,0.04,18,106164,卖盘
325,09:48:13,58.96,-0.02,33,194586,卖盘
326,09:48:16,58.95,-0.01,10,58950,卖盘
327,09:48:19,58.96,0.01,22,129712,买盘
328,09:48:22,59.0,0.04,7,41294,买盘
329,09:48:25,59.0,0.0,21,123900,卖盘
330,09:48:28,59.0,0.0,33,194700,卖盘
331,09:48:31,59.0,0.0,3,17700,卖盘
332,09:48:34,59.02,0.02,1,5902,买盘
333,09:48:37,59.03,0.01,7,41315,买盘
334,09:48:40,59.0,-0.03,38,224258,卖盘
335,09:48:43,59.04,0.04,32,188868,买盘
336,09:48:46,59.02,-0.02,1,5902,中性盘
337,09:48:52,59.02,0.0,16,94453,卖盘
338,09:48:55,59.0,-0.02,56,330503,卖盘
339,09:48:58,59.04,0.04,6,35422,买盘
340,09:49:01,59.04,0.0,17,100361,买盘
341,09:49:10,59.04,0.0,13,76774,卖盘
342,09:49:16,59.09,0.05,17,100447,买盘
343,09:49:19,59.1,0.01,6,35460,买盘
344,09:49:22,59.09,-0.01,4,23639,卖盘
345,09:49:25,59.09,0.0,7,41363,卖盘
346,09:49:28,59.09,0.0,3,17727,卖盘
347,09:49:31,59.1,0.01,33,195069,买盘
348,09:49:34,59.15,0.05,34,201103,买盘
349,09:49:37,59.15,0.0,1,5915,卖盘
350,09:49:40,59.15,0.0,1,5915,卖盘
351,09:49:46,59.2,0.05,4,23680,买盘
352,09:49:49,59.2,0.0,7,41440,买盘
353,09:49:52,59.1,-0.1,149,880770,卖盘
354,09:49:55,59.17,0.07,7,41416,中性盘
355,09:49:58,59.2,0.03,2,11837,买盘
356,09:50:01,59.11,-0.09,5,29555,卖盘
357,09:50:04,59.12,0.01,14,82872,卖盘
358,09:50:07,59.2,0.08,7,41424,买盘
359,09:50:10,59.12,-0.08,1,5912,卖盘
360,09:50:22,59.19,0.07,5,29595,买盘
361,09:50:25,59.16,-0.03,1,5916,卖盘
362,09:50:28,59.16,0.0,9,53232,卖盘
363,09:50:34,59.13,-0.03,29,171483,卖盘
364,09:50:37,59.13,0.0,27,159651,卖盘
365,09:50:40,59.16,0.03,3,17742,买盘
366,09:50:43,59.13,-0.03,3,17739,卖盘
367,09:50:46,59.13,0.0,13,76894,卖盘
368,09:50:49,59.13,0.0,7,41391,卖盘
369,09:50:52,59.13,0.0,7,41391,买盘
370,09:50:55,59.1,-0.03,30,177374,卖盘
371,09:51:01,59.1,0.0,1,5910,卖盘
372,09:51:04,59.13,0.03,13,76839,买盘
373,09:51:07,59.1,-0.03,16,94557,中性盘
374,09:51:10,59.13,0.03,15,88662,买盘
375,09:51:13,59.13,0.0,61,360458,买盘
376,09:51:16,59.13,0.0,30,177387,买盘
377,09:51:19,59.09,-0.04,12,70908,买盘
378,09:51:22,59.09,0.0,3,17727,买盘
379,09:51:31,59.08,-0.01,13,76804,卖盘
380,09:51:34,59.08,0.0,1,5908,买盘
381,09:51:37,59.08,0.0,11,64988,买盘
382,09:51:40,59.07,-0.01,1,5907,中性盘
383,09:51:46,59.06,-0.01,5,29533,卖盘
384,09:51:49,59.06,0.0,1,5906,买盘
385,09:51:52,59.05,-0.01,25,147625,卖盘
386,09:51:55,59.05,0.0,6,35431,买盘
387,09:51:58,59.04,-0.01,6,35434,卖盘
388,09:52:04,59.05,0.01,14,82657,买盘
389,09:52:07,59.04,-0.01,54,318816,卖盘
390,09:52:10,59.04,0.0,10,59047,卖盘
391,09:52:22,59.03,-0.01,7,41321,卖盘
392,09:52:28,59.02,-0.01,6,35417,卖盘
393,09:52:34,59.03,0.01,2,11806,买盘
394,09:52:37,59.03,0.0,5,29511,买盘
395,09:52:40,59.01,-0.02,5,29508,卖盘
396,09:52:43,59.03,0.02,6,35415,买盘
397,09:52:46,59.02,-0.01,2,11804,卖盘
398,09:52:49,59.03,0.01,52,306956,买盘
399,09:52:52,59.02,-0.01,12,70828,卖盘
400,09:52:55,59.03,0.01,5,29515,买盘
401,09:52:58,59.02,-0.01,2,11804,卖盘
402,09:53:01,59.02,0.0,1,5902,卖盘
403,09:53:04,59.03,0.01,84,495839,买盘
404,09:53:07,59.03,0.0,2,11806,卖盘
405,09:53:10,59.03,0.0,17,100351,卖盘
406,09:53:16,59.04,0.01,27,159407,买盘
407,09:53:19,59.03,-0.01,69,407307,卖盘
408,09:53:22,59.03,0.0,1,5903,卖盘
409,09:53:25,59.04,0.01,5,29518,买盘
410,09:53:28,59.04,0.0,1,5904,买盘
411,09:53:31,59.03,-0.01,56,330581,卖盘
412,09:53:34,59.02,-0.01,1,5902,卖盘
413,09:53:40,59.03,0.01,13,76749,买盘
414,09:53:43,59.03,0.0,17,100351,卖盘
415,09:53:49,59.05,0.02,48,283342,买盘
416,09:53:52,59.05,0.0,2,11810,买盘
417,09:53:55,59.04,-0.01,5,29517,中性盘
418,09:53:58,59.04,0.0,16,94459,买盘
419,09:54:01,59.05,0.01,2,11808,中性盘
420,09:54:04,59.06,0.01,1,5906,买盘
421,09:54:07,59.03,-0.03,7,41325,卖盘
422,09:54:10,59.07,0.04,6,35437,买盘
423,09:54:16,59.04,-0.03,5,29520,买盘
424,09:54:19,59.06,0.02,4,23623,买盘
425,09:54:25,59.06,0.0,1,5906,卖盘
426,09:54:28,59.05,-0.01,2,11811,卖盘
427,09:54:31,59.05,0.0,1,5905,买盘
428,09:54:34,59.04,-0.01,9,53136,卖盘
429,09:54:37,59.05,0.01,2,11810,买盘
430,09:54:40,59.05,0.0,25,147625,买盘
431,09:54:43,59.05,0.0,20,118100,卖盘
432,09:54:46,59.05,0.0,5,29525,卖盘
433,09:54:49,59.06,0.01,1,5906,买盘
434,09:54:55,59.05,-0.01,2,11810,卖盘
435,09:55:01,59.05,0.0,32,188960,卖盘
436,09:55:04,59.05,0.0,6,35432,卖盘
437,09:55:07,59.06,0.01,12,70870,买盘
438,09:55:10,59.06,0.0,7,41342,卖盘
439,09:55:16,59.06,0.0,4,23624,卖盘
440,09:55:19,59.07,0.01,8,47256,买盘
441,09:55:22,59.06,-0.01,3,17720,卖盘
442,09:55:31,59.07,0.01,6,35442,卖盘
443,09:55:40,59.08,0.01,9,53170,买盘
444,09:55:46,59.08,0.0,8,47264,卖盘
445,09:55:49,59.08,0.0,5,29540,卖盘
446,09:55:52,59.1,0.02,30,177268,买盘
447,09:55:55,59.09,-0.01,14,82714,买盘
448,09:56:13,59.12,0.03,12,70944,买盘
449,09:56:16,59.12,0.0,4,23648,卖盘
450,09:56:19,59.12,0.0,12,70944,卖盘
451,09:56:22,59.13,0.01,6,35473,买盘
452,09:56:25,59.12,-0.01,14,82771,卖盘
453,09:56:31,59.13,0.01,4,23652,买盘
454,09:56:34,59.14,0.01,13,76879,买盘
455,09:56:37,59.12,-0.02,10,59126,卖盘
456,09:56:43,59.14,0.02,16,94617,买盘
457,09:56:49,59.14,0.0,7,41398,卖盘
458,09:56:52,59.13,-0.01,6,35482,卖盘
459,09:56:55,59.12,-0.01,39,230573,卖盘
460,09:56:58,59.15,0.03,5,29575,买盘
461,09:57:01,59.15,0.0,7,41404,买盘
462,09:57:13,59.16,0.01,5,29580,买盘
463,09:57:16,59.15,-0.01,6,35492,卖盘
464,09:57:19,59.18,0.03,51,301784,买盘
465,09:57:25,59.18,0.0,8,47344,卖盘
466,09:57:31,59.18,0.0,2,11836,卖盘
467,09:57:34,59.2,0.02,5,29600,买盘
468,09:57:37,59.2,0.0,3,17760,卖盘
469,09:57:40,59.2,0.0,1,5920,卖盘
470,09:57:49,59.2,0.0,16,94720,卖盘
471,09:57:52,59.22,0.02,18,106564,买盘
472,09:57:55,59.23,0.01,3,17769,买盘
473,09:58:04,59.23,0.0,11,65148,买盘
474,09:58:10,59.23,0.0,1,5923,卖盘
475,09:58:13,59.23,0.0,1,5923,卖盘
476,09:58:16,59.23,0.0,13,76999,卖盘
477,09:58:19,59.23,0.0,44,260616,卖盘
478,09:58:22,59.23,0.0,11,65153,买盘
479,09:58:25,59.23,0.0,1,5923,买盘
480,09:58:28,59.22,-0.01,4,23688,卖盘
481,09:58:31,59.25,0.03,30,177692,买盘
482,09:58:34,59.2,-0.05,12,71049,卖盘
483,09:58:43,59.23,0.03,6,35538,卖盘
484,09:58:46,59.25,0.02,7,41463,买盘
485,09:58:49,59.25,0.0,7,41472,买盘
486,09:58:52,59.25,0.0,1,5925,买盘
487,09:59:04,59.24,-0.01,26,154048,卖盘
488,09:59:13,59.23,-0.01,3,17769,卖盘
489,09:59:22,59.24,0.01,5,29620,买盘
490,09:59:25,59.23,-0.01,3,17769,卖盘
491,09:59:28,59.27,0.04,22,130365,买盘
492,09:59:31,59.23,-0.04,13,77027,卖盘
493,09:59:37,59.29,0.06,1,5929,买盘
494,09:59:40,59.24,-0.05,1,5924,卖盘
495,09:59:46,59.24,0.0,15,88888,买盘
496,09:59:49,59.24,0.0,11,65194,卖盘
497,09:59:58,59.28,0.04,10,59277,买盘
498,10:00:07,59.24,-0.04,8,47392,卖盘
499,10:00:13,59.24,0.0,2,11848,买盘
500,10:00:16,59.24,0.0,3,17772,卖盘
501,10:00:19,59.23,-0.01,20,118462,卖盘
502,10:00:22,59.23,0.0,1,5923,卖盘
503,10:00:25,59.23,0.0,5,29617,卖盘
504,10:00:34,59.23,0.0,4,23694,卖盘
505,10:00:40,59.23,0.0,1,5923,买盘
506,10:00:43,59.22,-0.01,1,5922,卖盘
507,10:00:46,59.24,0.02,10,59237,买盘
508,10:00:49,59.23,-0.01,1,5923,买盘
509,10:00:52,59.23,0.0,1,5923,买盘
510,10:00:55,59.22,-0.01,2,11844,卖盘
511,10:00:58,59.25,0.03,2,11850,买盘
512,10:01:04,59.23,-0.02,5,29615,卖盘
513,10:01:16,59.23,0.0,1,5923,买盘
514,10:01:19,59.23,0.0,4,23692,买盘
515,10:01:25,59.25,0.02,25,148113,买盘
516,10:01:31,59.25,0.0,2,11850,卖盘
517,10:01:37,59.27,0.02,44,260750,买盘
518,10:01:43,59.28,0.01,3,17784,买盘
519,10:01:52,59.29,0.01,26,154113,买盘
520,10:02:10,59.28,-0.01,6,35568,买盘
521,10:02:13,59.29,0.01,11,65213,买盘
522,10:02:16,59.33,0.04,4,23720,买盘
523,10:02:22,59.32,-0.01,1,5932,卖盘
524,10:02:25,59.33,0.01,4,23732,买盘
525,10:02:28,59.32,-0.01,4,23729,卖盘
526,10:02:34,59.34,0.02,10,59340,买盘
527,10:02:43,59.32,-0.02,4,23733,卖盘
528,10:02:46,59.34,0.02,1,5934,卖盘
529,10:02:49,59.34,0.0,6,35599,买盘
530,10:02:52,59.39,0.05,40,237428,买盘
531,10:02:58,59.34,-0.05,71,421245,中性盘
532,10:03:01,59.29,-0.05,40,237414,卖盘
533,10:03:07,59.29,0.0,1,5929,买盘
534,10:03:10,59.27,-0.02,9,53358,卖盘
535,10:03:13,59.27,0.0,9,53347,卖盘
536,10:03:19,59.28,0.01,10,59308,卖盘
537,10:03:22,59.3,0.02,79,469081,中性盘
538,10:03:31,59.39,0.09,5,29697,中性盘
539,10:03:37,59.4,0.01,5,29700,买盘
540,10:03:43,59.33,-0.07,8,47468,卖盘
541,10:03:46,59.39,0.06,32,190026,买盘
542,10:03:49,59.31,-0.08,10,59316,卖盘
543,10:03:52,59.29,-0.02,7,41511,卖盘
544,10:03:55,59.29,0.0,4,23716,买盘
545,10:03:58,59.29,0.0,6,35574,买盘
546,10:04:01,59.29,0.0,2,11858,买盘
547,10:04:04,59.29,0.0,23,136365,买盘
548,10:04:07,59.29,0.0,3,17787,买盘
549,10:04:10,59.28,-0.01,4,23712,卖盘
550,10:04:13,59.29,0.01,3,17785,买盘
551,10:04:16,59.29,0.0,4,23716,买盘
552,10:04:19,59.33,0.04,3,17798,买盘
553,10:04:22,59.29,-0.04,4,23716,卖盘
554,10:04:28,59.29,0.0,6,35594,卖盘
555,10:04:34,59.29,0.0,7,41503,卖盘
556,10:04:43,59.29,0.0,5,29645,卖盘
557,10:04:46,59.33,0.04,21,124592,买盘
558,10:04:49,59.32,-0.01,2,11864,卖盘
559,10:04:55,59.32,0.0,20,118640,卖盘
560,10:04:58,59.32,0.0,6,35592,买盘
561,10:05:10,59.29,-0.03,2,11858,卖盘
562,10:05:16,59.29,0.0,1,5929,买盘
563,10:05:22,59.28,-0.01,5,29640,卖盘
564,10:05:25,59.29,0.01,28,165987,买盘
565,10:05:34,59.27,-0.02,16,94832,卖盘
566,10:05:37,59.29,0.02,19,112648,买盘
567,10:05:52,59.29,0.0,5,29645,卖盘
568,10:05:58,59.29,0.0,4,23716,卖盘
569,10:06:01,59.29,0.0,30,177870,卖盘
570,10:06:04,59.29,0.0,1,5929,卖盘
571,10:06:10,59.29,0.0,13,77078,卖盘
572,10:06:13,59.3,0.01,26,154156,买盘
573,10:06:16,59.33,0.03,128,759381,买盘
574,10:06:19,59.33,0.0,35,207655,卖盘
575,10:06:22,59.33,0.0,1,5933,卖盘
576,10:06:28,59.33,0.0,86,510238,卖盘
577,10:06:31,59.37,0.04,73,433499,买盘
578,10:06:37,59.37,0.0,5,29685,卖盘
579,10:06:43,59.37,0.0,20,118740,卖盘
580,10:06:46,59.39,0.02,3,17815,买盘
581,10:06:49,59.4,0.01,8,47518,买盘
582,10:06:52,59.38,-0.02,8,47504,卖盘
583,10:06:55,59.42,0.04,6,35650,买盘
584,10:07:01,59.42,0.0,4,23768,卖盘
585,10:07:07,59.43,0.01,2,11886,买盘
586,10:07:10,59.42,-0.01,11,65364,卖盘
587,10:07:13,59.43,0.01,11,65354,买盘
588,10:07:16,59.43,0.0,8,47544,卖盘
589,10:07:19,59.38,-0.05,10,59396,卖盘
590,10:07:22,59.38,0.0,34,201952,卖盘
591,10:07:25,59.38,0.0,9,53442,卖盘
592,10:07:28,59.38,0.0,8,47511,卖盘
593,10:07:31,59.38,0.0,30,178140,卖盘
594,10:07:37,59.38,0.0,2,11876,买盘
595,10:07:40,59.37,-0.01,33,195997,卖盘
596,10:07:46,59.37,0.0,10,59370,卖盘
597,10:07:49,59.39,0.02,6,35628,中性盘
598,10:07:52,59.4,0.01,11,65334,买盘
599,10:07:55,59.37,-0.03,1,5937,卖盘
600,10:07:58,59.37,0.0,3,17633,卖盘
601,10:08:04,59.37,0.0,1,5937,买盘
602,10:08:10,59.37,0.0,47,279023,买盘
603,10:08:13,59.37,0.0,28,166236,卖盘
604,10:08:16,59.37,0.0,2,11874,卖盘
605,10:08:19,59.37,0.0,43,255113,卖盘
606,10:08:28,59.37,0.0,5,29657,买盘
607,10:08:31,59.37,0.0,1,5937,买盘
608,10:08:34,59.3,-0.07,1,5930,卖盘
609,10:08:37,59.3,0.0,5,29650,卖盘
610,10:08:40,59.3,0.0,1,5930,卖盘
611,10:08:46,59.3,0.0,4,23720,卖盘
612,10:08:49,59.3,0.0,3,17790,卖盘
613,10:08:55,59.34,0.04,8,47444,买盘
614,10:08:58,59.29,-0.05,14,83006,卖盘
615,10:09:04,59.29,0.0,1,5929,卖盘
616,10:09:07,59.29,0.0,1,5929,卖盘
617,10:09:10,59.29,0.0,53,314237,卖盘
618,10:09:13,59.29,0.0,3,17787,卖盘
619,10:09:16,59.29,0.0,18,106722,卖盘
620,10:09:28,59.28,-0.01,2,11856,卖盘
621,10:09:34,59.27,-0.01,7,41489,卖盘
622,10:09:37,59.25,-0.02,4,23700,卖盘
623,10:09:40,59.25,0.0,3,17775,卖盘
624,10:09:46,59.25,0.0,5,29625,卖盘
625,10:09:49,59.25,0.0,78,462293,卖盘
626,10:09:52,59.25,0.0,49,290325,卖盘
627,10:09:58,59.2,-0.05,9,53284,卖盘
628,10:10:01,59.25,0.05,27,159931,买盘
629,10:10:04,59.19,-0.06,1,5919,卖盘
630,10:10:07,59.19,0.0,5,29595,卖盘
631,10:10:10,59.18,-0.01,1,5918,卖盘
632,10:10:13,59.18,0.0,22,130201,卖盘
633,10:10:16,59.18,0.0,1,5918,卖盘
634,10:10:19,59.1,-0.08,9,53226,卖盘
635,10:10:25,59.13,0.03,24,141866,中性盘
636,10:10:31,59.1,-0.03,3,17733,卖盘
637,10:10:34,59.15,0.05,52,307434,买盘
638,10:10:37,59.15,0.0,1,5915,卖盘
639,10:10:43,59.15,0.0,2,11830,卖盘
640,10:10:46,59.15,0.0,5,29575,卖盘
641,10:10:49,59.15,0.0,1,5915,买盘
642,10:10:52,59.15,0.0,1,5915,买盘
643,10:11:01,59.11,-0.04,3,17733,卖盘
644,10:11:10,59.11,0.0,7,41377,卖盘
645,10:11:13,59.11,0.0,15,88665,卖盘
646,10:11:16,59.11,0.0,1,5911,卖盘
647,10:11:19,59.11,0.0,8,47300,卖盘
648,10:11:28,59.11,0.0,5,29555,买盘
649,10:11:31,59.11,0.0,4,23644,买盘
650,10:11:34,59.11,0.0,21,124131,买盘
651,10:11:40,59.11,0.0,6,35463,买盘
652,10:11:43,59.1,-0.01,1,5910,卖盘
653,10:11:46,59.11,0.01,15,88629,买盘
654,10:11:49,59.1,-0.01,1,5910,中性盘
655,10:11:52,59.1,0.0,2,11818,买盘
656,10:11:55,59.1,0.0,9,53190,买盘
657,10:11:58,59.1,0.0,12,70920,买盘
658,10:12:01,59.1,0.0,2,11820,买盘
659,10:12:07,59.1,0.0,6,35460,买盘
660,10:12:10,59.1,0.0,4,23640,卖盘
661,10:12:13,59.08,-0.02,32,189087,卖盘
662,10:12:19,59.1,0.02,16,94550,买盘
663,10:12:22,59.07,-0.03,9,53163,卖盘
664,10:12:25,59.08,0.01,4,23632,卖盘
665,10:12:28,59.1,0.02,8,47280,买盘
666,10:12:31,59.1,0.0,1,5910,卖盘
667,10:12:34,59.1,0.0,5,29542,买盘
668,10:12:40,59.11,0.01,1,5911,买盘
669,10:12:46,59.11,0.0,7,41377,买盘
670,10:12:52,59.11,0.0,7,41377,卖盘
671,10:13:01,59.1,-0.01,10,59127,卖盘
672,10:13:07,59.15,0.05,11,65059,买盘
673,10:13:10,59.11,-0.04,3,17741,卖盘
674,10:13:16,59.11,0.0,1,5911,卖盘
675,10:13:22,59.11,0.0,12,70942,卖盘
676,10:13:28,59.13,0.02,12,70936,买盘
677,10:13:31,59.1,-0.03,50,295554,卖盘
678,10:13:34,59.11,0.01,10,59110,中性盘
679,10:13:37,59.1,-0.01,23,135942,卖盘
680,10:13:40,59.1,0.0,10,59100,买盘
681,10:13:43,59.1,0.0,2,11820,买盘
682,10:13:46,59.1,0.0,14,82740,买盘
683,10:13:49,59.08,-0.02,20,118180,卖盘
684,10:13:52,59.1,0.02,15,88650,买盘
685,10:13:55,59.08,-0.02,4,23636,卖盘
686,10:13:58,59.1,0.02,2,11820,卖盘
687,10:14:04,59.1,0.0,1,5910,卖盘
688,10:14:07,59.1,0.0,4,23640,卖盘
689,10:14:25,59.1,0.0,15,88650,卖盘
690,10:14:28,59.11,0.01,8,47288,买盘
691,10:14:34,59.11,0.0,1,5911,卖盘
692,10:14:40,59.13,0.02,10,59130,买盘
693,10:14:43,59.11,-0.02,4,23644,卖盘
694,10:14:46,59.11,0.0,1,5911,买盘
695,10:14:49,59.11,0.0,2,11822,买盘
696,10:14:52,59.1,-0.01,5,29551,卖盘
697,10:14:55,59.11,0.01,5,29551,买盘
698,10:14:58,59.11,0.0,2,11822,买盘
699,10:15:01,59.13,0.02,1,5913,买盘
700,10:15:04,59.1,-0.03,9,53210,卖盘
701,10:15:07,59.14,0.04,7,41398,中性盘
702,10:15:10,59.14,0.0,4,23654,买盘
703,10:15:22,59.11,-0.03,1,5911,卖盘
704,10:15:25,59.15,0.04,31,183361,买盘
705,10:15:31,59.16,0.01,6,35496,买盘
706,10:15:34,59.17,0.01,2,11834,买盘
707,10:15:37,59.15,-0.02,15,88759,卖盘
708,10:15:40,59.19,0.04,6,35514,买盘
709,10:15:46,59.19,0.0,1,5919,买盘
710,10:15:49,59.19,0.0,6,35514,买盘
711,10:15:52,59.23,0.04,11,65137,买盘
712,10:15:58,59.19,-0.04,3,17760,卖盘
713,10:16:01,59.22,0.03,2,11841,买盘
714,10:16:10,59.22,0.0,1,5922,中性盘
715,10:16:22,59.22,0.0,1,5922,买盘
716,10:16:25,59.2,-0.02,7,41450,卖盘
717,10:16:28,59.22,0.02,2,11844,中性盘
718,10:16:31,59.22,0.0,8,47376,卖盘
719,10:16:34,59.23,0.01,11,65153,买盘
720,10:16:37,59.23,0.0,1,5923,卖盘
721,10:16:40,59.23,0.0,2,11846,卖盘
722,10:16:46,59.24,0.01,17,100701,买盘
723,10:16:49,59.24,0.0,1,5924,卖盘
724,10:16:52,59.24,0.0,6,35543,买盘
725,10:16:55,59.23,-0.01,2,11842,中性盘
726,10:16:58,59.23,0.0,11,65153,买盘
727,10:17:07,59.23,0.0,14,82916,买盘
728,10:17:10,59.23,0.0,1,5923,卖盘
729,10:17:13,59.23,0.0,1,5923,买盘
730,10:17:22,59.2,-0.03,3,17760,卖盘
731,10:17:25,59.2,0.0,4,23680,卖盘
732,10:17:37,59.2,0.0,13,76960,卖盘
733,10:17:40,59.18,-0.02,27,159812,卖盘
734,10:17:52,59.16,-0.02,1,5916,卖盘
735,10:18:10,59.15,-0.01,5,29575,卖盘
736,10:18:16,59.15,0.0,13,76896,卖盘
737,10:18:19,59.15,0.0,4,23661,卖盘
738,10:18:22,59.15,0.0,1,5915,卖盘
739,10:18:25,59.15,0.0,10,59150,卖盘
740,10:18:43,59.12,-0.03,2,11824,卖盘
741,10:18:49,59.15,0.03,1,5915,买盘
742,10:18:52,59.12,-0.03,3,17736,中性盘
743,10:18:55,59.12,0.0,4,23648,卖盘
744,10:19:01,59.12,0.0,5,29560,卖盘
745,10:19:10,59.12,0.0,2,11824,卖盘
746,10:19:22,59.12,0.0,3,17736,卖盘
747,10:19:25,59.12,0.0,2,11824,卖盘
748,10:19:34,59.12,0.0,2,11824,买盘
749,10:19:46,59.11,-0.01,20,118220,卖盘
750,10:19:49,59.12,0.01,13,76846,买盘
751,10:19:52,59.1,-0.02,29,171410,卖盘
752,10:19:58,59.11,0.01,1,5911,买盘
753,10:20:04,59.11,0.0,3,17733,买盘
754,10:20:07,59.1,-0.01,10,59100,卖盘
755,10:20:16,59.1,0.0,9,53190,卖盘
756,10:20:19,59.11,0.01,22,130023,买盘
757,10:20:22,59.15,0.04,70,413953,买盘
758,10:20:25,59.15,0.0,8,47320,卖盘
759,10:20:28,59.15,0.0,2,11830,卖盘
760,10:20:34,59.16,0.01,5,29580,买盘
761,10:20:46,59.15,-0.01,14,82810,卖盘
762,10:20:49,59.16,0.01,4,23664,买盘
763,10:20:55,59.15,-0.01,8,47326,卖盘
764,10:20:58,59.15,0.0,6,35490,卖盘
765,10:21:01,59.15,0.0,25,147875,买盘
766,10:21:04,59.15,0.0,21,124215,卖盘
767,10:21:07,59.15,0.0,2,11830,卖盘
768,10:21:10,59.16,0.01,2,11832,卖盘
769,10:21:13,59.15,-0.01,2,11830,卖盘
770,10:21:19,59.12,-0.03,6,35472,卖盘
771,10:21:25,59.12,0.0,4,23648,卖盘
772,10:21:28,59.12,0.0,3,17736,卖盘
773,10:21:31,59.12,0.0,4,23660,卖盘
774,10:21:46,59.15,0.03,1,5915,卖盘
775,10:21:49,59.12,-0.03,2,11824,卖盘
776,10:21:52,59.16,0.04,1,5916,买盘
777,10:21:55,59.12,-0.04,18,106416,卖盘
778,10:21:58,59.12,0.0,3,17736,卖盘
779,10:22:10,59.12,0.0,2,11824,卖盘
780,10:22:13,59.15,0.03,2,11830,买盘
781,10:22:16,59.12,-0.03,6,35475,卖盘
782,10:22:22,59.12,0.0,5,29560,卖盘
783,10:22:25,59.1,-0.02,49,289661,卖盘
784,10:22:31,59.1,0.0,11,65010,卖盘
785,10:22:34,59.1,0.0,49,289609,卖盘
786,10:22:43,59.09,-0.01,1,5909,买盘
787,10:22:46,59.07,-0.02,20,118157,卖盘
788,10:22:49,59.1,0.03,6,35450,买盘
789,10:22:52,59.07,-0.03,13,76791,卖盘
790,10:22:55,59.07,0.0,7,41349,卖盘
791,10:22:58,59.07,0.0,1,5907,卖盘
792,10:23:01,59.06,-0.01,7,41345,卖盘
793,10:23:04,59.07,0.01,22,129954,买盘
794,10:23:07,59.06,-0.01,2,11812,卖盘
795,10:23:10,59.07,0.01,4,23626,买盘
796,10:23:13,59.06,-0.01,24,141754,卖盘
797,10:23:16,59.05,-0.01,15,88598,卖盘
798,10:23:19,59.09,0.04,30,177193,买盘
799,10:23:22,59.09,0.0,1,5909,卖盘
800,10:23:25,59.04,-0.05,20,118175,卖盘
801,10:23:40,59.04,0.0,9,53143,卖盘
802,10:23:52,59.03,-0.01,4,23613,卖盘
803,10:24:01,59.01,-0.02,164,967804,卖盘
804,10:24:04,59.03,0.02,7,41321,买盘
805,10:24:07,59.03,0.0,23,135769,卖盘
806,10:24:10,59.03,0.0,20,118060,卖盘
807,10:24:13,59.03,0.0,53,312859,卖盘
808,10:24:16,59.0,-0.03,10,59008,卖盘
809,10:24:22,59.0,0.0,7,41308,卖盘
810,10:24:25,59.0,0.0,3,17700,卖盘
811,10:24:28,59.0,0.0,11,64900,卖盘
812,10:24:31,59.0,0.0,48,283200,卖盘
813,10:24:37,59.0,0.0,16,94400,卖盘
814,10:24:40,59.0,0.0,14,82600,卖盘
815,10:24:43,58.98,-0.02,3,17696,卖盘
816,10:24:52,59.0,0.02,3,17696,中性盘
817,10:24:55,58.98,-0.02,8,47184,卖盘
818,10:25:04,58.98,0.0,2,11796,买盘
819,10:25:10,58.98,0.0,9,53078,买盘
820,10:25:16,58.98,0.0,4,23589,买盘
821,10:25:19,58.97,-0.01,10,58971,卖盘
822,10:25:22,58.97,0.0,9,53073,卖盘
823,10:25:25,58.98,0.01,4,23591,买盘
824,10:25:34,58.97,-0.01,5,29485,买盘
825,10:25:37,58.96,-0.01,35,206365,卖盘
826,10:25:40,59.0,0.04,34,200555,买盘
827,10:25:43,59.0,0.0,3,17700,卖盘
828,10:25:46,58.96,-0.04,87,513105,卖盘
829,10:25:49,58.96,0.0,10,58960,买盘
830,10:25:55,58.96,0.0,1,5896,买盘
831,10:25:58,58.96,0.0,17,100224,买盘
832,10:26:01,58.95,-0.01,4,23582,卖盘
833,10:26:04,58.96,0.01,20,117920,买盘
834,10:26:07,58.95,-0.01,12,70750,卖盘
835,10:26:10,58.96,0.01,2,11792,买盘
836,10:26:16,58.96,0.0,1,5896,卖盘
837,10:26:19,58.96,0.0,2,11792,卖盘
838,10:26:25,58.96,0.0,62,365580,卖盘
839,10:26:28,58.97,0.01,6,35379,中性盘
840,10:26:31,58.99,0.02,20,117990,卖盘
841,10:26:37,58.98,-0.01,4,23592,卖盘
842,10:26:49,59.0,0.02,4,23593,买盘
843,10:26:52,59.0,0.0,4,23600,卖盘
844,10:26:55,59.0,0.0,3,17700,卖盘
845,10:26:58,59.0,0.0,4,23600,卖盘
846,10:27:01,58.97,-0.03,9,53090,卖盘
847,10:27:07,58.98,0.01,2,11796,卖盘
848,10:27:10,58.99,0.01,2,11798,买盘
849,10:27:13,58.98,-0.01,12,70787,卖盘
850,10:27:19,58.99,0.01,4,23596,买盘
851,10:27:22,58.98,-0.01,5,29492,卖盘
852,10:27:25,58.99,0.01,8,47192,卖盘
853,10:27:40,59.01,0.02,1,5901,买盘
854,10:27:43,59.02,0.01,13,76716,买盘
855,10:27:46,59.03,0.01,3,17707,买盘
856,10:27:49,59.01,-0.02,14,82624,卖盘
857,10:27:52,59.04,0.03,2,11807,买盘
858,10:27:55,59.01,-0.03,10,59031,卖盘
859,10:27:58,59.01,0.0,3,17703,卖盘
860,10:28:01,59.04,0.03,30,177107,买盘
861,10:28:07,59.02,-0.02,1,5902,买盘
862,10:28:10,59.02,0.0,10,59020,买盘
863,10:28:13,59.04,0.02,9,53136,买盘
864,10:28:16,59.04,0.0,2,11808,中性盘
865,10:28:19,59.01,-0.03,5,29509,卖盘
866,10:28:25,59.01,0.0,53,312884,卖盘
867,10:28:28,59.04,0.03,4,23616,中性盘
868,10:28:34,59.01,-0.03,1,5901,卖盘
869,10:28:49,59.09,0.08,1,5909,买盘
870,10:28:58,59.05,-0.04,9,53145,卖盘
871,10:29:01,59.01,-0.04,45,265561,卖盘
872,10:29:07,59.03,0.02,5,29509,买盘
873,10:29:10,59.0,-0.03,10,59012,卖盘
874,10:29:16,59.01,0.01,6,35406,中性盘
875,10:29:25,59.0,-0.01,7,41312,卖盘
876,10:29:28,59.0,0.0,4,23600,买盘
877,10:29:37,59.05,0.05,2,11810,买盘
878,10:29:46,59.0,-0.05,28,165201,卖盘
879,10:29:49,59.05,0.05,6,35430,买盘
880,10:29:52,59.05,0.0,1,5905,卖盘
881,10:29:58,59.05,0.0,3,17715,卖盘
882,10:30:01,59.05,0.0,1,5905,卖盘
883,10:30:13,59.01,-0.04,4,23610,卖盘
884,10:30:16,59.01,0.0,6,35410,卖盘
885,10:30:19,59.05,0.04,4,23620,买盘
886,10:30:28,59.02,-0.03,8,47231,卖盘
887,10:30:31,59.05,0.03,37,218485,买盘
888,10:30:34,59.05,0.0,2,11810,卖盘
889,10:30:40,59.05,0.0,15,88575,卖盘
890,10:30:43,59.09,0.04,20,118169,买盘
891,10:30:52,59.05,-0.04,5,29525,卖盘
892,10:30:55,59.05,0.0,4,23620,卖盘
893,10:31:04,59.05,0.0,2,11810,买盘
894,10:31:16,59.03,-0.02,1,5903,卖盘
895,10:31:25,59.02,-0.01,16,94440,卖盘
896,10:31:28,59.02,0.0,3,17706,卖盘
897,10:31:34,59.03,0.01,33,194795,买盘
898,10:31:40,59.03,0.0,16,94476,卖盘
899,10:31:43,59.06,0.03,7,41336,买盘
900,10:31:46,59.06,0.0,13,76760,买盘
901,10:31:49,59.03,-0.03,14,82645,卖盘
902,10:31:52,59.03,0.0,1,5903,买盘
903,10:31:55,59.03,0.0,6,35418,买盘
904,10:31:58,59.02,-0.01,8,47221,卖盘
905,10:32:01,59.03,0.01,2,11808,中性盘
906,10:32:04,59.06,0.03,20,118063,买盘
907,10:32:10,59.07,0.01,3,17719,买盘
908,10:32:16,59.06,-0.01,13,76778,卖盘
909,10:32:22,59.06,0.0,16,94518,卖盘
910,10:32:25,59.09,0.03,12,70908,买盘
911,10:32:28,59.07,-0.02,4,23628,卖盘
912,10:32:37,59.12,0.05,11,65027,买盘
913,10:32:43,59.12,0.0,7,41384,买盘
914,10:32:46,59.12,0.0,1,5912,卖盘
915,10:32:49,59.15,0.03,59,348979,买盘
916,10:32:52,59.15,0.0,9,53235,买盘
917,10:32:58,59.18,0.03,8,47337,买盘
918,10:33:01,59.18,0.0,1,5918,买盘
919,10:33:04,59.18,0.0,1,5918,买盘
920,10:33:07,59.18,0.0,2,11836,卖盘
921,10:33:10,59.19,0.01,3,17757,买盘
922,10:33:13,59.17,-0.02,1,5917,卖盘
923,10:33:16,59.21,0.04,3,17759,买盘
924,10:33:19,59.21,0.0,1,5921,买盘
925,10:33:22,59.19,-0.02,2,11838,卖盘
926,10:33:25,59.19,0.0,2,11838,卖盘
927,10:33:31,59.17,-0.02,4,23668,卖盘
928,10:33:34,59.19,0.02,1,5919,买盘
929,10:33:37,59.3,0.11,115,681330,买盘
930,10:33:40,59.21,-0.09,7,41483,卖盘
931,10:33:43,59.19,-0.02,3,17757,买盘
932,10:33:49,59.19,0.0,1,5919,卖盘
933,10:33:58,59.19,0.0,3,17757,卖盘
934,10:34:04,59.2,0.01,3,17760,买盘
935,10:34:07,59.2,0.0,2,11840,卖盘
936,10:34:19,59.19,-0.01,25,147976,卖盘
937,10:34:22,59.25,0.06,32,189600,买盘
938,10:34:25,59.19,-0.06,4,23691,卖盘
939,10:34:28,59.32,0.13,11,65135,买盘
940,10:34:31,59.3,-0.02,2,11860,中性盘
941,10:34:34,59.19,-0.11,2,11838,买盘
942,10:34:40,59.19,0.0,28,165732,买盘
943,10:34:43,59.18,-0.01,2,11836,中性盘
944,10:34:46,59.19,0.01,1,5919,买盘
945,10:34:49,59.19,0.0,1,5919,买盘
946,10:34:52,59.19,0.0,2,11838,买盘
947,10:34:55,59.19,0.0,2,11838,买盘
948,10:34:58,59.19,0.0,3,17760,卖盘
949,10:35:04,59.19,0.0,3,17757,卖盘
950,10:35:07,59.19,0.0,2,11838,卖盘
951,10:35:10,59.19,0.0,6,35514,卖盘
952,10:35:16,59.19,0.0,4,23676,卖盘
953,10:35:22,59.18,-0.01,23,136127,卖盘
954,10:35:37,59.17,-0.01,1,5917,卖盘
955,10:35:46,59.19,0.02,3,17757,买盘
956,10:35:49,59.19,0.0,1,5919,买盘
957,10:35:55,59.19,0.0,3,17757,买盘
958,10:35:58,59.19,0.0,3,17757,卖盘
959,10:36:01,59.19,0.0,8,47352,卖盘
960,10:36:10,59.18,-0.01,7,41426,卖盘
961,10:36:13,59.15,-0.03,21,124263,卖盘
962,10:36:16,59.19,0.04,4,23676,买盘
963,10:36:28,59.15,-0.04,3,17745,卖盘
964,10:36:37,59.15,0.0,4,23660,卖盘
965,10:36:40,59.15,0.0,4,23660,卖盘
966,10:36:46,59.17,0.02,8,47335,买盘
967,10:36:52,59.16,-0.01,3,17750,卖盘
968,10:36:58,59.15,-0.01,3,17745,卖盘
969,10:37:01,59.18,0.03,1,5918,买盘
970,10:37:10,59.18,0.0,2,11836,买盘
971,10:37:25,59.15,-0.03,23,136045,卖盘
972,10:37:28,59.15,0.0,10,59164,卖盘
973,10:37:46,59.16,0.01,1,5916,买盘
974,10:37:49,59.15,-0.01,1,5915,买盘
975,10:37:52,59.12,-0.03,3,17739,卖盘
976,10:37:55,59.15,0.03,3,17745,买盘
977,10:38:01,59.12,-0.03,21,124156,卖盘
978,10:38:07,59.15,0.03,2,11830,卖盘
979,10:38:22,59.15,0.0,15,88712,买盘
980,10:38:25,59.15,0.0,28,165604,买盘
981,10:38:31,59.18,0.03,18,106504,买盘
982,10:38:34,59.19,0.01,9,53267,买盘
983,10:38:40,59.16,-0.03,4,23680,中性盘
984,10:38:43,59.24,0.08,2,11848,买盘
985,10:38:49,59.16,-0.08,2,11843,卖盘
986,10:38:55,59.28,0.12,38,225169,买盘
987,10:39:04,59.23,-0.05,1,5923,卖盘
988,10:39:07,59.23,0.0,4,23692,买盘
989,10:39:22,59.24,0.01,7,41476,中性盘
990,10:39:25,59.24,0.0,5,29620,卖盘
991,10:39:34,59.23,-0.01,20,118461,卖盘
992,10:39:55,59.21,-0.02,16,94758,卖盘
993,10:39:58,59.28,0.07,15,88910,买盘
994,10:40:34,59.27,-0.01,2,11854,买盘
995,10:40:37,59.27,0.0,1,5927,买盘
996,10:40:46,59.28,0.01,1,5928,买盘
997,10:40:55,59.27,-0.01,2,11854,买盘
998,10:40:58,59.24,-0.03,10,59243,卖盘
999,10:41:01,59.28,0.04,55,325993,买盘
1000,10:41:04,59.28,0.0,10,59280,卖盘
1001,10:41:07,59.31,0.03,31,183833,买盘
1002,10:41:10,59.32,0.01,22,130492,买盘
1003,10:41:13,59.32,0.0,9,53388,买盘
1004,10:41:16,59.35,0.03,5,29667,买盘
1005,10:41:19,59.35,0.0,9,53415,买盘
1006,10:41:22,59.36,0.01,12,71181,买盘
1007,10:41:25,59.39,0.03,3,17814,买盘
1008,10:41:31,59.35,-0.04,3,17805,卖盘
1009,10:41:34,59.4,0.05,52,308863,买盘
1010,10:41:37,59.4,0.0,1,5940,卖盘
1011,10:41:40,59.4,0.0,3,17821,卖盘
1012,10:41:43,59.4,0.0,20,118800,卖盘
1013,10:41:46,59.41,0.01,7,41587,买盘
1014,10:41:52,59.4,-0.01,24,142569,卖盘
1015,10:41:58,59.41,0.01,2,11882,买盘
1016,10:42:04,59.42,0.01,27,160403,买盘
1017,10:42:07,59.4,-0.02,13,77226,卖盘
1018,10:42:10,59.4,0.0,12,71280,卖盘
1019,10:42:13,59.4,0.0,1,5940,买盘
1020,10:42:16,59.39,-0.01,2,11879,卖盘
1021,10:42:19,59.39,0.0,6,35638,中性盘
1022,10:42:22,59.39,0.0,18,106774,中性盘
1023,10:42:34,59.39,0.0,6,35634,买盘
1024,10:42:37,59.38,-0.01,1,5938,买盘
1025,10:42:40,59.32,-0.06,4,23728,卖盘
1026,10:42:49,59.38,0.06,25,148387,买盘
1027,10:42:55,59.28,-0.1,21,124568,卖盘
1028,10:43:01,59.29,0.01,6,35574,卖盘
1029,10:43:04,59.3,0.01,3,17790,买盘
1030,10:43:07,59.3,0.0,4,23717,买盘
1031,10:43:10,59.3,0.0,1,5930,买盘
1032,10:43:13,59.3,0.0,16,94880,买盘
1033,10:43:22,59.3,0.0,1,5930,买盘
1034,10:43:25,59.3,0.0,14,83020,买盘
1035,10:43:28,59.3,0.0,1,5930,买盘
1036,10:43:31,59.3,0.0,2,11860,买盘
1037,10:43:46,59.33,0.03,1,5933,买盘
1038,10:43:52,59.3,-0.03,3,17790,卖盘
1039,10:43:55,59.3,0.0,4,23720,卖盘
1040,10:43:58,59.3,0.0,6,35583,卖盘
1041,10:44:04,59.3,0.0,23,136399,卖盘
1042,10:44:07,59.3,0.0,11,65230,买盘
1043,10:44:19,59.29,-0.01,3,17787,卖盘
1044,10:44:25,59.29,0.0,1,5929,卖盘
1045,10:44:28,59.29,0.0,1,5929,买盘
1046,10:44:34,59.28,-0.01,11,65208,卖盘
1047,10:44:43,59.29,0.01,2,11858,买盘
1048,10:44:52,59.28,-0.01,1,5928,卖盘
1049,10:44:58,59.3,0.02,17,100805,买盘
1050,10:45:22,59.29,-0.01,4,23716,卖盘
1051,10:45:34,59.29,0.0,5,29645,卖盘
1052,10:45:46,59.29,0.0,5,29645,买盘
1053,10:45:49,59.28,-0.01,2,11856,卖盘
1054,10:45:52,59.28,0.0,10,59280,卖盘
1055,10:46:07,59.29,0.01,16,94858,买盘
1056,10:46:15,59.29,0.0,3,17787,买盘
1057,10:46:19,59.29,0.0,15,88921,买盘
1058,10:46:25,59.29,0.0,1,5929,卖盘
1059,10:46:34,59.3,0.01,44,260884,买盘
1060,10:46:37,59.28,-0.02,12,71136,卖盘
1061,10:46:43,59.28,0.0,8,47424,买盘
1062,10:46:52,59.28,0.0,23,136335,买盘
1063,10:46:57,59.28,0.0,16,94849,卖盘
1064,10:47:00,59.3,0.02,1,5930,买盘
1065,10:47:04,59.29,-0.01,2,11858,中性盘
1066,10:47:07,59.28,-0.01,3,17784,卖盘
1067,10:47:10,59.27,-0.01,1,5927,卖盘
1068,10:47:15,59.27,0.0,27,160029,卖盘
1069,10:47:19,59.27,0.0,1,5927,卖盘
1070,10:47:22,59.28,0.01,1,5928,买盘
1071,10:47:25,59.27,-0.01,2,11854,卖盘
1072,10:47:28,59.27,0.0,10,59270,卖盘
1073,10:47:34,59.25,-0.02,5,29629,卖盘
1074,10:47:43,59.25,0.0,1,5925,买盘
1075,10:48:01,59.23,-0.02,7,41461,卖盘
1076,10:48:13,59.23,0.0,26,153944,买盘
1077,10:48:16,59.23,0.0,2,11846,中性盘
1078,10:48:25,59.23,0.0,1,5923,买盘
1079,10:49:01,59.21,-0.02,7,41462,中性盘
1080,10:49:07,59.24,0.03,10,59222,买盘
1081,10:49:10,59.25,0.01,6,35546,买盘
1082,10:49:13,59.25,0.0,6,35550,买盘
1083,10:49:16,59.27,0.02,5,29631,买盘
1084,10:49:19,59.27,0.0,16,94832,买盘
1085,10:49:22,59.3,0.03,9,53361,买盘
1086,10:49:25,59.3,0.0,6,35580,买盘
1087,10:49:28,59.3,0.0,2,11860,买盘
1088,10:49:34,59.3,0.0,1,5930,买盘
1089,10:49:37,59.3,0.0,1,5930,买盘
1090,10:49:40,59.3,0.0,1,5930,买盘
1091,10:49:43,59.3,0.0,2,11860,买盘
1092,10:49:46,59.3,0.0,3,17784,买盘
1093,10:49:57,59.32,0.02,4,23728,买盘
1094,10:50:01,59.33,0.01,2,11866,买盘
1095,10:50:10,59.33,0.0,1,5933,买盘
1096,10:50:15,59.32,-0.01,5,29660,卖盘
1097,10:50:25,59.33,0.01,2,11866,买盘
1098,10:50:28,59.32,-0.01,20,118640,卖盘
1099,10:50:34,59.32,0.0,1,5932,卖盘
1100,10:50:40,59.3,-0.02,3,17790,卖盘
1101,10:50:58,59.25,-0.05,11,65175,卖盘
1102,10:51:07,59.25,0.0,15,88875,买盘
1103,10:51:10,59.25,0.0,8,47400,买盘
1104,10:51:22,59.25,0.0,5,29625,买盘
1105,10:51:28,59.24,-0.01,3,17772,卖盘
1106,10:51:31,59.24,0.0,6,35544,卖盘
1107,10:51:37,59.25,0.01,17,100710,买盘
1108,10:51:40,59.24,-0.01,2,11848,卖盘
1109,10:51:43,59.24,0.0,2,11848,卖盘
1110,10:51:46,59.24,0.0,2,11848,卖盘
1111,10:51:52,59.24,0.0,5,29620,卖盘
1112,10:51:58,59.24,0.0,1,5924,卖盘
1113,10:52:07,59.21,-0.03,3,17763,卖盘
1114,10:52:19,59.2,-0.01,16,94720,卖盘
1115,10:52:25,59.21,0.01,24,142081,买盘
1116,10:52:31,59.19,-0.02,2,11838,卖盘
1117,10:52:37,59.2,0.01,1,5920,买盘
1118,10:52:49,59.2,0.0,5,29599,买盘
1119,10:52:55,59.19,-0.01,8,47352,卖盘
1120,10:52:58,59.2,0.01,12,71040,买盘
1121,10:53:01,59.19,-0.01,13,76959,卖盘
1122,10:53:07,59.19,0.0,4,23677,卖盘
1123,10:53:16,59.18,-0.01,32,189409,卖盘
1124,10:53:19,59.21,0.03,24,142101,买盘
1125,10:53:40,59.21,0.0,19,112499,卖盘
1126,10:53:55,59.23,0.02,3,17769,买盘
1127,10:53:57,59.23,0.0,1,5923,买盘
1128,10:54:00,59.23,0.0,2,11846,买盘
1129,10:54:04,59.21,-0.02,1,5921,卖盘
1130,10:54:16,59.21,0.0,7,41450,卖盘
1131,10:54:28,59.21,0.0,2,11842,卖盘
1132,10:54:34,59.23,0.02,7,41461,买盘
1133,10:54:37,59.23,0.0,2,11846,卖盘
1134,10:54:40,59.18,-0.05,20,118418,卖盘
1135,10:54:57,59.15,-0.03,1,5915,卖盘
1136,10:55:04,59.18,0.03,48,284064,买盘
1137,10:55:07,59.18,0.0,2,11836,卖盘
1138,10:55:10,59.24,0.06,3,17771,买盘
1139,10:55:37,59.24,0.0,4,23696,买盘
1140,10:55:52,59.24,0.0,3,17772,买盘
1141,10:55:55,59.24,0.0,3,17772,买盘
1142,10:55:58,59.22,-0.02,8,47388,卖盘
1143,10:56:00,59.24,0.02,9,53316,买盘
1144,10:56:07,59.24,0.0,1,5924,买盘
1145,10:56:09,59.23,-0.01,1,5923,买盘
1146,10:56:18,59.24,0.01,5,29618,买盘
1147,10:56:22,59.24,0.0,11,65164,买盘
1148,10:56:24,59.24,0.0,1,5924,卖盘
1149,10:56:28,59.25,0.01,10,59250,买盘
1150,10:56:31,59.24,-0.01,8,47417,卖盘
1151,10:56:34,59.32,0.08,6,35588,买盘
1152,10:56:40,59.32,0.0,1,5932,买盘
1153,10:56:45,59.32,0.0,20,118640,买盘
1154,10:56:58,59.33,0.01,2,11866,买盘
1155,10:57:13,59.37,0.04,69,409628,买盘
1156,10:57:16,59.32,-0.05,14,83048,卖盘
1157,10:57:19,59.33,0.01,6,35593,买盘
1158,10:57:22,59.33,0.0,5,29665,卖盘
1159,10:57:28,59.33,0.0,1,5933,卖盘
1160,10:57:37,59.25,-0.08,1,5925,卖盘
1161,10:57:40,59.36,0.11,10,59345,买盘
1162,10:57:43,59.19,-0.17,3,17760,卖盘
1163,10:57:46,59.19,0.0,2,11838,卖盘
1164,10:57:58,59.25,0.06,1,5925,买盘
1165,10:58:07,59.25,0.0,3,17775,卖盘
1166,10:58:10,59.3,0.05,5,29650,买盘
1167,10:58:16,59.27,-0.03,1,5927,买盘
1168,10:58:27,59.25,-0.02,2,11850,卖盘
1169,10:58:31,59.2,-0.05,4,23680,卖盘
1170,10:58:57,59.21,0.01,1,5921,卖盘
1171,10:59:01,59.21,0.0,1,5921,买盘
1172,10:59:04,59.2,-0.01,1,5920,卖盘
1173,10:59:07,59.2,0.0,3,17761,卖盘
1174,10:59:10,59.2,0.0,3,17760,卖盘
1175,10:59:19,59.21,0.01,8,47368,买盘
1176,10:59:25,59.19,-0.02,79,467663,卖盘
1177,10:59:28,59.19,0.0,1,5919,买盘
1178,10:59:40,59.19,0.0,4,23676,买盘
1179,10:59:46,59.19,0.0,2,11838,买盘
1180,10:59:49,59.19,0.0,2,11838,买盘
1181,10:59:51,59.16,-0.03,8,47336,卖盘
1182,11:00:07,59.15,-0.01,97,573772,卖盘
1183,11:00:13,59.15,0.0,10,59150,买盘
1184,11:00:34,59.15,0.0,5,29575,买盘
1185,11:00:40,59.15,0.0,11,65065,买盘
1186,11:00:46,59.16,0.01,1,5916,买盘
1187,11:00:49,59.16,0.0,1,5916,买盘
1188,11:00:52,59.16,0.0,2,11832,买盘
1189,11:00:58,59.19,0.03,1,5919,买盘
1190,11:01:10,59.15,-0.04,20,118310,卖盘
1191,11:01:27,59.18,0.03,9,53262,买盘
1192,11:01:34,59.16,-0.02,3,17748,卖盘
1193,11:01:37,59.16,0.0,3,17748,卖盘
1194,11:01:46,59.16,0.0,1,5916,卖盘
1195,11:01:57,59.16,0.0,6,35496,卖盘
1196,11:02:13,59.17,0.01,3,17751,买盘
1197,11:02:16,59.16,-0.01,6,35496,卖盘
1198,11:02:19,59.17,0.01,1,5917,买盘
1199,11:02:25,59.17,0.0,18,106506,买盘
1200,11:02:39,59.18,0.01,4,23672,买盘
1201,11:02:49,59.18,0.0,1,5918,买盘
1202,11:03:01,59.18,0.0,14,82852,买盘
1203,11:03:04,59.18,0.0,10,59180,卖盘
1204,11:03:07,59.19,0.01,1,5919,买盘
1205,11:03:12,59.19,0.0,1,5919,买盘
1206,11:03:19,59.19,0.0,1,5919,买盘
1207,11:03:21,59.19,0.0,1,5919,买盘
1208,11:03:25,59.18,-0.01,1,5918,卖盘
1209,11:03:31,59.18,0.0,8,47350,卖盘
1210,11:03:43,59.18,0.0,5,29590,卖盘
1211,11:04:09,59.19,0.01,3,17757,买盘
1212,11:04:12,59.18,-0.01,3,17754,卖盘
1213,11:04:18,59.19,0.01,3,17757,买盘
1214,11:04:22,59.19,0.0,1,5919,卖盘
1215,11:04:25,59.19,0.0,1,5919,买盘
1216,11:04:31,59.17,-0.02,10,59178,卖盘
1217,11:04:37,59.19,0.02,3,17757,中性盘
1218,11:04:52,59.19,0.0,5,29595,卖盘
1219,11:04:55,59.19,0.0,1,5919,买盘
1220,11:05:10,59.19,0.0,4,23676,买盘
1221,11:05:19,59.21,0.02,5,29602,买盘
1222,11:05:36,59.21,0.0,1,5921,卖盘
1223,11:05:46,59.23,0.02,2,11846,买盘
1224,11:06:12,59.21,-0.02,21,124341,卖盘
1225,11:06:19,59.23,0.02,3,17769,买盘
1226,11:06:25,59.23,0.0,3,17769,买盘
1227,11:06:31,59.21,-0.02,3,17763,卖盘
1228,11:06:34,59.23,0.02,2,11846,买盘
1229,11:06:40,59.23,0.0,3,17769,买盘
1230,11:06:55,59.21,-0.02,9,53301,卖盘
1231,11:06:58,59.24,0.03,5,29617,买盘
1232,11:07:01,59.23,-0.01,7,41461,卖盘
1233,11:07:04,59.23,0.0,2,11846,买盘
1234,11:07:07,59.21,-0.02,1,5921,卖盘
1235,11:07:10,59.25,0.04,19,112571,买盘
1236,11:07:30,59.22,-0.03,1,5922,卖盘
1237,11:07:34,59.25,0.03,2,11848,买盘
1238,11:07:40,59.21,-0.04,6,35527,卖盘
1239,11:07:52,59.22,0.01,5,29610,买盘
1240,11:08:01,59.22,0.0,2,11844,买盘
1241,11:08:04,59.22,0.0,3,17766,买盘
1242,11:08:13,59.22,0.0,2,11844,买盘
1243,11:08:25,59.22,0.0,3,17766,买盘
1244,11:08:33,59.22,0.0,3,17766,买盘
1245,11:08:49,59.22,0.0,1,5922,卖盘
1246,11:08:54,59.22,0.0,1,5922,卖盘
1247,11:08:58,59.21,-0.01,12,71066,卖盘
1248,11:09:01,59.24,0.03,3,17772,买盘
1249,11:09:04,59.21,-0.03,2,11842,卖盘
1250,11:09:10,59.19,-0.02,19,112483,卖盘
1251,11:09:15,59.21,0.02,1,5921,买盘
1252,11:09:22,59.22,0.01,3,17765,买盘
1253,11:09:27,59.19,-0.03,10,59190,卖盘
1254,11:09:31,59.18,-0.01,8,47345,卖盘
1255,11:09:40,59.22,0.04,1,5922,买盘
1256,11:09:42,59.18,-0.04,9,53262,卖盘
1257,11:09:45,59.22,0.04,3,17766,买盘
1258,11:09:54,59.21,-0.01,5,29605,卖盘
1259,11:10:07,59.19,-0.02,23,136137,卖盘
1260,11:10:22,59.17,-0.02,2,11834,卖盘
1261,11:10:27,59.17,0.0,20,118340,卖盘
1262,11:10:30,59.17,0.0,3,17751,卖盘
1263,11:10:37,59.17,0.0,1,5917,买盘
1264,11:10:40,59.17,0.0,3,17751,买盘
1265,11:10:42,59.15,-0.02,18,106474,卖盘
1266,11:10:46,59.17,0.02,12,71004,买盘
1267,11:10:49,59.15,-0.02,3,17745,卖盘
1268,11:10:52,59.16,0.01,10,59155,买盘
1269,11:10:58,59.16,0.0,4,23664,买盘
1270,11:11:01,59.15,-0.01,7,41405,卖盘
1271,11:11:06,59.12,-0.03,1,5912,卖盘
1272,11:11:28,59.13,0.01,17,100506,买盘
1273,11:11:37,59.12,-0.01,5,29560,买盘
1274,11:11:40,59.11,-0.01,11,65021,卖盘
1275,11:11:46,59.12,0.01,14,82764,买盘
1276,11:11:54,59.1,-0.02,14,82750,卖盘
1277,11:11:57,59.1,0.0,20,118200,卖盘
1278,11:12:04,59.1,0.0,5,29550,卖盘
1279,11:12:10,59.09,-0.01,10,59093,卖盘
1280,11:12:19,59.09,0.0,5,29545,卖盘
1281,11:12:22,59.08,-0.01,5,29541,卖盘
1282,11:12:28,59.09,0.01,4,23636,买盘
1283,11:12:30,59.08,-0.01,1,5908,卖盘
1284,11:12:36,59.07,-0.01,5,29535,买盘
1285,11:12:49,59.06,-0.01,28,165383,卖盘
1286,11:12:52,59.06,0.0,3,17718,买盘
1287,11:13:01,59.05,-0.01,2,11810,卖盘
1288,11:13:04,59.06,0.01,5,29530,买盘
1289,11:13:07,59.04,-0.02,7,41330,卖盘
1290,11:13:10,59.06,0.02,1,5906,买盘
1291,11:13:33,59.02,-0.04,12,70831,卖盘
1292,11:13:40,59.03,0.01,6,35418,买盘
1293,11:13:42,59.02,-0.01,1,5902,卖盘
1294,11:13:46,59.02,0.0,2,11804,卖盘
1295,11:13:55,59.02,0.0,1,5902,卖盘
1296,11:14:01,59.03,0.01,6,35415,买盘
1297,11:14:04,59.02,-0.01,2,11804,卖盘
1298,11:14:07,59.02,0.0,6,35412,卖盘
1299,11:14:10,59.02,0.0,3,17707,卖盘
1300,11:14:15,59.02,0.0,6,35412,卖盘
1301,11:14:19,59.02,0.0,2,11804,卖盘
1302,11:14:28,59.01,-0.01,6,35410,卖盘
1303,11:14:31,59.01,0.0,2,11803,卖盘
1304,11:14:34,59.02,0.01,3,17706,买盘
1305,11:14:37,59.01,-0.01,9,53109,卖盘
1306,11:14:40,59.02,0.01,5,29510,买盘
1307,11:14:46,59.0,-0.02,100,590061,卖盘
1308,11:14:55,59.0,0.0,2,11800,卖盘
1309,11:15:01,59.0,0.0,5,29500,卖盘
1310,11:15:04,59.0,0.0,68,401201,卖盘
1311,11:15:07,59.01,0.01,7,41305,买盘
1312,11:15:10,59.0,-0.01,37,218311,卖盘
1313,11:15:13,59.0,0.0,1,5900,卖盘
1314,11:15:16,59.0,0.0,12,70800,卖盘
1315,11:15:19,59.0,0.0,5,29500,买盘
1316,11:15:22,59.0,0.0,2,11800,买盘
1317,11:15:24,59.0,0.0,1,5900,买盘
1318,11:15:37,59.0,0.0,5,29500,买盘
1319,11:15:40,59.0,0.0,3,17700,买盘
1320,11:15:43,58.99,-0.01,5,29495,卖盘
1321,11:15:46,58.99,0.0,1,5899,卖盘
1322,11:15:58,58.98,-0.01,1,5898,卖盘
1323,11:16:04,58.98,0.0,3,17696,卖盘
1324,11:16:10,58.99,0.01,22,129758,买盘
1325,11:16:13,58.99,0.0,22,129773,买盘
1326,11:16:16,58.99,0.0,4,23592,买盘
1327,11:16:22,58.97,-0.02,24,141517,卖盘
1328,11:16:31,58.95,-0.02,70,412759,卖盘
1329,11:16:33,58.95,0.0,4,23581,卖盘
1330,11:16:37,58.97,0.02,4,23588,买盘
1331,11:16:43,58.97,0.0,20,117940,卖盘
1332,11:16:46,58.97,0.0,18,106148,卖盘
1333,11:16:49,58.97,0.0,11,64881,卖盘
1334,11:16:55,58.97,0.0,1,5897,买盘
1335,11:17:01,58.97,0.0,3,17691,中性盘
1336,11:17:04,58.98,0.01,2,11795,买盘
1337,11:17:07,58.97,-0.01,1,5897,卖盘
1338,11:17:09,58.97,0.0,31,182807,卖盘
1339,11:17:13,58.98,0.01,74,436311,买盘
1340,11:17:16,58.95,-0.03,5,29477,卖盘
1341,11:17:22,58.98,0.03,8,47180,买盘
1342,11:17:25,58.99,0.01,2,11797,买盘
1343,11:17:28,58.98,-0.01,7,41286,卖盘
1344,11:17:31,58.96,-0.02,4,23584,中性盘
1345,11:17:34,58.95,-0.01,53,312468,卖盘
1346,11:17:42,58.97,0.02,3,17691,中性盘
1347,11:17:49,58.99,0.02,6,35394,买盘
1348,11:17:52,58.99,0.0,3,17697,卖盘
1349,11:18:03,59.0,0.01,5,29500,买盘
1350,11:18:13,59.0,0.0,1,5900,买盘
1351,11:18:16,59.01,0.01,11,64907,买盘
1352,11:18:19,58.99,-0.02,2,11798,卖盘
1353,11:18:27,59.01,0.02,1,5901,买盘
1354,11:18:34,59.0,-0.01,1,5900,卖盘
1355,11:18:46,59.0,0.0,7,41300,卖盘
1356,11:18:55,59.01,0.01,7,41307,买盘
1357,11:19:13,59.05,0.04,8,47234,买盘
1358,11:19:19,59.06,0.01,3,17718,买盘
1359,11:19:25,59.05,-0.01,12,70860,卖盘
1360,11:19:33,59.05,0.0,1,5905,买盘
1361,11:19:40,59.01,-0.04,10,59010,卖盘
1362,11:19:42,59.05,0.04,10,59050,买盘
1363,11:19:52,59.05,0.0,20,118100,买盘
1364,11:19:58,59.05,0.0,5,29525,买盘
1365,11:20:10,59.03,-0.02,2,11806,卖盘
1366,11:20:13,59.05,0.02,5,29525,买盘
1367,11:20:15,59.05,0.0,1,5905,中性盘
1368,11:20:18,59.03,-0.02,4,23612,卖盘
1369,11:20:22,59.03,0.0,3,17711,卖盘
1370,11:20:31,59.06,0.03,1,5906,买盘
1371,11:20:43,59.05,-0.01,1,5905,中性盘
1372,11:20:46,59.05,0.0,1,5905,买盘
1373,11:20:52,59.03,-0.02,8,47224,卖盘
1374,11:21:10,59.01,-0.02,10,59012,卖盘
1375,11:21:21,59.01,0.0,1,5901,卖盘
1376,11:21:34,59.03,0.02,2,11806,买盘
1377,11:21:39,59.01,-0.02,1,5901,卖盘
1378,11:21:43,59.01,0.0,1,5901,卖盘
1379,11:21:46,59.03,0.02,5,29515,买盘
1380,11:22:07,59.04,0.01,2,11808,买盘
1381,11:22:10,59.04,0.0,3,17712,买盘
1382,11:22:12,59.03,-0.01,3,17709,卖盘
1383,11:22:19,59.02,-0.01,25,147556,卖盘
1384,11:22:21,59.04,0.02,2,11808,买盘
1385,11:22:31,59.03,-0.01,2,11806,买盘
1386,11:22:34,59.02,-0.01,25,147551,卖盘
1387,11:22:40,59.03,0.01,6,35418,卖盘
1388,11:22:49,59.04,0.01,1,5904,买盘
1389,11:23:01,59.04,0.0,7,41328,买盘
1390,11:23:04,59.05,0.01,4,23620,买盘
1391,11:23:10,59.05,0.0,3,17715,买盘
1392,11:23:30,59.05,0.0,1,5905,卖盘
1393,11:23:33,59.05,0.0,2,11810,卖盘
1394,11:23:36,59.06,0.01,1,5906,买盘
1395,11:23:40,59.06,0.0,14,82684,买盘
1396,11:23:43,59.05,-0.01,11,64955,卖盘
1397,11:23:52,59.05,0.0,8,47240,买盘
1398,11:23:55,59.05,0.0,7,41335,买盘
1399,11:24:06,59.05,0.0,1,5905,卖盘
1400,11:24:12,59.06,0.01,7,41342,买盘
1401,11:24:16,59.06,0.0,1,5906,卖盘
1402,11:24:25,59.08,0.02,1,5908,买盘
1403,11:24:28,59.08,0.0,13,76802,买盘
1404,11:24:37,59.08,0.0,1,5908,买盘
1405,11:24:40,59.12,0.04,4,23639,买盘
1406,11:24:46,59.13,0.01,7,41391,买盘
1407,11:24:49,59.13,0.0,6,35495,中性盘
1408,11:24:58,59.17,0.04,3,17751,买盘
1409,11:25:01,59.17,0.0,1,5917,买盘
1410,11:25:13,59.2,0.03,15,88784,买盘
1411,11:25:19,59.19,-0.01,3,17756,买盘
1412,11:25:28,59.19,0.0,2,11838,卖盘
1413,11:25:46,59.17,-0.02,6,35502,卖盘
1414,11:25:55,59.19,0.02,12,71026,买盘
1415,11:26:16,59.2,0.01,4,23680,买盘
1416,11:26:19,59.2,0.0,1,5920,卖盘
1417,11:26:40,59.21,0.01,2,11842,买盘
1418,11:26:43,59.2,-0.01,6,35523,卖盘
1419,11:26:52,59.2,0.0,20,118400,卖盘
1420,11:27:07,59.2,0.0,7,41440,买盘
1421,11:27:25,59.25,0.05,20,118462,买盘
1422,11:27:37,59.2,-0.05,5,29600,卖盘
1423,11:27:55,59.2,0.0,13,76960,卖盘
1424,11:27:58,59.2,0.0,2,11840,买盘
1425,11:28:01,59.2,0.0,2,11840,买盘
1426,11:28:13,59.19,-0.01,3,17757,卖盘
1427,11:28:25,59.19,0.0,11,65109,卖盘
1428,11:28:30,59.17,-0.02,4,23668,卖盘
1429,11:28:52,59.13,-0.04,3,17745,卖盘
1430,11:29:01,59.15,0.02,2,11830,中性盘
1431,11:29:13,59.15,0.0,1,5915,卖盘
1432,11:29:24,59.15,0.0,2,11830,卖盘
1433,13:00:05,59.16,0.01,27,154981,买盘
1434,13:00:07,59.15,-0.01,58,347924,中性盘
1435,13:00:10,59.2,0.05,29,171668,买盘
1436,13:00:13,59.2,0.0,3,17760,卖盘
1437,13:00:16,59.2,0.0,7,41440,卖盘
1438,13:00:19,59.2,0.0,2,11840,卖盘
1439,13:00:22,59.2,0.0,73,432505,卖盘
1440,13:00:25,59.2,0.0,1,5920,卖盘
1441,13:00:28,59.16,-0.04,23,136124,卖盘
1442,13:00:40,59.16,0.0,1,5916,卖盘
1443,13:00:43,59.24,0.08,3,17772,买盘
1444,13:00:52,59.16,-0.08,34,201144,卖盘
1445,13:01:04,59.24,0.08,3,17772,买盘
1446,13:01:07,59.16,-0.08,30,177482,卖盘
1447,13:01:16,59.16,0.0,3,17755,卖盘
1448,13:01:36,59.16,0.0,5,29580,卖盘
1449,13:01:39,59.16,0.0,1,5916,卖盘
1450,13:02:10,59.16,0.0,2,11832,卖盘
1451,13:02:22,59.16,0.0,1,5916,卖盘
1452,13:02:25,59.16,0.0,1,5916,卖盘
1453,13:02:46,59.13,-0.03,31,183394,卖盘
1454,13:02:55,59.17,0.04,4,23668,卖盘
1455,13:02:58,59.13,-0.04,5,29565,卖盘
1456,13:03:10,59.13,0.0,1,5913,卖盘
1457,13:03:39,59.14,0.01,1,5914,卖盘
1458,13:03:43,59.12,-0.02,48,279067,卖盘
1459,13:03:58,59.2,0.08,9,58006,卖盘
1460,13:04:04,59.2,0.0,1,1184,买盘
1461,13:04:10,59.09,-0.11,10,59090,卖盘
1462,13:04:22,59.05,-0.04,20,118108,卖盘
1463,13:04:37,59.05,0.0,1,5905,卖盘
1464,13:04:48,59.05,0.0,1,5905,买盘
1465,13:04:55,59.02,-0.03,21,123959,卖盘
1466,13:05:10,59.02,0.0,1,5902,卖盘
1467,13:05:19,59.05,0.03,4,23620,买盘
1468,13:05:40,59.05,0.0,1,5905,卖盘
1469,13:05:43,59.05,0.0,1,5905,卖盘
1470,13:05:52,59.05,0.0,10,59050,卖盘
1471,13:06:04,59.05,0.0,1,5905,买盘
1472,13:06:07,59.05,0.0,2,11810,买盘
1473,13:06:10,59.05,0.0,1,5905,卖盘
1474,13:06:22,59.13,0.08,5,29565,买盘
1475,13:06:28,59.05,-0.08,1,5905,卖盘
1476,13:06:33,59.12,0.07,2,11824,买盘
1477,13:06:54,59.06,-0.06,4,23624,卖盘
1478,13:06:57,59.06,0.0,4,23629,卖盘
1479,13:07:00,59.05,-0.01,32,188970,卖盘
1480,13:07:13,59.05,0.0,4,23618,买盘
1481,13:07:19,59.05,0.0,1,5905,卖盘
1482,13:07:39,59.03,-0.02,1,5903,卖盘
1483,13:07:45,59.05,0.02,2,11810,买盘
1484,13:07:48,59.03,-0.02,20,118064,卖盘
1485,13:08:04,59.05,0.02,2,11811,卖盘
1486,13:08:09,59.04,-0.01,1,5904,卖盘
1487,13:08:22,59.04,0.0,9,53136,卖盘
1488,13:08:25,59.03,-0.01,12,70836,卖盘
1489,13:08:27,59.04,0.01,10,59040,买盘
1490,13:08:33,59.04,0.0,103,607927,买盘
1491,13:08:46,59.04,0.0,4,23616,卖盘
1492,13:08:49,59.03,-0.01,3,17709,卖盘
1493,13:08:52,59.03,0.0,4,23612,买盘
1494,13:09:10,59.01,-0.02,1,5901,卖盘
1495,13:09:16,59.01,0.0,20,118020,卖盘
1496,13:09:18,59.02,0.01,5,29510,买盘
1497,13:09:22,59.01,-0.01,10,59010,卖盘
1498,13:09:24,59.01,0.0,8,47208,卖盘
1499,13:09:31,59.01,0.0,15,88543,卖盘
1500,13:09:37,59.01,0.0,4,23604,卖盘
1501,13:09:39,59.01,0.0,1,5901,卖盘
1502,13:09:46,59.01,0.0,3,17703,买盘
1503,13:09:55,59.01,0.0,1,5901,卖盘
1504,13:10:04,59.01,0.0,1,5901,买盘
1505,13:10:16,59.01,0.0,5,29501,买盘
1506,13:10:19,59.02,0.01,1,5902,买盘
1507,13:10:24,59.02,0.0,4,23608,卖盘
1508,13:10:31,59.03,0.01,20,118059,买盘
1509,13:10:40,59.02,-0.01,1,5902,卖盘
1510,13:10:55,59.03,0.01,9,53127,买盘
1511,13:11:00,59.03,0.0,1,5903,买盘
1512,13:11:04,59.03,0.0,1,5903,买盘
1513,13:11:07,59.03,0.0,1,5903,买盘
1514,13:11:10,59.03,0.0,1,5903,卖盘
1515,13:11:13,59.04,0.01,4,23616,买盘
1516,13:11:36,59.08,0.04,2,11816,买盘
1517,13:11:49,59.05,-0.03,4,23629,卖盘
1518,13:11:55,59.1,0.05,2,11815,买盘
1519,13:12:01,59.1,0.0,4,23640,卖盘
1520,13:12:10,59.1,0.0,4,23640,卖盘
1521,13:12:13,59.12,0.02,5,29558,买盘
1522,13:12:16,59.1,-0.02,10,59100,卖盘
1523,13:12:19,59.1,0.0,29,171390,卖盘
1524,13:12:21,59.05,-0.05,3,17715,卖盘
1525,13:12:25,59.1,0.05,15,88650,买盘
1526,13:12:48,59.1,0.0,3,17729,买盘
1527,13:12:58,59.09,-0.01,2,11818,买盘
1528,13:13:01,59.06,-0.03,3,17719,卖盘
1529,13:13:10,59.05,-0.01,3,17717,卖盘
1530,13:13:16,59.05,0.0,1,5905,卖盘
1531,13:13:22,59.06,0.01,1,5906,买盘
1532,13:13:25,59.1,0.04,8,47279,买盘
1533,13:13:28,59.1,0.0,2,11820,卖盘
1534,13:13:31,59.1,0.0,3,17730,卖盘
1535,13:13:40,59.1,0.0,1,5910,卖盘
1536,13:13:43,59.1,0.0,7,41370,卖盘
1537,13:13:52,59.07,-0.03,2,11814,卖盘
1538,13:13:55,59.06,-0.01,51,301222,卖盘
1539,13:14:19,59.07,0.01,1,5907,买盘
1540,13:14:21,59.06,-0.01,6,35436,卖盘
1541,13:14:37,59.07,0.01,15,88591,买盘
1542,13:14:55,59.06,-0.01,3,17718,卖盘
1543,13:15:07,59.06,0.0,5,29530,买盘
1544,13:15:12,59.05,-0.01,2,11810,卖盘
1545,13:15:22,59.05,0.0,1,5905,卖盘
1546,13:15:34,59.01,-0.04,101,596216,卖盘
1547,13:15:36,59.06,0.05,5,29530,买盘
1548,13:15:57,59.06,0.0,21,124024,买盘
1549,13:16:09,59.02,-0.04,20,118095,卖盘
1550,13:16:12,59.06,0.04,2,11812,买盘
1551,13:16:25,59.02,-0.04,21,123944,卖盘
1552,13:16:28,59.05,0.03,4,23620,买盘
1553,13:16:30,59.05,0.0,2,11811,卖盘
1554,13:16:46,59.05,0.0,5,29525,卖盘
1555,13:16:58,59.02,-0.03,1,5902,卖盘
1556,13:17:07,59.04,0.02,10,59040,买盘
1557,13:17:16,59.03,-0.01,11,64943,卖盘
1558,13:17:28,59.03,0.0,1,5903,卖盘
1559,13:17:31,59.04,0.01,7,41327,买盘
1560,13:17:37,59.02,-0.02,3,17706,卖盘
1561,13:17:42,59.0,-0.02,143,843818,卖盘
1562,13:17:46,59.03,0.03,5,29515,买盘
1563,13:17:55,59.0,-0.03,65,383500,卖盘
1564,13:17:58,58.99,-0.01,10,58990,卖盘
1565,13:18:04,58.99,0.0,66,389335,卖盘
1566,13:18:06,58.99,0.0,8,47192,卖盘
1567,13:18:10,58.99,0.0,57,336244,卖盘
1568,13:18:12,59.0,0.01,6,35400,买盘
1569,13:18:25,58.99,-0.01,3,17698,卖盘
1570,13:18:27,58.99,0.0,6,35394,卖盘
1571,13:18:31,58.99,0.0,24,141576,卖盘
1572,13:18:34,58.99,0.0,1,5899,卖盘
1573,13:18:40,59.0,0.01,6,35399,买盘
1574,13:18:43,58.99,-0.01,4,23596,卖盘
1575,13:18:46,58.99,0.0,11,64889,卖盘
1576,13:18:51,59.0,0.01,1,5900,买盘
1577,13:18:58,58.9,-0.1,635,3744064,卖盘
1578,13:19:01,58.9,0.0,3,17670,买盘
1579,13:19:04,58.9,0.0,61,359207,买盘
1580,13:19:07,58.89,-0.01,3,17667,买盘
1581,13:19:10,58.88,-0.01,1,5888,卖盘
1582,13:19:16,58.89,0.01,3,17665,买盘
1583,13:19:19,58.86,-0.03,34,200199,卖盘
1584,13:19:22,58.88,0.02,7,41216,买盘
1585,13:19:25,58.86,-0.02,3,17662,卖盘
1586,13:19:31,58.86,0.0,19,111834,卖盘
1587,13:19:36,58.86,0.0,7,41202,卖盘
1588,13:19:40,58.86,0.0,5,29430,卖盘
1589,13:19:46,58.86,0.0,2,11772,买盘
1590,13:19:49,58.85,-0.01,16,94160,卖盘
1591,13:19:52,58.85,0.0,5,29425,卖盘
1592,13:19:58,58.86,0.01,3,17657,买盘
1593,13:20:07,58.86,0.0,2,11772,卖盘
1594,13:20:10,58.83,-0.03,42,247122,卖盘
1595,13:20:21,58.81,-0.02,22,129398,卖盘
1596,13:20:25,58.81,0.0,8,47048,买盘
1597,13:20:34,58.8,-0.01,1,5880,卖盘
1598,13:20:36,58.81,0.01,2,11762,买盘
1599,13:20:39,58.81,0.0,45,264615,买盘
1600,13:20:43,58.81,0.0,14,82334,买盘
1601,13:20:46,58.82,0.01,13,76458,中性盘
1602,13:20:48,58.81,-0.01,1,5881,卖盘
1603,13:20:55,58.81,0.0,11,64691,卖盘
1604,13:20:58,58.81,0.0,30,176430,卖盘
1605,13:21:01,58.8,-0.01,20,117610,卖盘
1606,13:21:04,58.85,0.05,2,11770,买盘
1607,13:21:07,58.82,-0.03,2,11767,中性盘
1608,13:21:10,58.8,-0.02,101,593890,卖盘
1609,13:21:13,58.85,0.05,4,23530,买盘
1610,13:21:16,58.8,-0.05,10,58814,卖盘
1611,13:21:18,58.85,0.05,2,11770,买盘
1612,13:21:22,58.82,-0.03,1,5882,卖盘
1613,13:21:24,58.8,-0.02,57,335183,卖盘
1614,13:21:34,58.8,0.0,1,5880,买盘
1615,13:21:37,58.78,-0.02,30,176356,卖盘
1616,13:21:40,58.78,0.0,1,5878,买盘
1617,13:21:46,58.77,-0.01,1,5877,买盘
1618,13:21:49,58.75,-0.02,32,188009,卖盘
1619,13:21:52,58.75,0.0,3,17625,买盘
1620,13:22:01,58.75,0.0,17,99869,买盘
1621,13:22:07,58.73,-0.02,46,270122,卖盘
1622,13:22:10,58.73,0.0,1,5873,卖盘
1623,13:22:13,58.75,0.02,32,187974,买盘
1624,13:22:16,58.75,0.0,1,5875,卖盘
1625,13:22:19,58.71,-0.04,91,534428,卖盘
1626,13:22:22,58.7,-0.01,54,316992,卖盘
1627,13:22:25,58.62,-0.08,67,393097,卖盘
1628,13:22:28,58.7,0.08,17,99790,买盘
1629,13:22:31,58.7,0.0,10,58700,买盘
1630,13:22:37,58.71,0.01,42,246516,买盘
1631,13:22:40,58.7,-0.01,7,41090,中性盘
1632,13:22:46,58.73,0.03,1,5873,中性盘
1633,13:22:49,58.75,0.02,9,52843,买盘
1634,13:22:52,58.7,-0.05,1,5870,卖盘
1635,13:22:55,58.69,-0.01,49,287628,卖盘
1636,13:22:58,58.62,-0.07,35,205270,卖盘
1637,13:23:01,58.69,0.07,20,117380,买盘
1638,13:23:07,58.68,-0.01,1,5868,卖盘
1639,13:23:10,58.69,0.01,29,170201,买盘
1640,13:23:13,58.7,0.01,2,11740,卖盘
1641,13:23:22,58.69,-0.01,55,322843,卖盘
1642,13:23:25,58.69,0.0,21,123249,买盘
1643,13:23:31,58.74,0.05,58,340556,买盘
1644,13:23:36,58.74,0.0,10,58740,卖盘
1645,13:23:40,58.74,0.0,6,35244,卖盘
1646,13:23:46,58.74,0.0,5,29371,卖盘
1647,13:23:52,58.75,0.01,33,193875,买盘
1648,13:24:01,58.74,-0.01,38,223219,卖盘
1649,13:24:04,58.74,0.0,6,35246,卖盘
1650,13:24:07,58.74,0.0,4,23499,卖盘
1651,13:24:10,58.74,0.0,35,205596,卖盘
1652,13:24:22,58.7,-0.04,1,5870,卖盘
1653,13:24:24,58.67,-0.03,10,58690,卖盘
1654,13:24:31,58.67,0.0,2,11733,买盘
1655,13:24:33,58.67,0.0,1,5867,买盘
1656,13:24:37,58.67,0.0,8,46936,买盘
1657,13:24:40,58.66,-0.01,3,17600,卖盘
1658,13:24:43,58.67,0.01,7,41065,买盘
1659,13:24:46,58.66,-0.01,7,41062,卖盘
1660,13:24:49,58.69,0.03,2,11736,买盘
1661,13:24:55,58.67,-0.02,1,5867,卖盘
1662,13:25:04,58.69,0.02,20,117377,买盘
1663,13:25:10,58.69,0.0,10,58690,卖盘
1664,13:25:12,58.7,0.01,109,639551,买盘
1665,13:25:15,58.67,-0.03,25,146706,卖盘
1666,13:25:22,58.74,0.07,73,428360,买盘
1667,13:25:25,58.62,-0.12,40,234650,卖盘
1668,13:25:28,58.71,0.09,4,23484,卖盘
1669,13:25:31,58.62,-0.09,24,140801,卖盘
1670,13:25:34,58.6,-0.02,30,175864,卖盘
1671,13:25:36,58.67,0.07,1,5867,中性盘
1672,13:25:40,58.61,-0.06,8,46898,卖盘
1673,13:25:49,58.63,0.02,17,99638,中性盘
1674,13:25:52,58.62,-0.01,5,29310,卖盘
1675,13:26:01,58.63,0.01,23,134832,买盘
1676,13:26:04,58.63,0.0,1,5863,卖盘
1677,13:26:07,58.63,0.0,10,58630,卖盘
1678,13:26:10,58.63,0.0,5,29315,卖盘
1679,13:26:12,58.61,-0.02,8,46900,卖盘
1680,13:26:15,58.63,0.02,3,17595,中性盘
1681,13:26:22,58.63,0.0,1,5863,卖盘
1682,13:26:27,58.67,0.04,53,310941,买盘
1683,13:26:37,58.67,0.0,10,58670,卖盘
1684,13:26:40,58.7,0.03,7,41090,买盘
1685,13:26:45,58.7,0.0,1,5870,卖盘
1686,13:26:49,58.72,0.02,1,5872,买盘
1687,13:26:55,58.72,0.0,1,5872,买盘
1688,13:26:58,58.72,0.0,2,11744,买盘
1689,13:27:01,58.7,-0.02,2,11740,卖盘
1690,13:27:04,58.72,0.02,4,23488,买盘
1691,13:27:10,58.7,-0.02,11,64570,卖盘
1692,13:27:12,58.72,0.02,2,11744,买盘
1693,13:27:25,58.73,0.01,1,5873,买盘
1694,13:27:28,58.73,0.0,1,5873,买盘
1695,13:27:31,58.73,0.0,2,11746,买盘
1696,13:27:37,58.72,-0.01,2,11744,卖盘
1697,13:27:40,58.72,0.0,5,29360,卖盘
1698,13:27:43,58.74,0.02,19,111586,买盘
1699,13:27:49,58.72,-0.02,16,93952,卖盘
1700,13:27:55,58.72,0.0,3,17616,卖盘
1701,13:27:58,58.72,0.0,4,23488,买盘
1702,13:28:04,58.72,0.0,22,129180,买盘
1703,13:28:07,58.73,0.01,18,105697,买盘
1704,13:28:10,58.72,-0.01,31,182084,卖盘
1705,13:28:12,58.71,-0.01,10,58711,卖盘
1706,13:28:19,58.71,0.0,5,29355,买盘
1707,13:28:22,58.75,0.04,80,469657,买盘
1708,13:28:25,58.7,-0.05,13,76320,卖盘
1709,13:28:28,58.7,0.0,5,29350,卖盘
1710,13:28:31,58.71,0.01,4,23484,买盘
1711,13:28:34,58.72,0.01,3,17614,买盘
1712,13:28:37,58.72,0.0,16,93942,买盘
1713,13:28:40,58.75,0.03,3,17619,买盘
1714,13:28:58,58.75,0.0,1,5875,买盘
1715,13:29:01,58.75,0.0,10,58750,买盘
1716,13:29:04,58.73,-0.02,22,129214,卖盘
1717,13:29:10,58.73,0.0,4,23492,卖盘
1718,13:29:16,58.74,0.01,1,5874,买盘
1719,13:29:19,58.74,0.0,2,11748,买盘
1720,13:29:27,58.74,0.0,4,23496,卖盘
1721,13:29:36,58.73,-0.01,4,23496,卖盘
1722,13:29:43,58.76,0.03,8,47006,买盘
1723,13:29:45,58.76,0.0,2,11752,卖盘
1724,13:29:58,58.7,-0.06,55,322935,卖盘
1725,13:30:00,58.7,0.0,2,11740,买盘
1726,13:30:07,58.7,0.0,1,5870,买盘
1727,13:30:13,58.7,0.0,17,99790,买盘
1728,13:30:25,58.69,-0.01,4,23476,买盘
1729,13:30:40,58.69,0.0,1,5869,卖盘
1730,13:30:55,58.7,0.01,1,5870,买盘
1731,13:30:58,58.7,0.0,1,5870,买盘
1732,13:31:04,58.69,-0.01,5,29346,卖盘
1733,13:31:07,58.69,0.0,3,17607,买盘
1734,13:31:10,58.69,0.0,4,23475,中性盘
1735,13:31:16,58.7,0.01,91,534156,买盘
1736,13:31:19,58.7,0.0,1,5870,卖盘
1737,13:31:28,58.7,0.0,2,11739,买盘
1738,13:31:31,58.7,0.0,11,64570,卖盘
1739,13:31:34,58.69,-0.01,15,88047,卖盘
1740,13:31:43,58.7,0.01,3,17610,卖盘
1741,13:31:46,58.72,0.02,5,29360,买盘
1742,13:31:54,58.7,-0.02,2,11740,卖盘
1743,13:31:58,58.72,0.02,7,41092,买盘
1744,13:32:04,58.7,-0.02,1,5870,买盘
1745,13:32:10,58.69,-0.01,7,41089,卖盘
1746,13:32:12,58.7,0.01,1,5870,买盘
1747,13:32:24,58.72,0.02,17,99802,买盘
1748,13:32:31,58.7,-0.02,10,58700,卖盘
1749,13:32:34,58.73,0.03,13,76343,买盘
1750,13:32:40,58.69,-0.04,6,35219,卖盘
1751,13:32:58,58.7,0.01,9,52830,卖盘
1752,13:33:01,58.71,0.01,8,46968,买盘
1753,13:33:16,58.73,0.02,27,158570,买盘
1754,13:33:28,58.73,0.0,3,17619,买盘
1755,13:33:34,58.73,0.0,4,23492,买盘
1756,13:33:42,58.73,0.0,1,5873,卖盘
1757,13:33:46,58.75,0.02,20,117500,买盘
1758,13:33:49,58.73,-0.02,5,29365,卖盘
1759,13:33:52,58.75,0.02,5,29371,买盘
1760,13:34:01,58.76,0.01,1,5876,买盘
1761,13:34:04,58.75,-0.01,6,35250,卖盘
1762,13:34:06,58.76,0.01,5,29380,买盘
1763,13:34:10,58.76,0.0,10,58760,买盘
1764,13:34:15,58.75,-0.01,2,11750,卖盘
1765,13:34:19,58.76,0.01,1,5876,买盘
1766,13:34:22,58.76,0.0,7,41126,买盘
1767,13:34:25,58.75,-0.01,16,94002,卖盘
1768,13:34:31,58.75,0.0,8,47004,卖盘
1769,13:34:34,58.75,0.0,13,76375,卖盘
1770,13:34:36,58.75,0.0,20,117500,卖盘
1771,13:34:40,58.72,-0.03,15,88095,卖盘
1772,13:34:49,58.71,-0.01,4,23487,卖盘
1773,13:34:52,58.7,-0.01,43,252430,卖盘
1774,13:34:55,58.69,-0.01,30,176091,卖盘
1775,13:34:58,58.68,-0.01,27,158443,卖盘
1776,13:35:01,58.68,0.0,8,46939,买盘
1777,13:35:04,58.65,-0.03,93,545515,卖盘
1778,13:35:07,58.64,-0.01,26,152484,卖盘
1779,13:35:13,58.65,0.01,2,11730,买盘
1780,13:35:18,58.65,0.0,28,164215,买盘
1781,13:35:25,58.65,0.0,5,29321,买盘
1782,13:35:27,58.63,-0.02,11,64499,卖盘
1783,13:35:34,58.62,-0.01,23,134839,卖盘
1784,13:35:37,58.61,-0.01,20,117222,卖盘
1785,13:35:46,58.63,0.02,19,111379,买盘
1786,13:35:49,58.61,-0.02,30,175834,卖盘
1787,13:35:52,58.63,0.02,10,58630,买盘
1788,13:35:54,58.62,-0.01,1,5862,买盘
1789,13:36:01,58.61,-0.01,27,158247,卖盘
1790,13:36:04,58.62,0.01,5,29310,买盘
1791,13:36:07,58.62,0.0,18,105514,买盘
1792,13:36:10,58.62,0.0,51,298962,卖盘
1793,13:36:13,58.61,-0.01,48,283710,卖盘
1794,13:36:16,58.62,0.01,2,11723,中性盘
1795,13:36:22,58.62,0.0,5,29310,买盘
1796,13:36:28,58.61,-0.01,5,29305,卖盘
1797,13:36:31,58.62,0.01,35,205163,买盘
1798,13:36:34,58.62,0.0,2,11724,买盘
1799,13:36:37,58.62,0.0,13,76206,买盘
1800,13:36:40,58.62,0.0,1,5862,卖盘
1801,13:36:42,58.62,0.0,1,5862,卖盘
1802,13:36:46,58.62,0.0,23,134826,卖盘
1803,13:36:49,58.63,0.01,13,76210,买盘
1804,13:36:52,58.65,0.02,8,46908,买盘
1805,13:36:55,58.65,0.0,1,5865,卖盘
1806,13:37:01,58.65,0.0,3,17595,卖盘
1807,13:37:16,58.63,-0.02,30,175932,卖盘
1808,13:37:37,58.63,0.0,2,11726,卖盘
1809,13:37:39,58.63,0.0,6,35178,卖盘
1810,13:37:43,58.62,-0.01,28,164136,卖盘
1811,13:37:49,58.61,-0.01,1,5861,卖盘
1812,13:37:52,58.62,0.01,5,29310,买盘
1813,13:37:58,58.62,0.0,3,17585,买盘
1814,13:38:01,58.62,0.0,3,17585,买盘
1815,13:38:04,58.62,0.0,8,46896,卖盘
1816,13:38:10,58.61,-0.01,3,17583,卖盘
1817,13:38:13,58.63,0.02,18,105530,买盘
1818,13:38:16,58.63,0.0,1,5863,卖盘
1819,13:38:19,58.62,-0.01,9,52764,卖盘
1820,13:38:25,58.63,0.01,2,11726,卖盘
1821,13:38:28,58.63,0.0,2,11726,买盘
1822,13:38:31,58.62,-0.01,11,64482,卖盘
1823,13:38:37,58.62,0.0,2,11724,买盘
1824,13:38:40,58.61,-0.01,8,46888,卖盘
1825,13:38:43,58.61,0.0,5,29305,卖盘
1826,13:38:49,58.61,0.0,10,58610,卖盘
1827,13:38:55,58.63,0.02,23,134837,买盘
1828,13:39:01,58.63,0.0,2,11726,卖盘
1829,13:39:04,58.63,0.0,5,29315,卖盘
1830,13:39:10,58.63,0.0,40,234520,卖盘
1831,13:39:13,58.64,0.01,7,41045,买盘
1832,13:39:16,58.65,0.01,21,123162,买盘
1833,13:39:37,58.67,0.02,2,11734,买盘
1834,13:39:52,58.67,0.0,1,5867,买盘
1835,13:39:58,58.67,0.0,1,5867,买盘
1836,13:40:01,58.67,0.0,13,76271,买盘
1837,13:40:04,58.65,-0.02,50,293276,卖盘
1838,13:40:10,58.68,0.03,2,11736,买盘
1839,13:40:13,58.67,-0.01,2,11734,卖盘
1840,13:40:22,58.66,-0.01,1,5866,卖盘
1841,13:40:28,58.67,0.01,37,217029,买盘
1842,13:40:31,58.63,-0.04,61,357687,卖盘
1843,13:40:37,58.63,0.0,48,281424,卖盘
1844,13:40:43,58.63,0.0,92,539443,卖盘
1845,13:40:49,58.63,0.0,100,586331,卖盘
1846,13:40:52,58.63,0.0,32,187620,卖盘
1847,13:40:55,58.68,0.05,1,5868,买盘
1848,13:40:58,58.63,-0.05,48,281424,卖盘
1849,13:41:04,58.63,0.0,10,58630,卖盘
1850,13:41:07,58.63,0.0,32,187624,卖盘
1851,13:41:10,58.63,0.0,27,158301,卖盘
1852,13:41:16,58.63,0.0,9,52767,卖盘
1853,13:41:19,58.63,0.0,32,187616,卖盘
1854,13:41:22,58.63,0.0,10,58630,卖盘
1855,13:41:25,58.63,0.0,6,35178,卖盘
1856,13:41:28,58.63,0.0,1,5863,卖盘
1857,13:41:31,58.61,-0.02,39,228618,卖盘
1858,13:41:33,58.61,0.0,4,23444,卖盘
1859,13:41:40,58.61,0.0,2,11722,买盘
1860,13:41:43,58.6,-0.01,111,650460,卖盘
1861,13:41:46,58.61,0.01,1,5861,买盘
1862,13:41:49,58.61,0.0,4,23444,买盘
1863,13:41:52,58.6,-0.01,53,310580,卖盘
1864,13:41:55,58.6,0.0,47,275420,买盘
1865,13:41:58,58.6,0.0,5,29300,卖盘
1866,13:42:01,58.61,0.01,4,23444,买盘
1867,13:42:04,58.61,0.0,13,76193,买盘
1868,13:42:07,58.6,-0.01,22,128932,卖盘
1869,13:42:10,58.63,0.03,15,87939,买盘
1870,13:42:13,58.63,0.0,14,82082,卖盘
1871,13:42:22,58.63,0.0,1,5863,卖盘
1872,13:42:25,58.65,0.02,1,5865,买盘
1873,13:42:28,58.64,-0.01,1,5864,卖盘
1874,13:42:31,58.65,0.01,4,23460,买盘
1875,13:42:34,58.64,-0.01,58,340055,卖盘
1876,13:42:37,58.64,0.0,7,41036,买盘
1877,13:42:42,58.63,-0.01,3,17589,买盘
1878,13:42:45,58.62,-0.01,7,41034,中性盘
1879,13:42:49,58.63,0.01,1,5863,买盘
1880,13:42:52,58.65,0.02,10,58642,买盘
1881,13:42:57,58.62,-0.03,4,23448,卖盘
1882,13:43:00,58.67,0.05,10,58646,买盘
1883,13:43:16,58.6,-0.07,505,2959746,卖盘
1884,13:43:22,58.64,0.04,7,41048,卖盘
1885,13:43:25,58.66,0.02,2,11732,买盘
1886,13:43:27,58.66,0.0,3,17598,买盘
1887,13:43:37,58.65,-0.01,1,5865,买盘
1888,13:43:40,58.64,-0.01,3,17593,卖盘
1889,13:43:43,58.64,0.0,1,5864,卖盘
1890,13:43:46,58.65,0.01,3,17595,买盘
1891,13:43:57,58.64,-0.01,8,46912,中性盘
1892,13:44:00,58.65,0.01,15,87966,买盘
1893,13:44:04,58.65,0.0,1,5865,卖盘
1894,13:44:13,58.66,0.01,12,70392,买盘
1895,13:44:25,58.65,-0.01,2,11731,卖盘
1896,13:44:31,58.67,0.02,2,11734,买盘
1897,13:44:33,58.67,0.0,2,11734,买盘
1898,13:44:37,58.67,0.0,1,5867,买盘
1899,13:44:42,58.65,-0.02,7,41060,卖盘
1900,13:44:55,58.65,0.0,5,29326,卖盘
1901,13:45:01,58.67,0.02,1,5867,买盘
1902,13:45:09,58.65,-0.02,1,5865,卖盘
1903,13:45:12,58.67,0.02,2,11734,买盘
1904,13:45:34,58.68,0.01,12,70416,买盘
1905,13:45:46,58.7,0.02,10,58700,买盘
1906,13:46:01,58.7,0.0,12,70440,买盘
1907,13:46:03,58.7,0.0,1,5870,买盘
1908,13:46:07,58.68,-0.02,4,23472,卖盘
1909,13:46:10,58.68,0.0,1,5868,卖盘
1910,13:46:16,58.68,0.0,1,5868,买盘
1911,13:46:28,58.68,0.0,2,11736,买盘
1912,13:46:58,58.7,0.02,1,5870,买盘
1913,13:47:01,58.7,0.0,5,29350,买盘
1914,13:47:07,58.7,0.0,3,17610,买盘
1915,13:47:10,58.68,-0.02,10,58686,卖盘
1916,13:47:19,58.68,0.0,1,5868,中性盘
1917,13:47:22,58.69,0.01,1,5869,中性盘
1918,13:47:24,58.67,-0.02,6,35203,卖盘
1919,13:47:27,58.67,0.0,1,5867,买盘
1920,13:47:34,58.67,0.0,2,11733,买盘
1921,13:47:40,58.67,0.0,1,5867,中性盘
1922,13:47:48,58.7,0.03,2,11740,买盘
1923,13:47:54,58.68,-0.02,1,5868,卖盘
1924,13:48:04,58.7,0.02,11,64563,买盘
1925,13:48:07,58.7,0.0,15,88050,卖盘
1926,13:48:13,58.7,0.0,12,70440,卖盘
1927,13:48:19,58.7,0.0,1,5870,卖盘
1928,13:48:33,58.7,0.0,1,5870,买盘
1929,13:48:43,58.67,-0.03,13,76274,卖盘
1930,13:48:49,58.7,0.03,1,5870,买盘
1931,13:48:57,58.7,0.0,5,29350,买盘
1932,13:49:10,58.68,-0.02,7,41082,卖盘
1933,13:49:25,58.68,0.0,10,58680,买盘
1934,13:49:31,58.68,0.0,1,5868,卖盘
1935,13:49:34,58.66,-0.02,3,17602,卖盘
1936,13:49:43,58.68,0.02,1,5868,买盘
1937,13:49:46,58.65,-0.03,31,181828,卖盘
1938,13:49:55,58.63,-0.02,7,41046,卖盘
1939,13:50:07,58.62,-0.01,80,468980,卖盘
1940,13:50:13,58.61,-0.01,10,58610,卖盘
1941,13:50:16,58.6,-0.01,6,35161,卖盘
1942,13:50:25,58.6,0.0,11,64460,卖盘
1943,13:50:28,58.63,0.03,3,17585,买盘
1944,13:50:31,58.63,0.0,17,99671,卖盘
1945,13:50:34,58.63,0.0,22,128986,卖盘
1946,13:50:40,58.63,0.0,8,46904,卖盘
1947,13:50:45,58.61,-0.02,3,17587,卖盘
1948,13:50:52,58.6,-0.01,102,597868,卖盘
1949,13:50:55,58.6,0.0,7,41026,卖盘
1950,13:51:00,58.6,0.0,4,23440,卖盘
1951,13:51:07,58.6,0.0,17,99622,卖盘
1952,13:51:19,58.61,0.01,5,29307,卖盘
1953,13:51:28,58.6,-0.01,20,117207,卖盘
1954,13:51:31,58.61,0.01,2,11722,卖盘
1955,13:51:37,58.6,-0.01,50,293004,卖盘
1956,13:51:40,58.62,0.02,5,29306,买盘
1957,13:51:46,58.62,0.0,43,252025,买盘
1958,13:51:52,58.62,0.0,3,17586,买盘
1959,13:51:57,58.62,0.0,4,23448,买盘
1960,13:52:01,58.62,0.0,3,17586,买盘
1961,13:52:04,58.61,-0.01,30,175830,卖盘
1962,13:52:10,58.61,0.0,10,58610,买盘
1963,13:52:16,58.61,0.0,9,52749,买盘
1964,13:52:19,58.63,0.02,48,281381,买盘
1965,13:52:25,58.64,0.01,1,5864,买盘
1966,13:52:28,58.64,0.0,2,11728,买盘
1967,13:52:34,58.63,-0.01,65,381096,卖盘
1968,13:52:36,58.63,0.0,3,17587,买盘
1969,13:52:40,58.63,0.0,52,304769,买盘
1970,13:52:52,58.63,0.0,56,328328,买盘
1971,13:52:55,58.6,-0.03,8,46889,卖盘
1972,13:52:58,58.63,0.03,4,23449,买盘
1973,13:53:01,58.63,0.0,25,146575,买盘
1974,13:53:04,58.62,-0.01,42,246241,卖盘
1975,13:53:07,58.63,0.01,13,76218,买盘
1976,13:53:13,58.6,-0.03,50,293031,卖盘
1977,13:53:16,58.64,0.04,3,17592,买盘
1978,13:53:21,58.64,0.0,1,5864,卖盘
1979,13:53:34,58.67,0.03,2,11734,买盘
1980,13:53:37,58.67,0.0,1,5867,买盘
1981,13:53:46,58.66,-0.01,9,52794,买盘
1982,13:53:49,58.7,0.04,9,52812,买盘
1983,13:53:55,58.64,-0.06,61,357760,卖盘
1984,13:54:04,58.66,0.02,13,76261,卖盘
1985,13:54:09,58.74,0.08,11,64614,买盘
1986,13:54:13,58.74,0.0,3,17622,卖盘
1987,13:54:25,58.72,-0.02,1,5872,买盘
1988,13:54:28,58.73,0.01,2,11746,买盘
1989,13:54:33,58.68,-0.05,1,5868,卖盘
1990,13:54:49,58.73,0.05,1,5873,买盘
1991,13:54:52,58.75,0.02,49,287819,买盘
1992,13:55:04,58.7,-0.05,1,5870,中性盘
1993,13:55:07,58.7,0.0,10,58700,买盘
1994,13:55:13,58.7,0.0,20,117400,买盘
1995,13:55:16,58.75,0.05,4,23500,买盘
1996,13:55:19,58.7,-0.05,1,5870,卖盘
1997,13:55:22,58.7,0.0,9,52830,卖盘
1998,13:55:31,58.75,0.05,5,29375,买盘
1999,13:55:34,58.75,0.0,5,29372,买盘
2000,13:55:43,58.71,-0.04,3,17613,卖盘
2001,13:55:52,58.74,0.03,8,46977,买盘
2002,13:55:54,58.74,0.0,3,17622,买盘
2003,13:56:04,58.73,-0.01,2,11746,买盘
2004,13:56:06,58.71,-0.02,2,11742,卖盘
2005,13:56:18,58.73,0.02,1,5873,买盘
2006,13:56:22,58.73,0.0,3,17619,买盘
2007,13:56:30,58.73,0.0,19,111587,买盘
2008,13:56:37,58.73,0.0,18,105714,买盘
2009,13:56:40,58.73,0.0,9,52857,卖盘
2010,13:56:55,58.72,-0.01,3,17616,卖盘
2011,13:57:13,58.73,0.01,1,5873,买盘
2012,13:57:16,58.72,-0.01,9,52848,卖盘
2013,13:57:19,58.72,0.0,3,17616,买盘
2014,13:57:31,58.73,0.01,9,52855,买盘
2015,13:57:37,58.73,0.0,10,58730,买盘
2016,13:57:51,58.73,0.0,4,23492,买盘
2017,13:58:04,58.72,-0.01,5,29360,卖盘
2018,13:58:13,58.72,0.0,3,17616,买盘
2019,13:58:16,58.73,0.01,2,11746,买盘
2020,13:58:27,58.72,-0.01,1,5872,卖盘
2021,13:58:34,58.73,0.01,3,17619,买盘
2022,13:58:37,58.73,0.0,8,46984,买盘
2023,13:58:43,58.72,-0.01,26,152678,卖盘
2024,13:59:00,58.72,0.0,7,41110,卖盘
2025,13:59:04,58.73,0.01,6,35238,买盘
2026,13:59:06,58.72,-0.01,1,5872,卖盘
2027,13:59:19,58.72,0.0,8,46976,卖盘
2028,13:59:21,58.72,0.0,2,11744,卖盘
2029,13:59:25,58.72,0.0,1,5872,买盘
2030,13:59:30,58.72,0.0,4,23488,买盘
2031,13:59:33,58.71,-0.01,5,29357,卖盘
2032,13:59:36,58.7,-0.01,250,1467603,卖盘
2033,13:59:40,58.7,0.0,20,117400,买盘
2034,13:59:43,58.69,-0.01,20,117380,卖盘
2035,13:59:51,58.68,-0.01,2,11736,卖盘
2036,13:59:57,58.67,-0.01,1,5867,卖盘
2037,14:00:06,58.65,-0.02,8,46923,卖盘
2038,14:00:13,58.64,-0.01,1,5864,卖盘
2039,14:00:21,58.62,-0.02,3,17588,卖盘
2040,14:00:28,58.62,0.0,17,99654,卖盘
2041,14:00:31,58.62,0.0,5,29310,买盘
2042,14:00:34,58.61,-0.01,34,199287,卖盘
2043,14:00:40,58.62,0.01,3,17586,买盘
2044,14:00:43,58.62,0.0,2,11723,买盘
2045,14:00:46,58.6,-0.02,29,169948,卖盘
2046,14:00:49,58.61,0.01,2,11722,买盘
2047,14:00:52,58.61,0.0,13,76186,买盘
2048,14:00:55,58.61,0.0,3,17581,买盘
2049,14:00:58,58.6,-0.01,7,41021,卖盘
2050,14:01:01,58.6,0.0,12,70321,卖盘
2051,14:01:04,58.6,0.0,38,222680,卖盘
2052,14:01:06,58.6,0.0,4,23440,卖盘
2053,14:01:13,58.61,0.01,58,339919,买盘
2054,14:01:22,58.58,-0.03,2,11716,卖盘
2055,14:01:25,58.58,0.0,38,222652,卖盘
2056,14:01:28,58.62,0.04,2,11724,买盘
2057,14:01:31,58.59,-0.03,11,64461,卖盘
2058,14:01:34,58.57,-0.02,20,117162,卖盘
2059,14:01:48,58.52,-0.05,88,515210,卖盘
2060,14:01:58,58.52,0.0,7,40988,卖盘
2061,14:02:01,58.55,0.03,2,11710,中性盘
2062,14:02:04,58.55,0.0,2,11710,中性盘
2063,14:02:07,58.6,0.05,20,117174,买盘
2064,14:02:10,58.52,-0.08,4,23408,卖盘
2065,14:02:13,58.55,0.03,2,11709,买盘
2066,14:02:22,58.55,0.0,8,46840,买盘
2067,14:02:37,58.57,0.02,1,5857,卖盘
2068,14:02:42,58.55,-0.02,16,93684,卖盘
2069,14:02:46,58.59,0.04,7,41013,买盘
2070,14:02:49,58.59,0.0,7,41013,卖盘
2071,14:02:52,58.59,0.0,7,41013,卖盘
2072,14:03:00,58.58,-0.01,1,5858,买盘
2073,14:03:03,58.58,0.0,2,11716,买盘
2074,14:03:21,58.6,0.02,1,5860,中性盘
2075,14:03:25,58.62,0.02,2,11724,买盘
2076,14:03:27,58.62,0.0,1,5862,买盘
2077,14:03:37,58.62,0.0,2,11724,卖盘
2078,14:03:40,58.62,0.0,1,5862,买盘
2079,14:03:49,58.62,0.0,1,5862,买盘
2080,14:04:07,58.61,-0.01,7,41027,买盘
2081,14:04:10,58.61,0.0,3,17583,买盘
2082,14:04:13,58.61,0.0,7,41027,买盘
2083,14:04:16,58.6,-0.01,3,17580,卖盘
2084,14:04:19,58.6,0.0,5,29300,卖盘
2085,14:04:27,58.59,-0.01,2,11719,卖盘
2086,14:04:31,58.6,0.01,23,134760,买盘
2087,14:04:33,58.59,-0.01,1,5859,卖盘
2088,14:04:42,58.6,0.01,10,58602,卖盘
2089,14:04:46,58.62,0.02,10,58615,买盘
2090,14:04:49,58.62,0.0,1,5862,买盘
2091,14:04:54,58.61,-0.01,1,5861,买盘
2092,14:05:01,58.6,-0.01,20,117200,卖盘
2093,14:05:04,58.61,0.01,20,117220,买盘
2094,14:05:07,58.58,-0.03,77,451144,卖盘
2095,14:05:13,58.58,0.0,4,23432,买盘
2096,14:05:22,58.57,-0.01,4,23429,卖盘
2097,14:05:25,58.58,0.01,22,128876,买盘
2098,14:05:34,58.58,0.0,15,87870,卖盘
2099,14:05:45,58.58,0.0,3,17574,买盘
2100,14:05:48,58.58,0.0,3,17574,买盘
2101,14:05:54,58.58,0.0,1,5858,买盘
2102,14:05:58,58.57,-0.01,26,152282,卖盘
2103,14:06:01,58.58,0.01,3,17572,买盘
2104,14:06:04,58.58,0.0,7,41006,买盘
2105,14:06:10,58.61,0.03,16,93753,买盘
2106,14:06:13,58.61,0.0,3,17580,买盘
2107,14:06:16,58.62,0.01,8,46889,买盘
2108,14:06:19,58.6,-0.02,6,35155,中性盘
2109,14:06:22,58.63,0.03,22,128968,买盘
2110,14:06:25,58.63,0.0,5,29304,买盘
2111,14:06:31,58.63,0.0,10,58630,买盘
2112,14:06:37,58.63,0.0,1,5863,卖盘
2113,14:06:46,58.64,0.01,4,23456,买盘
2114,14:06:49,58.64,0.0,8,46907,买盘
2115,14:06:52,58.64,0.0,6,35184,买盘
2116,14:06:58,58.63,-0.01,4,23455,卖盘
2117,14:07:01,58.64,0.01,2,11728,买盘
2118,14:07:04,58.64,0.0,4,23456,卖盘
2119,14:07:07,58.65,0.01,11,64515,买盘
2120,14:07:10,58.66,0.01,21,123186,买盘
2121,14:07:16,58.66,0.0,7,41062,买盘
2122,14:07:19,58.65,-0.01,32,187701,卖盘
2123,14:07:22,58.66,0.01,9,52790,中性盘
2124,14:07:28,58.7,0.04,5,29346,买盘
2125,14:07:31,58.7,0.0,34,199580,买盘
2126,14:07:37,58.7,0.0,4,23480,卖盘
2127,14:07:40,58.73,0.03,5,29365,买盘
2128,14:07:46,58.73,0.0,1,5873,买盘
2129,14:07:49,58.73,0.0,4,23492,买盘
2130,14:07:52,58.73,0.0,6,35238,买盘
2131,14:07:58,58.74,0.01,31,182068,买盘
2132,14:08:04,58.73,-0.01,3,17619,卖盘
2133,14:08:10,58.76,0.03,72,423062,买盘
2134,14:08:16,58.74,-0.02,1,5874,卖盘
2135,14:08:19,58.77,0.03,36,211538,买盘
2136,14:08:22,58.77,0.0,10,58770,买盘
2137,14:08:28,58.77,0.0,1,5877,买盘
2138,14:08:31,58.77,0.0,31,182178,买盘
2139,14:08:46,58.8,0.03,30,176336,买盘
2140,14:08:52,58.77,-0.03,2,11754,卖盘
2141,14:08:58,58.78,0.01,1,5878,卖盘
2142,14:09:01,58.79,0.01,5,29395,买盘
2143,14:09:04,58.78,-0.01,3,17634,卖盘
2144,14:09:07,58.8,0.02,32,188156,买盘
2145,14:09:10,58.8,0.0,23,135240,买盘
2146,14:09:13,58.77,-0.03,3,17632,卖盘
2147,14:09:16,58.8,0.03,1,5880,买盘
2148,14:09:19,58.79,-0.01,1,5879,卖盘
2149,14:09:28,58.8,0.01,13,76437,买盘
2150,14:09:31,58.9,0.1,160,942296,买盘
2151,14:09:34,58.79,-0.11,20,117581,卖盘
2152,14:09:37,58.79,0.0,4,23517,卖盘
2153,14:09:43,58.88,0.09,2,11776,买盘
2154,14:09:58,58.82,-0.06,1,5882,中性盘
2155,14:10:07,58.82,0.0,1,5882,买盘
2156,14:10:10,58.82,0.0,34,199988,买盘
2157,14:10:16,58.81,-0.01,6,35286,卖盘
2158,14:10:22,58.81,0.0,4,23524,卖盘
2159,14:10:25,58.81,0.0,4,23524,卖盘
2160,14:10:31,58.82,0.01,22,129404,买盘
2161,14:10:37,58.81,-0.01,2,11762,买盘
2162,14:10:43,58.81,0.0,6,35286,买盘
2163,14:10:49,58.8,-0.01,4,23520,卖盘
2164,14:10:55,58.81,0.01,2,11762,买盘
2165,14:10:58,58.8,-0.01,20,117600,卖盘
2166,14:11:01,58.8,0.0,6,35285,卖盘
2167,14:11:04,58.8,0.0,7,41160,卖盘
2168,14:11:28,58.78,-0.02,4,23512,卖盘
2169,14:11:31,58.77,-0.01,2,11754,卖盘
2170,14:11:40,58.77,0.0,2,11754,卖盘
2171,14:11:43,58.78,0.01,1,5878,买盘
2172,14:11:52,58.76,-0.02,1,5876,卖盘
2173,14:11:58,58.77,0.01,2,11753,买盘
2174,14:12:01,58.76,-0.01,8,47008,卖盘
2175,14:12:07,58.77,0.01,14,82274,买盘
2176,14:12:10,58.76,-0.01,10,58761,卖盘
2177,14:12:19,58.77,0.01,3,17631,买盘
2178,14:12:22,58.76,-0.01,2,11752,卖盘
2179,14:12:25,58.76,0.0,5,29380,买盘
2180,14:12:28,58.76,0.0,3,17628,买盘
2181,14:12:34,58.75,-0.01,10,58750,卖盘
2182,14:12:37,58.75,0.0,32,188006,买盘
2183,14:12:40,58.74,-0.01,2,11748,卖盘
2184,14:12:43,58.75,0.01,18,105749,买盘
2185,14:12:49,58.75,0.0,41,240852,买盘
2186,14:12:52,58.77,0.02,5,29382,买盘
2187,14:12:58,58.75,-0.02,1,5875,卖盘
2188,14:13:01,58.76,0.01,1,5876,中性盘
2189,14:13:04,58.75,-0.01,2,11750,卖盘
2190,14:13:13,58.76,0.01,3,17628,买盘
2191,14:13:15,58.76,0.0,3,17628,买盘
2192,14:13:19,58.77,0.01,4,23508,买盘
2193,14:13:28,58.77,0.0,2,11754,卖盘
2194,14:13:31,58.76,-0.01,7,41135,卖盘
2195,14:13:34,58.76,0.0,28,164528,卖盘
2196,14:13:36,58.8,0.04,18,105837,买盘
2197,14:13:52,58.82,0.02,16,94112,买盘
2198,14:13:55,58.8,-0.02,31,182310,卖盘
2199,14:13:58,58.8,0.0,28,164640,买盘
2200,14:14:01,58.8,0.0,10,58800,买盘
2201,14:14:10,58.8,0.0,7,41156,买盘
2202,14:14:16,58.8,0.0,7,41157,买盘
2203,14:14:19,58.86,0.06,36,211754,买盘
2204,14:14:31,58.86,0.0,2,11773,卖盘
2205,14:14:34,58.87,0.01,3,17661,买盘
2206,14:14:40,58.88,0.01,1,5888,买盘
2207,14:14:43,58.86,-0.02,61,359066,卖盘
2208,14:14:49,58.86,0.0,39,229580,卖盘
2209,14:14:55,58.83,-0.03,2,11766,卖盘
2210,14:14:58,58.86,0.03,2,11772,买盘
2211,14:15:04,58.86,0.0,5,29424,买盘
2212,14:15:07,58.86,0.0,44,258844,买盘
2213,14:15:10,58.82,-0.04,2,11762,买盘
2214,14:15:13,58.82,0.0,7,41174,买盘
2215,14:15:15,58.78,-0.04,9,52924,卖盘
2216,14:15:30,58.83,0.05,2,11766,买盘
2217,14:15:37,58.8,-0.03,7,41169,卖盘
2218,14:15:43,58.8,0.0,2,11760,卖盘
2219,14:15:46,58.89,0.09,7,41215,买盘
2220,14:15:52,58.86,-0.03,3,17661,卖盘
2221,14:15:55,58.86,0.0,8,47088,卖盘
2222,14:16:04,58.86,0.0,3,17658,卖盘
2223,14:16:07,58.86,0.0,18,105948,买盘
2224,14:16:10,58.89,0.03,36,211958,买盘
2225,14:16:12,58.89,0.0,14,82446,卖盘
2226,14:16:19,58.89,0.0,2,11778,卖盘
2227,14:16:21,58.82,-0.07,17,100006,卖盘
2228,14:16:28,58.82,0.0,2,11764,买盘
2229,14:16:31,58.82,0.0,6,35292,买盘
2230,14:16:34,58.81,-0.01,1,5881,卖盘
2231,14:16:37,58.82,0.01,1,5882,买盘
2232,14:16:40,58.82,0.0,1,5882,卖盘
2233,14:16:43,58.82,0.0,11,64702,卖盘
2234,14:16:46,58.82,0.0,44,258808,买盘
2235,14:16:52,58.8,-0.02,4,23523,卖盘
2236,14:17:01,58.8,0.0,3,17640,卖盘
2237,14:17:04,58.81,0.01,9,52925,买盘
2238,14:17:12,58.8,-0.01,8,47040,买盘
2239,14:17:16,58.81,0.01,59,346922,买盘
2240,14:17:19,58.8,-0.01,50,294039,卖盘
2241,14:17:31,58.82,0.02,61,358795,买盘
2242,14:17:36,58.82,0.0,4,23528,卖盘
2243,14:17:46,58.83,0.01,1,5883,中性盘
2244,14:17:58,58.86,0.03,1,5886,卖盘
2245,14:18:01,58.83,-0.03,2,11766,买盘
2246,14:18:13,58.83,0.0,8,47064,卖盘
2247,14:18:16,58.88,0.05,10,58880,买盘
2248,14:18:19,58.88,0.0,1,5888,买盘
2249,14:18:28,58.88,0.0,3,17664,买盘
2250,14:18:34,58.88,0.0,5,29440,买盘
2251,14:18:37,58.88,0.0,1,5888,买盘
2252,14:18:40,58.88,0.0,4,23552,买盘
2253,14:18:46,58.9,0.02,91,535965,买盘
2254,14:18:49,58.9,0.0,10,58900,买盘
2255,14:18:52,58.9,0.0,1,5890,买盘
2256,14:18:55,58.9,0.0,21,123690,买盘
2257,14:18:58,58.9,0.0,6,35340,买盘
2258,14:19:01,58.9,0.0,4,23560,买盘
2259,14:19:13,58.99,0.09,30,176920,买盘
2260,14:19:28,58.99,0.0,9,53091,买盘
2261,14:19:31,58.99,0.0,1,5899,买盘
2262,14:19:37,59.0,0.01,1,5900,买盘
2263,14:19:40,58.99,-0.01,2,11798,卖盘
2264,14:19:43,58.98,-0.01,3,17694,买盘
2265,14:19:46,58.98,0.0,1,5898,买盘
2266,14:19:49,59.0,0.02,87,513260,买盘
2267,14:19:52,59.0,0.0,3,17700,卖盘
2268,14:20:01,59.02,0.02,7,41308,买盘
2269,14:20:04,59.03,0.01,25,147565,买盘
2270,14:20:07,59.03,0.0,13,76723,买盘
2271,14:20:10,59.02,-0.01,1,5902,卖盘
2272,14:20:16,59.02,0.0,14,82640,卖盘
2273,14:20:25,59.02,0.0,2,11804,买盘
2274,14:20:28,59.01,-0.01,23,135726,卖盘
2275,14:20:34,59.0,-0.01,5,29504,卖盘
2276,14:20:37,59.01,0.01,5,29505,买盘
2277,14:20:40,59.01,0.0,1,5901,买盘
2278,14:20:43,59.01,0.0,19,112119,买盘
2279,14:20:49,59.01,0.0,4,23604,卖盘
2280,14:20:52,59.0,-0.01,14,82619,卖盘
2281,14:20:58,59.0,0.0,40,236000,卖盘
2282,14:21:01,59.02,0.02,14,82609,中性盘
2283,14:21:04,59.0,-0.02,1,5900,卖盘
2284,14:21:10,59.0,0.0,24,141607,卖盘
2285,14:21:13,59.0,0.0,47,277300,卖盘
2286,14:21:16,59.0,0.0,4,23600,卖盘
2287,14:21:19,58.98,-0.02,15,88480,卖盘
2288,14:21:28,58.95,-0.03,3,17685,卖盘
2289,14:21:34,58.98,0.03,10,58956,买盘
2290,14:21:40,58.93,-0.05,2,11786,卖盘
2291,14:21:46,58.98,0.05,20,117945,买盘
2292,14:21:55,58.95,-0.03,3,17685,卖盘
2293,14:22:13,58.95,0.0,5,29475,买盘
2294,14:22:19,58.95,0.0,10,58950,卖盘
2295,14:22:28,58.96,0.01,6,35376,卖盘
2296,14:22:31,58.96,0.0,1,5896,卖盘
2297,14:22:37,58.96,0.0,6,35376,卖盘
2298,14:22:46,58.96,0.0,1,5896,卖盘
2299,14:23:01,58.96,0.0,11,64857,卖盘
2300,14:23:04,58.96,0.0,3,17688,卖盘
2301,14:23:16,58.96,0.0,2,11792,卖盘
2302,14:23:19,58.96,0.0,2,11792,卖盘
2303,14:23:22,58.96,0.0,12,70762,卖盘
2304,14:23:25,58.97,0.01,1,5897,买盘
2305,14:23:28,58.96,-0.01,9,53064,卖盘
2306,14:23:31,58.96,0.0,7,41272,卖盘
2307,14:23:34,58.95,-0.01,16,94320,卖盘
2308,14:23:40,58.95,0.0,6,35370,卖盘
2309,14:23:43,58.96,0.01,7,41266,买盘
2310,14:23:46,58.96,0.0,3,17686,买盘
2311,14:23:55,58.94,-0.02,1,5894,卖盘
2312,14:23:57,58.9,-0.04,46,270948,卖盘
2313,14:24:07,58.9,0.0,4,23560,买盘
2314,14:24:10,58.9,0.0,2,11780,卖盘
2315,14:24:13,58.9,0.0,1,5890,卖盘
2316,14:24:25,58.9,0.0,1,5890,卖盘
2317,14:24:34,58.89,-0.01,5,29446,卖盘
2318,14:24:43,58.9,0.01,5,29450,买盘
2319,14:24:52,58.9,0.0,6,35339,买盘
2320,14:24:58,58.9,0.0,1,5890,买盘
2321,14:25:07,58.9,0.0,13,76566,买盘
2322,14:25:10,58.9,0.0,18,106020,买盘
2323,14:25:13,58.9,0.0,1,5890,卖盘
2324,14:25:19,58.9,0.0,5,29450,卖盘
2325,14:25:25,58.9,0.0,4,23560,卖盘
2326,14:25:37,58.91,0.01,1,5891,买盘
2327,14:25:40,58.91,0.0,12,70693,卖盘
2328,14:25:49,58.91,0.0,3,17673,卖盘
2329,14:25:55,58.91,0.0,4,23564,卖盘
2330,14:25:58,58.91,0.0,1,5891,买盘
2331,14:26:07,58.9,-0.01,12,70685,卖盘
2332,14:26:10,58.91,0.01,1,5891,买盘
2333,14:26:16,58.9,-0.01,2,11780,卖盘
2334,14:26:19,58.91,0.01,3,17671,买盘
2335,14:26:22,58.9,-0.01,13,76571,卖盘
2336,14:26:31,58.88,-0.02,3,17664,卖盘
2337,14:27:07,58.87,-0.01,17,100068,买盘
2338,14:27:10,58.87,0.0,2,11774,买盘
2339,14:27:16,58.87,0.0,4,23545,买盘
2340,14:27:19,58.87,0.0,1,5887,买盘
2341,14:27:22,58.87,0.0,1,5887,买盘
2342,14:27:25,58.87,0.0,1,5887,买盘
2343,14:27:28,58.85,-0.02,25,147136,卖盘
2344,14:27:31,58.88,0.03,35,205994,买盘
2345,14:27:37,58.92,0.04,10,58908,买盘
2346,14:27:40,58.86,-0.06,1,5886,中性盘
2347,14:27:43,58.85,-0.01,3,17655,买盘
2348,14:27:46,58.85,0.0,5,29425,买盘
2349,14:27:58,58.87,0.02,11,64765,卖盘
2350,14:28:01,58.9,0.03,1,5890,买盘
2351,14:28:07,58.92,0.02,9,53027,买盘
2352,14:28:10,58.91,-0.01,1,5891,卖盘
2353,14:28:13,58.92,0.01,7,41243,买盘
2354,14:28:16,58.93,0.01,1,5893,买盘
2355,14:28:19,58.92,-0.01,20,117840,卖盘
2356,14:28:25,58.94,0.02,12,70718,买盘
2357,14:28:28,58.94,0.0,1,5894,买盘
2358,14:28:31,58.94,0.0,1,5894,买盘
2359,14:28:37,58.94,0.0,3,17682,买盘
2360,14:28:46,58.95,0.01,1,5895,卖盘
2361,14:28:49,58.96,0.01,1,5896,买盘
2362,14:28:52,58.97,0.01,8,47170,买盘
2363,14:28:55,58.97,0.0,1,5897,买盘
2364,14:28:58,58.95,-0.02,15,88437,卖盘
2365,14:29:01,58.97,0.02,1,5897,买盘
2366,14:29:07,58.97,0.0,1,5897,买盘
2367,14:29:16,58.97,0.0,3,17691,卖盘
2368,14:29:28,58.97,0.0,24,141528,卖盘
2369,14:29:31,58.97,0.0,1,5897,买盘
2370,14:29:34,58.97,0.0,9,53079,买盘
2371,14:29:37,59.0,0.03,9,53088,买盘
2372,14:29:40,59.0,0.0,4,23596,买盘
2373,14:29:43,59.0,0.0,2,11800,买盘
2374,14:29:52,59.0,0.0,2,11800,买盘
2375,14:30:04,59.0,0.0,2,11799,买盘
2376,14:30:10,59.0,0.0,8,47200,买盘
2377,14:30:16,58.99,-0.01,1,5899,卖盘
2378,14:30:19,59.0,0.01,6,35400,买盘
2379,14:30:22,59.0,0.0,8,47200,买盘
2380,14:30:25,58.99,-0.01,9,53091,卖盘
2381,14:30:34,59.0,0.01,1,5900,买盘
2382,14:30:37,59.0,0.0,2,11800,买盘
2383,14:30:40,59.0,0.0,6,35399,买盘
2384,14:30:43,59.0,0.0,15,88500,买盘
2385,14:30:52,59.0,0.0,1,5900,买盘
2386,14:30:55,59.0,0.0,3,17700,买盘
2387,14:30:58,59.0,0.0,1,5900,买盘
2388,14:31:01,59.0,0.0,1,5900,中性盘
2389,14:31:07,59.01,0.01,2,11802,买盘
2390,14:31:13,59.02,0.01,20,118031,买盘
2391,14:31:16,59.02,0.0,11,64922,买盘
2392,14:31:25,59.02,0.0,2,11804,买盘
2393,14:31:31,59.02,0.0,3,17706,买盘
2394,14:31:34,59.02,0.0,11,64922,买盘
2395,14:31:40,59.02,0.0,5,29510,卖盘
2396,14:31:43,59.02,0.0,8,47216,买盘
2397,14:31:52,59.02,0.0,2,11804,卖盘
2398,14:31:58,59.03,0.01,33,194750,买盘
2399,14:32:01,59.05,0.02,7,41326,买盘
2400,14:32:13,59.02,-0.03,20,118044,卖盘
2401,14:32:19,59.05,0.03,1,5905,买盘
2402,14:32:22,59.05,0.0,11,64955,买盘
2403,14:32:25,59.05,0.0,16,94462,买盘
2404,14:32:28,59.02,-0.03,4,23608,卖盘
2405,14:32:31,59.04,0.02,18,106257,买盘
2406,14:32:34,59.04,0.0,3,17712,中性盘
2407,14:32:37,59.04,0.0,2,11808,卖盘
2408,14:32:46,59.03,-0.01,14,82642,买盘
2409,14:32:49,59.01,-0.02,15,88519,卖盘
2410,14:32:55,59.03,0.02,2,11806,买盘
2411,14:33:01,59.03,0.0,3,17709,卖盘
2412,14:33:04,59.02,-0.01,1,5902,卖盘
2413,14:33:07,59.02,0.0,2,11804,卖盘
2414,14:33:10,59.02,0.0,1,5902,卖盘
2415,14:33:22,59.01,-0.01,1,5901,卖盘
2416,14:33:28,59.01,0.0,3,17703,买盘
2417,14:33:31,59.0,-0.01,22,129800,卖盘
2418,14:33:43,59.0,0.0,14,82600,买盘
2419,14:33:49,59.01,0.01,6,35401,买盘
2420,14:33:52,59.0,-0.01,19,112100,卖盘
2421,14:33:55,59.01,0.01,1,5901,买盘
2422,14:33:58,59.0,-0.01,1,5900,卖盘
2423,14:34:01,59.01,0.01,5,29505,买盘
2424,14:34:04,59.0,-0.01,2,11800,卖盘
2425,14:34:07,59.0,0.0,2,11801,卖盘
2426,14:34:10,59.01,0.01,2,11802,买盘
2427,14:34:13,59.01,0.0,52,306802,买盘
2428,14:34:16,59.0,-0.01,1,5900,卖盘
2429,14:34:22,59.01,0.01,25,147525,买盘
2430,14:34:25,59.01,0.0,5,29505,卖盘
2431,14:34:28,59.01,0.0,3,17703,卖盘
2432,14:34:31,59.01,0.0,8,47208,卖盘
2433,14:34:34,59.0,-0.01,10,59003,卖盘
2434,14:34:37,59.01,0.01,16,94415,买盘
2435,14:34:40,59.02,0.01,19,112129,买盘
2436,14:34:43,59.01,-0.01,1,5901,买盘
2437,14:34:49,59.02,0.01,1,5902,买盘
2438,14:34:52,59.02,0.0,1,5902,买盘
2439,14:34:55,59.01,-0.01,3,17703,卖盘
2440,14:34:58,59.01,0.0,1,5901,卖盘
2441,14:35:01,59.01,0.0,88,519468,卖盘
2442,14:35:13,59.02,0.01,20,118040,卖盘
2443,14:35:19,59.03,0.01,5,29523,卖盘
2444,14:35:22,59.03,0.0,10,59030,卖盘
2445,14:35:25,59.05,0.02,6,35430,买盘
2446,14:35:28,59.04,-0.01,4,23616,中性盘
2447,14:35:31,59.02,-0.02,22,129844,卖盘
2448,14:35:34,59.05,0.03,31,183027,买盘
2449,14:35:37,59.05,0.0,7,41335,买盘
2450,14:35:40,59.05,0.0,1,5905,卖盘
2451,14:35:43,59.05,0.0,1,5905,卖盘
2452,14:35:46,59.06,0.01,1,5906,买盘
2453,14:35:49,59.05,-0.01,23,135819,卖盘
2454,14:35:52,59.05,0.0,3,17715,卖盘
2455,14:35:55,59.05,0.0,37,218502,卖盘
2456,14:35:58,59.08,0.03,11,64985,买盘
2457,14:36:04,59.1,0.02,2,11818,买盘
2458,14:36:10,59.1,0.0,27,159570,买盘
2459,14:36:19,59.1,0.0,1,5910,卖盘
2460,14:36:22,59.1,0.0,20,118200,卖盘
2461,14:36:25,59.11,0.01,13,76841,买盘
2462,14:36:28,59.1,-0.01,27,159585,卖盘
2463,14:36:31,59.11,0.01,2,11822,卖盘
2464,14:36:40,59.06,-0.05,20,118123,卖盘
2465,14:36:43,59.1,0.04,9,53188,买盘
2466,14:36:46,59.1,0.0,11,65010,买盘
2467,14:36:49,59.05,-0.05,30,177154,卖盘
2468,14:36:58,59.05,0.0,20,118102,卖盘
2469,14:37:01,59.05,0.0,9,53145,卖盘
2470,14:37:04,59.05,0.0,35,206678,卖盘
2471,14:37:10,59.05,0.0,1,5905,买盘
2472,14:37:13,59.04,-0.01,11,64944,卖盘
2473,14:37:16,59.05,0.01,15,88575,买盘
2474,14:37:19,59.05,0.0,9,53142,买盘
2475,14:37:22,59.02,-0.03,20,118043,卖盘
2476,14:37:34,59.05,0.03,20,118100,买盘
2477,14:37:37,59.02,-0.03,41,241991,卖盘
2478,14:37:40,59.02,0.0,4,23608,买盘
2479,14:37:52,59.04,0.02,6,35414,买盘
2480,14:38:01,59.0,-0.04,10,59000,卖盘
2481,14:38:07,59.03,0.03,1,5903,中性盘
2482,14:38:13,59.0,-0.03,6,35400,卖盘
2483,14:38:16,59.0,0.0,3,17700,卖盘
2484,14:38:19,59.03,0.03,1,5903,买盘
2485,14:38:22,59.0,-0.03,6,35400,卖盘
2486,14:38:25,59.0,0.0,1,5900,买盘
2487,14:38:31,59.0,0.0,13,76697,买盘
2488,14:38:40,58.99,-0.01,4,23596,中性盘
2489,14:38:43,58.99,0.0,6,35394,卖盘
2490,14:38:49,58.97,-0.02,1,3774,卖盘
2491,14:38:55,58.99,0.02,3,17697,买盘
2492,14:38:58,58.97,-0.02,1,5897,卖盘
2493,14:39:01,58.96,-0.01,30,176888,卖盘
2494,14:39:10,58.97,0.01,1,5897,买盘
2495,14:39:13,58.97,0.0,2,11794,买盘
2496,14:39:25,58.97,0.0,3,17691,卖盘
2497,14:39:31,58.97,0.0,2,11794,买盘
2498,14:39:40,58.96,-0.01,2,11793,卖盘
2499,14:39:43,58.95,-0.01,20,117902,卖盘
2500,14:39:46,58.96,0.01,1,5896,买盘
2501,14:39:49,58.95,-0.01,32,188640,卖盘
2502,14:39:52,58.95,0.0,14,82530,卖盘
2503,14:40:01,58.95,0.0,5,29475,卖盘
2504,14:40:07,58.95,0.0,6,35370,卖盘
2505,14:40:19,58.95,0.0,11,64845,卖盘
2506,14:40:28,58.95,0.0,8,49282,卖盘
2507,14:40:34,58.95,0.0,10,58950,买盘
2508,14:40:37,58.9,-0.05,37,217966,卖盘
2509,14:40:40,58.91,0.01,1,5891,买盘
2510,14:40:43,58.91,0.0,19,111963,卖盘
2511,14:40:46,58.91,0.0,9,53019,买盘
2512,14:40:49,58.91,0.0,2,11782,买盘
2513,14:40:55,58.91,0.0,1,5891,买盘
2514,14:40:58,58.91,0.0,6,35346,买盘
2515,14:41:25,58.94,0.03,17,100153,买盘
2516,14:41:37,58.94,0.0,1,5894,买盘
2517,14:41:40,58.9,-0.04,10,58904,卖盘
2518,14:41:46,58.94,0.04,15,88410,买盘
2519,14:41:52,58.94,0.0,5,29470,卖盘
2520,14:41:55,58.91,-0.03,1,5891,卖盘
2521,14:41:58,58.94,0.03,6,35364,买盘
2522,14:42:01,58.94,0.0,3,17682,卖盘
2523,14:42:07,58.94,0.0,15,88410,卖盘
2524,14:42:13,58.95,0.01,22,127558,买盘
2525,14:42:28,58.96,0.01,1,5896,买盘
2526,14:42:31,58.95,-0.01,8,47160,卖盘
2527,14:42:46,58.95,0.0,3,17685,卖盘
2528,14:42:49,58.95,0.0,3,17685,卖盘
2529,14:42:55,58.95,0.0,5,29475,卖盘
2530,14:43:01,58.95,0.0,2,11790,卖盘
2531,14:43:07,58.96,0.01,8,47161,买盘
2532,14:43:13,58.95,-0.01,6,35373,卖盘
2533,14:43:25,58.95,0.0,1,8017,卖盘
2534,14:43:28,58.95,0.0,1,5895,买盘
2535,14:43:31,58.95,0.0,1,5895,买盘
2536,14:43:40,58.95,0.0,2,11790,买盘
2537,14:43:43,58.93,-0.02,1,5893,卖盘
2538,14:43:55,58.95,0.02,6,35370,买盘
2539,14:44:10,58.95,0.0,6,33248,买盘
2540,14:44:13,58.95,0.0,3,17685,卖盘
2541,14:44:19,58.95,0.0,55,324156,卖盘
2542,14:44:22,58.95,0.0,8,47160,卖盘
2543,14:44:25,58.92,-0.03,21,125902,卖盘
2544,14:44:28,58.95,0.03,5,29475,买盘
2545,14:44:34,58.93,-0.02,1,5893,买盘
2546,14:44:40,58.93,0.0,5,29465,买盘
2547,14:44:52,58.92,-0.01,3,17676,卖盘
2548,14:44:55,58.92,0.0,79,465471,卖盘
2549,14:45:07,58.91,-0.01,9,53019,卖盘
2550,14:45:10,58.9,-0.01,23,135470,卖盘
2551,14:45:16,58.91,0.01,2,11782,买盘
2552,14:45:22,58.9,-0.01,19,111911,卖盘
2553,14:45:25,58.91,0.01,20,117810,买盘
2554,14:45:28,58.91,0.0,1,5891,买盘
2555,14:45:31,58.9,-0.01,5,29450,卖盘
2556,14:45:37,58.9,0.0,3,17670,卖盘
2557,14:45:46,58.91,0.01,13,76580,买盘
2558,14:45:49,58.9,-0.01,3,17670,卖盘
2559,14:45:52,58.91,0.01,1,5891,买盘
2560,14:45:55,58.9,-0.01,14,82460,卖盘
2561,14:46:04,58.9,0.0,5,29450,买盘
2562,14:46:10,58.9,0.0,3,17670,买盘
2563,14:46:16,58.88,-0.02,7,41216,卖盘
2564,14:46:19,58.89,0.01,1,5889,买盘
2565,14:46:22,58.88,-0.01,3,17664,卖盘
2566,14:46:25,58.88,0.0,2,11776,卖盘
2567,14:46:28,58.88,0.0,7,41216,卖盘
2568,14:46:31,58.89,0.01,2,11778,买盘
2569,14:46:34,58.88,-0.01,13,76551,卖盘
2570,14:46:37,58.91,0.03,46,270880,买盘
2571,14:46:40,58.9,-0.01,1,5890,卖盘
2572,14:46:43,58.9,0.0,20,117800,卖盘
2573,14:46:49,58.91,0.01,4,23561,买盘
2574,14:46:52,58.91,0.0,46,270984,买盘
2575,14:46:55,58.9,-0.01,30,176723,卖盘
2576,14:46:58,58.91,0.01,57,335780,买盘
2577,14:47:10,58.91,0.0,7,41240,卖盘
2578,14:47:13,58.93,0.02,3,17675,买盘
2579,14:47:16,58.93,0.0,8,47144,中性盘
2580,14:47:22,58.93,0.0,3,17679,卖盘
2581,14:47:25,58.93,0.0,14,82502,卖盘
2582,14:47:28,58.95,0.02,34,200422,买盘
2583,14:47:34,58.95,0.0,1,5895,买盘
2584,14:47:37,58.96,0.01,29,170939,买盘
2585,14:47:49,58.96,0.0,3,17688,卖盘
2586,14:47:52,58.98,0.02,5,29490,买盘
2587,14:48:01,58.98,0.0,10,58980,买盘
2588,14:48:04,58.98,0.0,2,11796,买盘
2589,14:48:10,58.99,0.01,14,82586,买盘
2590,14:48:22,58.99,0.0,10,58990,买盘
2591,14:48:31,58.99,0.0,6,35394,买盘
2592,14:48:34,58.99,0.0,9,53091,买盘
2593,14:48:37,58.98,-0.01,3,17696,卖盘
2594,14:48:46,58.99,0.01,3,17697,买盘
2595,14:48:49,58.99,0.0,2,11798,买盘
2596,14:49:01,58.99,0.0,8,47192,卖盘
2597,14:49:04,58.99,0.0,59,348099,卖盘
2598,14:49:22,59.0,0.01,2,11800,卖盘
2599,14:49:25,59.01,0.01,2,11802,买盘
2600,14:49:28,59.0,-0.01,2,11801,卖盘
2601,14:49:31,59.02,0.02,26,153440,买盘
2602,14:49:43,59.03,0.01,3,17709,买盘
2603,14:49:49,59.05,0.02,45,265683,买盘
2604,14:50:04,59.06,0.01,11,64956,买盘
2605,14:50:16,59.1,0.04,6,35441,买盘
2606,14:50:19,59.1,0.0,2,11820,买盘
2607,14:50:28,59.1,0.0,19,112287,买盘
2608,14:50:34,59.05,-0.05,36,212609,卖盘
2609,14:50:37,59.07,0.02,9,53163,中性盘
2610,14:50:43,59.06,-0.01,13,76776,买盘
2611,14:50:49,59.06,0.0,3,17718,买盘
2612,14:50:52,59.06,0.0,3,17718,卖盘
2613,14:50:55,59.06,0.0,11,64966,卖盘
2614,14:50:58,59.06,0.0,4,23624,买盘
2615,14:51:04,59.1,0.04,33,194979,买盘
2616,14:51:07,59.06,-0.04,29,171325,卖盘
2617,14:51:10,59.06,0.0,2,11812,卖盘
2618,14:51:13,59.06,0.0,20,118120,卖盘
2619,14:51:19,59.06,0.0,1,5906,卖盘
2620,14:51:31,59.07,0.01,6,35447,卖盘
2621,14:51:34,59.07,0.0,8,47258,卖盘
2622,14:51:37,59.07,0.0,1,5907,买盘
2623,14:51:40,59.08,0.01,76,448967,买盘
2624,14:51:43,59.08,0.0,1,5908,卖盘
2625,14:51:52,59.08,0.0,7,41356,卖盘
2626,14:51:55,59.09,0.01,13,76817,买盘
2627,14:52:01,59.08,-0.01,31,183148,卖盘
2628,14:52:04,59.08,0.0,4,23632,卖盘
2629,14:52:07,59.08,0.0,9,53167,买盘
2630,14:52:13,59.07,-0.01,46,271722,卖盘
2631,14:52:16,59.08,0.01,11,64984,买盘
2632,14:52:19,59.06,-0.02,25,147650,卖盘
2633,14:52:22,59.05,-0.01,26,153530,卖盘
2634,14:52:25,59.05,0.0,13,76765,买盘
2635,14:52:28,59.08,0.03,191,1128164,买盘
2636,14:52:34,59.02,-0.06,25,147563,卖盘
2637,14:52:37,59.05,0.03,2,11810,买盘
2638,14:52:40,59.05,0.0,6,35430,买盘
2639,14:52:43,59.02,-0.03,14,82638,卖盘
2640,14:52:46,59.08,0.06,21,124040,买盘
2641,14:53:01,59.05,-0.03,4,23621,卖盘
2642,14:53:04,59.04,-0.01,17,100368,卖盘
2643,14:53:07,59.06,0.02,23,135822,买盘
2644,14:53:10,59.05,-0.01,25,147625,买盘
2645,14:53:13,59.0,-0.05,30,177016,卖盘
2646,14:53:16,59.02,0.02,5,29514,中性盘
2647,14:53:19,59.0,-0.02,65,383676,卖盘
2648,14:53:22,59.0,0.0,11,64900,买盘
2649,14:53:25,58.99,-0.01,76,448325,卖盘
2650,14:53:28,59.02,0.03,5,29502,买盘
2651,14:53:31,59.03,0.01,1,5903,卖盘
2652,14:53:40,59.03,0.0,9,53127,卖盘
2653,14:53:43,59.03,0.0,10,59030,卖盘
2654,14:53:49,59.05,0.02,39,230148,买盘
2655,14:53:55,59.05,0.0,15,88514,买盘
2656,14:53:58,59.05,0.0,5,29505,买盘
2657,14:54:04,59.03,-0.02,5,29515,买盘
2658,14:54:07,58.98,-0.05,6,35395,卖盘
2659,14:54:10,58.98,0.0,11,64878,买盘
2660,14:54:13,59.02,0.04,16,94392,买盘
2661,14:54:16,58.99,-0.03,2,11799,卖盘
2662,14:54:25,58.99,0.0,41,241896,卖盘
2663,14:54:34,58.97,-0.02,38,224098,卖盘
2664,14:54:37,58.97,0.0,1,5897,买盘
2665,14:54:40,58.97,0.0,14,82545,买盘
2666,14:54:49,58.97,0.0,14,82554,买盘
2667,14:54:52,58.97,0.0,59,347879,买盘
2668,14:54:55,58.96,-0.01,25,147400,卖盘
2669,14:54:58,58.96,0.0,42,247632,买盘
2670,14:55:04,58.95,-0.01,8,47160,卖盘
2671,14:55:07,58.95,0.0,1,5895,卖盘
2672,14:55:10,58.95,0.0,55,324173,买盘
2673,14:55:13,58.96,0.01,22,129710,买盘
2674,14:55:19,58.95,-0.01,22,129701,卖盘
2675,14:55:22,58.97,0.02,23,135595,买盘
2676,14:55:25,58.98,0.01,6,35388,卖盘
2677,14:55:28,58.98,0.0,2,11796,卖盘
2678,14:55:37,58.98,0.0,8,47184,卖盘
2679,14:55:40,58.98,0.0,124,731362,卖盘
2680,14:55:43,58.98,0.0,4,23592,买盘
2681,14:55:46,58.98,0.0,6,35388,买盘
2682,14:55:49,59.0,0.02,3,17700,中性盘
2683,14:55:52,58.99,-0.01,5,29498,卖盘
2684,14:55:55,59.0,0.01,3,17700,买盘
2685,14:55:58,58.99,-0.01,13,76694,卖盘
2686,14:56:01,59.0,0.01,34,200589,买盘
2687,14:56:13,59.0,0.0,10,59000,卖盘
2688,14:56:16,59.0,0.0,6,35400,卖盘
2689,14:56:19,59.02,0.02,8,47216,买盘
2690,14:56:25,59.02,0.0,8,47210,买盘
2691,14:56:28,59.02,0.0,10,59020,买盘
2692,14:56:31,59.02,0.0,7,41314,卖盘
2693,14:56:37,59.03,0.01,21,123951,买盘
2694,14:56:43,59.02,-0.01,28,165256,卖盘
2695,14:56:46,59.03,0.01,12,70833,买盘
2696,14:56:49,59.02,-0.01,20,118040,卖盘
2697,14:56:52,59.03,0.01,7,41316,买盘
2698,14:56:55,59.01,-0.02,37,218383,卖盘
2699,14:57:01,59.02,0.01,2,11804,买盘
2700,14:57:04,59.02,0.0,4,23608,买盘
2701,15:00:05,58.99,-0.03,546,3220854,卖盘
