,time,price,change,volume,amount,type
0,09:25:05,20.98,0.76,3825,8024850,卖盘
1,09:30:04,20.96,-0.02,599,1251453,卖盘
2,09:30:07,20.99,0.03,3880,8132962,买盘
3,09:30:10,21.2,0.21,711,1500853,中性盘
4,09:30:13,21.4,0.2,272,573380,买盘
5,09:30:16,21.0,-0.4,32,67744,卖盘
6,09:30:19,21.05,0.05,182,385681,卖盘
7,09:30:22,21.48,0.43,185,394761,买盘
8,09:30:25,21.4,-0.08,137,293537,卖盘
9,09:30:28,21.42,0.02,217,464663,买盘
10,09:30:31,21.4,-0.02,316,676985,卖盘
11,09:30:34,21.42,0.02,301,644866,中性盘
12,09:30:37,21.38,-0.04,435,932679,中性盘
13,09:30:40,21.4,0.02,645,1378488,买盘
14,09:30:43,21.18,-0.22,270,574298,卖盘
15,09:30:46,21.4,0.22,860,1836514,买盘
16,09:30:49,21.41,0.01,664,1419242,买盘
17,09:30:52,21.4,-0.01,250,535411,卖盘
18,09:30:55,21.48,0.08,107,229400,买盘
19,09:30:58,21.4,-0.08,712,1527910,卖盘
20,09:31:01,21.5,0.1,961,2060155,买盘
21,09:31:04,21.5,0.0,549,1178379,买盘
22,09:31:07,21.56,0.06,961,2065355,买盘
23,09:31:10,21.5,-0.06,702,1509946,卖盘
24,09:31:13,21.56,0.06,238,511954,中性盘
25,09:31:16,21.66,0.1,267,577261,买盘
26,09:31:19,21.51,-0.15,175,378091,卖盘
27,09:31:22,21.75,0.24,279,604066,买盘
28,09:31:25,21.68,-0.07,361,780827,卖盘
29,09:31:28,21.67,-0.01,128,277063,卖盘
30,09:31:31,21.58,-0.09,386,834909,卖盘
31,09:31:34,21.58,0.0,273,589084,买盘
32,09:31:37,21.8,0.22,220,478596,买盘
33,09:31:40,21.65,-0.15,131,284026,卖盘
34,09:31:43,21.61,-0.04,180,389027,中性盘
35,09:31:46,21.72,0.11,238,516859,买盘
36,09:31:49,21.7,-0.02,442,961803,中性盘
37,09:31:52,21.58,-0.12,213,461470,卖盘
38,09:31:55,21.65,0.07,64,138545,中性盘
39,09:31:58,21.7,0.05,83,179866,买盘
40,09:32:01,21.69,-0.01,132,286938,卖盘
41,09:32:04,21.72,0.03,136,295170,买盘
42,09:32:07,21.7,-0.02,186,403434,卖盘
43,09:32:10,21.7,0.0,330,715970,买盘
44,09:32:13,21.7,0.0,156,338791,卖盘
45,09:32:16,21.72,0.02,234,507916,买盘
46,09:32:19,21.75,0.03,245,532021,买盘
47,09:32:22,21.7,-0.05,109,236522,买盘
48,09:32:25,21.7,0.0,186,403329,买盘
49,09:32:28,21.69,-0.01,313,679180,买盘
50,09:32:31,21.67,-0.02,87,188559,中性盘
51,09:32:34,21.61,-0.06,236,510375,卖盘
52,09:32:37,21.6,-0.01,119,257016,卖盘
53,09:32:40,21.64,0.04,158,341359,买盘
54,09:32:43,21.58,-0.06,36,77768,卖盘
55,09:32:46,21.58,0.0,405,873297,卖盘
56,09:32:49,21.58,0.0,105,226489,买盘
57,09:32:52,21.55,-0.03,294,634011,中性盘
58,09:32:55,21.53,-0.02,105,226425,卖盘
59,09:32:58,21.51,-0.02,278,598025,卖盘
60,09:33:01,21.5,-0.01,341,733667,卖盘
61,09:33:04,21.5,0.0,164,352801,卖盘
62,09:33:07,21.5,0.0,178,382639,买盘
63,09:33:10,21.48,-0.02,45,96715,卖盘
64,09:33:13,21.43,-0.05,130,279140,卖盘
65,09:33:16,21.48,0.05,107,229488,买盘
66,09:33:19,21.42,-0.06,161,345111,中性盘
67,09:33:22,21.42,0.0,65,139339,买盘
68,09:33:25,21.4,-0.02,408,874138,买盘
69,09:33:28,21.41,0.01,243,519332,买盘
70,09:33:31,21.36,-0.05,89,190210,中性盘
71,09:33:34,21.4,0.04,185,394322,买盘
72,09:33:37,21.3,-0.1,178,379553,卖盘
73,09:33:40,21.47,0.17,224,477887,买盘
74,09:33:43,21.41,-0.06,99,211281,中性盘
75,09:33:46,21.3,-0.11,198,423029,卖盘
76,09:33:49,21.4,0.1,119,253789,买盘
77,09:33:52,21.41,0.01,79,169052,买盘
78,09:33:55,21.4,-0.01,89,189372,卖盘
79,09:33:58,21.4,0.0,86,184013,卖盘
80,09:34:01,21.44,0.04,69,147690,买盘
81,09:34:04,21.41,-0.03,174,372735,卖盘
82,09:34:07,21.41,0.0,137,293538,买盘
83,09:34:10,21.42,0.01,69,148050,中性盘
84,09:34:13,21.48,0.06,89,190933,买盘
85,09:34:16,21.44,-0.04,32,68609,中性盘
86,09:34:19,21.48,0.04,188,404340,买盘
87,09:34:22,21.44,-0.04,37,79362,中性盘
88,09:34:25,21.47,0.03,41,87906,买盘
89,09:34:28,21.44,-0.03,125,268097,卖盘
90,09:34:31,21.47,0.03,49,105193,中性盘
91,09:34:34,21.44,-0.03,68,145895,卖盘
92,09:34:37,21.47,0.03,346,742169,买盘
93,09:34:40,21.48,0.01,116,248856,买盘
94,09:34:43,21.48,0.0,127,272764,买盘
95,09:34:46,21.45,-0.03,72,154582,卖盘
96,09:34:49,21.44,-0.01,311,667531,卖盘
97,09:34:52,21.47,0.03,264,566565,卖盘
98,09:34:55,21.5,0.03,319,685267,买盘
99,09:34:58,21.48,-0.02,97,208474,卖盘
100,09:35:01,21.45,-0.03,224,480371,卖盘
101,09:35:04,21.45,0.0,69,147999,买盘
102,09:35:07,21.5,0.05,545,1168843,买盘
103,09:35:10,21.42,-0.08,110,235652,卖盘
104,09:35:13,21.4,-0.02,337,721595,卖盘
105,09:35:16,21.4,0.0,172,368027,买盘
106,09:35:19,21.4,0.0,71,151938,买盘
107,09:35:22,21.3,-0.1,215,458566,卖盘
108,09:35:25,21.31,0.01,81,172711,买盘
109,09:35:28,21.3,-0.01,162,345392,中性盘
110,09:35:31,21.27,-0.03,20,42545,中性盘
111,09:35:34,21.22,-0.05,230,489333,卖盘
112,09:35:37,21.22,0.0,63,133710,卖盘
113,09:35:40,21.22,0.0,83,176079,买盘
114,09:35:43,21.22,0.0,217,459795,买盘
115,09:35:46,21.19,-0.03,116,245385,中性盘
116,09:35:49,21.18,-0.01,54,114119,中性盘
117,09:35:52,21.05,-0.13,101,213154,卖盘
118,09:35:55,21.13,0.08,37,78201,买盘
119,09:35:58,21.06,-0.07,31,65279,中性盘
120,09:36:01,21.13,0.07,62,130648,买盘
121,09:36:04,21.11,-0.02,419,883712,中性盘
122,09:36:07,21.05,-0.06,75,158024,卖盘
123,09:36:10,21.08,0.03,59,124237,买盘
124,09:36:13,21.1,0.02,145,305485,买盘
125,09:36:16,21.1,0.0,109,229465,买盘
126,09:36:19,21.1,0.0,49,103323,买盘
127,09:36:22,21.13,0.03,224,472666,买盘
128,09:36:25,21.1,-0.03,34,71742,卖盘
129,09:36:28,21.1,0.0,203,428235,卖盘
130,09:36:31,21.1,0.0,47,99285,卖盘
131,09:36:34,21.16,0.06,8,16901,买盘
132,09:36:37,21.13,-0.03,72,152311,卖盘
133,09:36:40,21.13,0.0,88,185989,卖盘
134,09:36:43,21.19,0.06,92,194527,买盘
135,09:36:46,21.2,0.01,52,110182,买盘
136,09:36:49,21.11,-0.09,329,695518,卖盘
137,09:36:52,21.13,0.02,180,380336,买盘
138,09:36:55,21.13,0.0,177,373999,买盘
139,09:36:58,21.13,0.0,291,614858,买盘
140,09:37:01,21.13,0.0,82,174006,买盘
141,09:37:04,21.19,0.06,20,42367,买盘
142,09:37:07,21.14,-0.05,77,162879,卖盘
143,09:37:10,21.2,0.06,33,69857,买盘
144,09:37:13,21.19,-0.01,38,80491,中性盘
145,09:37:16,21.2,0.01,165,349715,买盘
146,09:37:19,21.15,-0.05,86,182132,卖盘
147,09:37:22,21.14,-0.01,131,277304,卖盘
148,09:37:25,21.22,0.08,13,27585,买盘
149,09:37:28,21.22,0.0,32,67904,卖盘
150,09:37:31,21.22,0.0,40,84880,卖盘
151,09:37:34,21.22,0.0,53,112488,卖盘
152,09:37:37,21.22,0.0,58,123025,买盘
153,09:37:40,21.25,0.03,4,8500,卖盘
154,09:37:43,21.22,-0.03,139,294070,卖盘
155,09:37:46,21.22,0.0,696,1494654,卖盘
156,09:37:49,21.25,0.03,150,318093,买盘
157,09:37:52,21.25,0.0,39,82860,买盘
158,09:37:55,21.25,0.0,50,106246,买盘
159,09:37:58,21.27,0.02,116,245458,买盘
160,09:38:01,21.25,-0.02,122,259130,卖盘
161,09:38:04,21.24,-0.01,37,78596,买盘
162,09:38:07,21.25,0.01,35,74328,买盘
163,09:38:10,21.27,0.02,23,48909,买盘
164,09:38:13,21.25,-0.02,113,240204,卖盘
165,09:38:16,21.25,0.0,42,89234,卖盘
166,09:38:19,21.25,0.0,42,89236,买盘
167,09:38:22,21.25,0.0,69,146564,买盘
168,09:38:25,21.25,0.0,45,95615,买盘
169,09:38:28,21.25,0.0,41,87106,买盘
170,09:38:31,21.25,0.0,71,150829,买盘
171,09:38:34,21.24,-0.01,61,129611,卖盘
172,09:38:37,21.23,-0.01,86,182639,买盘
173,09:38:40,21.23,0.0,14,29726,卖盘
174,09:38:43,21.24,0.01,56,118899,买盘
175,09:38:46,21.22,-0.02,57,120973,卖盘
176,09:38:49,21.22,0.0,14,29719,卖盘
177,09:38:52,21.25,0.03,196,417124,买盘
178,09:38:55,21.22,-0.03,20,42443,卖盘
179,09:38:58,21.22,0.0,5,10610,买盘
180,09:39:01,21.22,0.0,58,123076,买盘
181,09:39:04,21.21,-0.01,37,78505,卖盘
182,09:39:07,21.21,0.0,160,339261,卖盘
183,09:39:10,21.21,0.0,41,87011,卖盘
184,09:39:13,21.22,0.01,11,23332,买盘
185,09:39:16,21.2,-0.02,6,12720,卖盘
186,09:39:19,21.2,0.0,12,25434,中性盘
187,09:39:22,21.23,0.03,108,229184,买盘
188,09:39:25,21.2,-0.03,46,97558,卖盘
189,09:39:28,21.22,0.02,110,233303,买盘
190,09:39:31,21.24,0.02,24,50960,买盘
191,09:39:34,21.22,-0.02,4,8490,卖盘
192,09:39:37,21.22,0.0,21,44587,卖盘
193,09:39:40,21.22,0.0,35,74275,卖盘
194,09:39:43,21.21,-0.01,146,309800,卖盘
195,09:39:46,21.22,0.01,71,150728,卖盘
196,09:39:49,21.23,0.01,64,135870,买盘
197,09:39:52,21.22,-0.01,31,65786,卖盘
198,09:39:55,21.2,-0.02,37,78494,卖盘
199,09:39:58,21.23,0.03,59,125252,买盘
200,09:40:01,21.22,-0.01,15,31820,买盘
201,09:40:04,21.19,-0.03,63,133574,卖盘
202,09:40:07,21.22,0.03,119,252307,买盘
203,09:40:10,21.18,-0.04,42,89050,卖盘
204,09:40:13,21.2,0.02,51,108166,中性盘
205,09:40:16,21.18,-0.02,71,150550,卖盘
206,09:40:19,21.2,0.02,47,99704,中性盘
207,09:40:22,21.19,-0.01,24,50887,卖盘
208,09:40:25,21.18,-0.01,22,46610,卖盘
209,09:40:28,21.18,0.0,3,6354,买盘
210,09:40:31,21.2,0.02,122,258522,买盘
211,09:40:34,21.2,0.0,8,16960,买盘
212,09:40:37,21.17,-0.03,9,19058,卖盘
213,09:40:40,21.19,0.02,15,31768,买盘
214,09:40:43,21.2,0.01,47,99579,买盘
215,09:40:46,21.18,-0.02,56,118627,卖盘
216,09:40:49,21.17,-0.01,47,99536,卖盘
217,09:40:52,21.17,0.0,18,38106,买盘
218,09:40:55,21.2,0.03,59,124944,买盘
219,09:40:58,21.2,0.0,57,120742,买盘
220,09:41:01,21.16,-0.04,44,93124,卖盘
221,09:41:04,21.17,0.01,28,59325,中性盘
222,09:41:07,21.17,0.0,26,55042,买盘
223,09:41:10,21.17,0.0,32,67719,买盘
224,09:41:13,21.17,0.0,45,95219,买盘
225,09:41:19,21.17,0.0,17,35989,卖盘
226,09:41:22,21.18,0.01,29,61422,买盘
227,09:41:25,21.18,0.0,16,33903,卖盘
228,09:41:28,21.18,0.0,27,57174,卖盘
229,09:41:31,21.17,-0.01,18,38109,卖盘
230,09:41:34,21.18,0.01,33,69869,买盘
231,09:41:37,21.18,0.0,29,61421,买盘
232,09:41:40,21.18,0.0,33,69894,卖盘
233,09:41:43,21.17,-0.01,36,76228,卖盘
234,09:41:46,21.17,0.0,9,19056,卖盘
235,09:41:49,21.18,0.01,2,4236,中性盘
236,09:41:52,21.17,-0.01,38,80487,卖盘
237,09:41:55,21.18,0.01,9,19062,买盘
238,09:41:58,21.18,0.0,14,29648,买盘
239,09:42:01,21.18,0.0,28,59304,卖盘
240,09:42:04,21.18,0.0,1,2118,买盘
241,09:42:07,21.18,0.0,13,27534,买盘
242,09:42:10,21.18,0.0,116,245688,买盘
243,09:42:13,21.18,0.0,93,196906,买盘
244,09:42:16,21.17,-0.01,41,86805,卖盘
245,09:42:19,21.17,0.0,35,74097,卖盘
246,09:42:22,21.18,0.01,82,173658,买盘
247,09:42:25,21.18,0.0,18,38120,买盘
248,09:42:28,21.17,-0.01,5,10585,卖盘
249,09:42:31,21.18,0.01,55,116470,买盘
250,09:42:34,21.18,0.0,12,24354,买盘
251,09:42:37,21.18,0.0,13,27534,卖盘
252,09:42:40,21.18,0.0,14,29652,卖盘
253,09:42:43,21.19,0.01,18,38139,买盘
254,09:42:46,21.18,-0.01,41,87905,卖盘
255,09:42:49,21.18,0.0,36,76248,买盘
256,09:42:52,21.19,0.01,27,57187,买盘
257,09:42:55,21.19,0.0,13,27541,买盘
258,09:42:58,21.18,-0.01,5,10590,卖盘
259,09:43:01,21.19,0.01,26,55094,买盘
260,09:43:04,21.2,0.01,57,120784,买盘
261,09:43:07,21.18,-0.02,28,59329,卖盘
262,09:43:10,21.2,0.02,18,38157,买盘
263,09:43:16,21.2,0.0,33,69960,买盘
264,09:43:19,21.22,0.02,495,1049573,买盘
265,09:43:22,21.22,0.0,1,2122,卖盘
266,09:43:25,21.23,0.01,8,16983,买盘
267,09:43:28,21.2,-0.03,21,44536,卖盘
268,09:43:31,21.23,0.03,58,123128,买盘
269,09:43:34,21.23,0.0,93,197290,买盘
270,09:43:37,21.24,0.01,4,8494,买盘
271,09:43:40,21.23,-0.01,20,42471,卖盘
272,09:43:43,21.24,0.01,11,23361,买盘
273,09:43:46,21.23,-0.01,62,131664,卖盘
274,09:43:49,21.25,0.02,68,144429,买盘
275,09:43:52,21.25,0.0,10,21232,买盘
276,09:43:55,21.25,0.0,17,36121,买盘
277,09:43:58,21.25,0.0,59,125373,买盘
278,09:44:01,21.27,0.02,75,158332,买盘
279,09:44:07,21.28,0.01,10,21276,买盘
280,09:44:10,21.3,0.02,52,110757,买盘
281,09:44:13,21.3,0.0,6,12780,卖盘
282,09:44:16,21.33,0.03,21,44790,买盘
283,09:44:19,21.35,0.02,25,53375,买盘
284,09:44:22,21.38,0.03,32,68319,买盘
285,09:44:25,21.38,0.0,19,40543,买盘
286,09:44:28,21.44,0.06,30,64186,买盘
287,09:44:31,21.49,0.05,30,64453,买盘
288,09:44:34,21.49,0.0,4,8586,买盘
289,09:44:37,21.5,0.01,38,81690,买盘
290,09:44:40,21.49,-0.01,67,144045,中性盘
291,09:44:43,21.53,0.04,29,62405,买盘
292,09:44:46,21.5,-0.03,80,172302,卖盘
293,09:44:49,21.56,0.06,6,12936,买盘
294,09:44:52,21.58,0.02,36,77646,买盘
295,09:44:55,21.64,0.06,304,656631,买盘
296,09:44:58,21.66,0.02,53,114703,买盘
297,09:45:01,21.66,0.0,5,10830,卖盘
298,09:45:04,21.69,0.03,82,177775,买盘
299,09:45:07,21.68,-0.01,94,203927,卖盘
300,09:45:10,21.68,0.0,62,134385,买盘
301,09:45:13,21.7,0.02,100,216854,买盘
302,09:45:16,21.7,0.0,24,52061,买盘
303,09:45:19,21.7,0.0,25,54244,买盘
304,09:45:22,21.7,0.0,62,134538,买盘
305,09:45:25,21.75,0.05,186,404788,买盘
306,09:45:28,21.7,-0.05,34,73798,卖盘
307,09:45:31,21.7,0.0,165,358348,卖盘
308,09:45:34,21.7,0.0,50,108500,买盘
309,09:45:37,21.69,-0.01,33,71576,卖盘
310,09:45:40,21.7,0.01,141,305953,买盘
311,09:45:43,21.65,-0.05,145,314126,卖盘
312,09:45:46,21.53,-0.12,141,304590,卖盘
313,09:45:49,21.65,0.12,109,235194,买盘
314,09:45:52,21.65,0.0,61,132067,买盘
315,09:45:55,21.5,-0.15,6,12914,卖盘
316,09:45:58,21.62,0.12,175,377105,买盘
317,09:46:01,21.64,0.02,37,79687,中性盘
318,09:46:04,21.64,0.0,45,97277,买盘
319,09:46:07,21.6,-0.04,15,32400,卖盘
320,09:46:10,21.6,0.0,26,56101,买盘
321,09:46:13,21.51,-0.09,43,92681,卖盘
322,09:46:16,21.51,0.0,14,30210,卖盘
323,09:46:19,21.6,0.09,11,23724,中性盘
324,09:46:22,21.6,0.0,27,58340,买盘
325,09:46:25,21.51,-0.09,162,348522,卖盘
326,09:46:28,21.53,0.02,92,198043,买盘
327,09:46:31,21.52,-0.01,22,47358,中性盘
328,09:46:34,21.52,0.0,10,21518,买盘
329,09:46:37,21.51,-0.01,67,144107,卖盘
330,09:46:40,21.53,0.02,94,202268,买盘
331,09:46:43,21.51,-0.02,9,19359,卖盘
332,09:46:46,21.51,0.0,66,141912,买盘
333,09:46:49,21.5,-0.01,1,2150,中性盘
334,09:46:52,21.5,0.0,33,70950,买盘
335,09:46:55,21.49,-0.01,95,204222,卖盘
336,09:46:58,21.5,0.01,38,81680,买盘
337,09:47:01,21.49,-0.01,2,4298,买盘
338,09:47:04,21.48,-0.01,13,27929,卖盘
339,09:47:07,21.47,-0.01,7,15034,卖盘
340,09:47:10,21.48,0.01,43,92340,买盘
341,09:47:13,21.48,0.0,23,49404,买盘
342,09:47:16,21.48,0.0,24,51549,买盘
343,09:47:19,21.47,-0.01,2,4292,买盘
344,09:47:22,21.4,-0.07,20,42829,卖盘
345,09:47:25,21.45,0.05,3,6435,买盘
346,09:47:28,21.45,0.0,78,167340,买盘
347,09:47:31,21.4,-0.05,19,40660,卖盘
348,09:47:34,21.45,0.05,20,42859,买盘
349,09:47:37,21.4,-0.05,12,25671,中性盘
350,09:47:40,21.4,0.0,20,42844,卖盘
351,09:47:43,21.45,0.05,54,115651,买盘
352,09:47:46,21.45,0.0,2,4290,买盘
353,09:47:49,21.4,-0.05,1,2140,卖盘
354,09:47:52,21.41,0.01,7,14982,买盘
355,09:47:55,21.41,0.0,53,113477,卖盘
356,09:47:58,21.45,0.04,38,81364,买盘
357,09:48:01,21.44,-0.01,3,6432,卖盘
358,09:48:04,21.4,-0.04,56,119789,卖盘
359,09:48:07,21.4,0.0,12,25702,买盘
360,09:48:10,21.4,0.0,7,14980,买盘
361,09:48:13,21.44,0.04,8,17152,买盘
362,09:48:16,21.44,0.0,10,21434,买盘
363,09:48:19,21.44,0.0,33,70648,买盘
364,09:48:22,21.4,-0.04,1,2140,卖盘
365,09:48:25,21.4,0.0,36,77068,卖盘
366,09:48:28,21.41,0.01,29,62143,中性盘
367,09:48:31,21.44,0.03,19,40736,买盘
368,09:48:34,21.41,-0.03,19,40685,卖盘
369,09:48:37,21.41,0.0,13,27833,买盘
370,09:48:40,21.4,-0.01,51,109140,卖盘
371,09:48:43,21.41,0.01,39,83486,买盘
372,09:48:46,21.39,-0.02,51,109091,卖盘
373,09:48:49,21.4,0.01,12,25669,买盘
374,09:48:52,21.41,0.01,17,36397,买盘
375,09:48:55,21.41,0.0,18,38528,买盘
376,09:48:58,21.41,0.0,6,12841,买盘
377,09:49:01,21.4,-0.01,31,66355,卖盘
378,09:49:04,21.41,0.01,15,32115,买盘
379,09:49:07,21.41,0.0,59,126281,买盘
380,09:49:10,21.4,-0.01,31,66340,卖盘
381,09:49:13,21.4,0.0,5,10700,买盘
382,09:49:16,21.4,0.0,26,55616,买盘
383,09:49:19,21.4,0.0,28,59919,买盘
384,09:49:22,21.4,0.0,6,12840,买盘
385,09:49:25,21.4,0.0,21,44940,买盘
386,09:49:28,21.4,0.0,37,79180,买盘
387,09:49:31,21.4,0.0,19,40649,买盘
388,09:49:34,21.38,-0.02,47,100550,卖盘
389,09:49:37,21.4,0.02,12,25680,买盘
390,09:49:40,21.4,0.0,55,117700,卖盘
391,09:49:46,21.41,0.01,85,182152,卖盘
392,09:49:49,21.45,0.04,10,21441,买盘
393,09:49:52,21.41,-0.04,9,19286,卖盘
394,09:49:55,21.43,0.02,4,8572,买盘
395,09:49:58,21.43,0.0,2,4286,卖盘
396,09:50:01,21.43,0.0,11,23580,卖盘
397,09:50:04,21.43,0.0,3,6429,卖盘
398,09:50:07,21.44,0.01,14,30020,卖盘
399,09:50:10,21.44,0.0,14,30029,卖盘
400,09:50:13,21.45,0.01,13,27884,买盘
401,09:50:16,21.45,0.0,1,2145,买盘
402,09:50:19,21.45,0.0,27,57915,买盘
403,09:50:22,21.45,0.0,2,4290,卖盘
404,09:50:28,21.45,0.0,49,105165,卖盘
405,09:50:31,21.45,0.0,52,111543,卖盘
406,09:50:34,21.47,0.02,1,2147,买盘
407,09:50:37,21.47,0.0,61,130873,买盘
408,09:50:40,21.47,0.0,13,27891,买盘
409,09:50:43,21.46,-0.01,10,21462,中性盘
410,09:50:46,21.46,0.0,56,120144,买盘
411,09:50:49,21.46,0.0,30,64380,买盘
412,09:50:52,21.45,-0.01,25,53643,卖盘
413,09:50:55,21.45,0.0,45,96543,卖盘
414,09:50:58,21.45,0.0,31,66491,买盘
415,09:51:01,21.45,0.0,11,23595,买盘
416,09:51:04,21.44,-0.01,23,49320,卖盘
417,09:51:07,21.45,0.01,51,109361,买盘
418,09:51:10,21.45,0.0,20,42900,买盘
419,09:51:13,21.45,0.0,63,135135,买盘
420,09:51:16,21.45,0.0,16,34320,卖盘
421,09:51:19,21.45,0.0,5,10725,卖盘
422,09:51:22,21.45,0.0,25,53625,卖盘
423,09:51:25,21.45,0.0,15,32168,买盘
424,09:51:28,21.45,0.0,23,49335,买盘
425,09:51:31,21.45,0.0,28,60060,买盘
426,09:51:34,21.45,0.0,19,40755,卖盘
427,09:51:37,21.46,0.01,7,15022,买盘
428,09:51:40,21.45,-0.01,9,19305,卖盘
429,09:51:43,21.45,0.0,131,280995,卖盘
430,09:51:46,21.44,-0.01,151,323915,卖盘
431,09:51:49,21.44,0.0,50,107200,买盘
432,09:51:52,21.43,-0.01,22,47154,卖盘
433,09:51:58,21.44,0.01,17,36434,买盘
434,09:52:01,21.42,-0.02,60,128589,卖盘
435,09:52:04,21.45,0.03,25,53597,买盘
436,09:52:07,21.44,-0.01,5,10720,卖盘
437,09:52:10,21.43,-0.01,89,190733,卖盘
438,09:52:13,21.43,0.0,34,72863,卖盘
439,09:52:16,21.45,0.02,17,36458,买盘
440,09:52:19,21.44,-0.01,6,12859,中性盘
441,09:52:22,21.45,0.01,87,186602,买盘
442,09:52:25,21.46,0.01,1,2146,买盘
443,09:52:28,21.42,-0.04,200,428863,卖盘
444,09:52:31,21.43,0.01,11,23573,买盘
445,09:52:34,21.43,0.0,21,45003,买盘
446,09:52:37,21.43,0.0,14,30002,买盘
447,09:52:40,21.43,0.0,2,4286,买盘
448,09:52:43,21.42,-0.01,25,53555,卖盘
449,09:52:46,21.43,0.01,18,38568,中性盘
450,09:52:49,21.42,-0.01,3,6428,卖盘
451,09:52:52,21.43,0.01,5,10715,买盘
452,09:52:55,21.43,0.0,88,188566,买盘
453,09:52:58,21.43,0.0,2,4286,卖盘
454,09:53:01,21.45,0.02,13,27872,买盘
455,09:53:04,21.43,-0.02,106,227158,卖盘
456,09:53:07,21.44,0.01,1,2144,中性盘
457,09:53:10,21.43,-0.01,73,156439,卖盘
458,09:53:13,21.43,0.0,22,47170,卖盘
459,09:53:16,21.44,0.01,2,4288,中性盘
460,09:53:19,21.43,-0.01,131,280973,卖盘
461,09:53:22,21.43,0.0,16,34288,买盘
462,09:53:25,21.43,0.0,14,30002,买盘
463,09:53:28,21.43,0.0,27,57847,买盘
464,09:53:31,21.43,0.0,30,64279,买盘
465,09:53:34,21.41,-0.02,9,19269,卖盘
466,09:53:37,21.43,0.02,33,70709,买盘
467,09:53:40,21.43,0.0,5,10715,买盘
468,09:53:46,21.43,0.0,50,107149,买盘
469,09:53:49,21.43,0.0,5,10708,买盘
470,09:53:52,21.43,0.0,20,42857,买盘
471,09:53:55,21.41,-0.02,98,209842,卖盘
472,09:53:58,21.42,0.01,10,21412,买盘
473,09:54:01,21.41,-0.01,9,19269,中性盘
474,09:54:04,21.38,-0.03,101,216094,卖盘
475,09:54:07,21.4,0.02,88,188230,卖盘
476,09:54:10,21.38,-0.02,3,6416,卖盘
477,09:54:16,21.38,0.0,29,62044,卖盘
478,09:54:19,21.38,0.0,28,59873,卖盘
479,09:54:22,21.38,0.0,29,62002,卖盘
480,09:54:25,21.35,-0.03,54,115336,卖盘
481,09:54:28,21.35,0.0,40,85400,买盘
482,09:54:31,21.34,-0.01,20,42685,卖盘
483,09:54:34,21.3,-0.04,234,499374,卖盘
484,09:54:37,21.28,-0.02,77,164008,卖盘
485,09:54:40,21.3,0.02,3,6390,买盘
486,09:54:43,21.28,-0.02,5,10640,卖盘
487,09:54:46,21.28,0.0,19,40432,卖盘
488,09:54:49,21.28,0.0,58,123466,卖盘
489,09:54:52,21.27,-0.01,9,19151,卖盘
490,09:54:55,21.3,0.03,68,144736,买盘
491,09:54:58,21.28,-0.02,5,10644,卖盘
492,09:55:01,21.27,-0.01,25,53170,卖盘
493,09:55:04,21.28,0.01,75,158454,买盘
494,09:55:07,21.28,0.0,42,89380,卖盘
495,09:55:10,21.28,0.0,79,168112,卖盘
496,09:55:13,21.26,-0.02,62,132986,卖盘
497,09:55:16,21.27,0.01,67,142462,买盘
498,09:55:19,21.27,0.0,6,12761,买盘
499,09:55:22,21.27,0.0,106,225418,买盘
500,09:55:25,21.27,0.0,10,20203,买盘
501,09:55:28,21.27,0.0,10,21270,卖盘
502,09:55:31,21.25,-0.02,71,150985,卖盘
503,09:55:34,21.27,0.02,1,2127,买盘
504,09:55:37,21.26,-0.01,20,42520,买盘
505,09:55:40,21.25,-0.01,25,53157,卖盘
506,09:55:43,21.27,0.02,2,4254,买盘
507,09:55:46,21.25,-0.02,38,80755,卖盘
508,09:55:49,21.25,0.0,3,6375,卖盘
509,09:55:52,21.25,0.0,33,70152,卖盘
510,09:55:55,21.27,0.02,48,102094,买盘
511,09:55:58,21.27,0.0,21,44667,卖盘
512,09:56:01,21.27,0.0,100,212700,卖盘
513,09:56:04,21.28,0.01,5,10636,买盘
514,09:56:06,21.28,0.0,29,61703,买盘
515,09:56:10,21.27,-0.01,42,89346,卖盘
516,09:56:13,21.26,-0.01,48,102105,卖盘
517,09:56:16,21.28,0.02,77,163811,买盘
518,09:56:19,21.28,0.0,1,2128,买盘
519,09:56:22,21.26,-0.02,18,38286,卖盘
520,09:56:25,21.28,0.02,2,4256,中性盘
521,09:56:28,21.28,0.0,22,46782,中性盘
522,09:56:31,21.27,-0.01,14,29798,卖盘
523,09:56:34,21.3,0.03,40,85200,买盘
524,09:56:37,21.3,0.0,30,63900,卖盘
525,09:56:49,21.34,0.04,1,2134,买盘
526,09:56:55,21.3,-0.04,4,8524,卖盘
527,09:57:01,21.34,0.04,2,4267,买盘
528,09:57:04,21.3,-0.04,50,106542,卖盘
529,09:57:07,21.34,0.04,1,2134,买盘
530,09:57:13,21.34,0.0,2,4268,买盘
531,09:57:16,21.34,0.0,12,25603,买盘
532,09:57:19,21.34,0.0,5,10670,买盘
533,09:57:22,21.34,0.0,1,2134,卖盘
534,09:57:25,21.33,-0.01,10,21334,卖盘
535,09:57:28,21.35,0.02,3,6405,买盘
536,09:57:33,21.34,-0.01,11,23484,卖盘
537,09:57:37,21.36,0.02,10,21355,买盘
538,09:57:40,21.36,0.0,1,2136,买盘
539,09:57:43,21.35,-0.01,2,4270,卖盘
540,09:57:46,21.36,0.01,2,4272,买盘
541,09:57:49,21.36,0.0,11,23487,买盘
542,09:57:52,21.37,0.01,8,17085,买盘
543,09:57:55,21.36,-0.01,1,2136,卖盘
544,09:58:01,21.37,0.01,145,309621,买盘
545,09:58:07,21.37,0.0,13,27781,买盘
546,09:58:10,21.36,-0.01,26,55550,卖盘
547,09:58:13,21.36,0.0,21,44856,买盘
548,09:58:16,21.36,0.0,2,4272,买盘
549,09:58:22,21.35,-0.01,12,25631,卖盘
550,09:58:25,21.35,0.0,43,91806,卖盘
551,09:58:28,21.34,-0.01,5,10670,卖盘
552,09:58:31,21.34,0.0,13,27742,卖盘
553,09:58:33,21.35,0.01,4,8540,买盘
554,09:58:37,21.33,-0.02,6,12803,卖盘
555,09:58:40,21.33,0.0,1,2133,卖盘
556,09:58:43,21.34,0.01,113,240928,买盘
557,09:58:46,21.33,-0.01,4,8535,卖盘
558,09:58:49,21.34,0.01,17,36277,买盘
559,09:58:52,21.35,0.01,12,25615,买盘
560,09:58:55,21.3,-0.05,22,46887,卖盘
561,09:58:58,21.3,0.0,1,2130,卖盘
562,09:59:05,21.3,0.0,4,8532,卖盘
563,09:59:07,21.3,0.0,4,8520,卖盘
564,09:59:10,21.3,0.0,25,53250,卖盘
565,09:59:13,21.32,0.02,44,93724,买盘
566,09:59:16,21.32,0.0,4,8528,买盘
567,09:59:19,21.3,-0.02,30,63906,卖盘
568,09:59:22,21.3,0.0,5,10650,卖盘
569,09:59:25,21.34,0.04,5,10663,买盘
570,09:59:28,21.3,-0.04,40,85208,卖盘
571,09:59:31,21.3,0.0,1,2130,卖盘
572,09:59:37,21.3,0.0,31,66030,卖盘
573,09:59:40,21.3,0.0,39,83080,买盘
574,09:59:43,21.3,0.0,10,21300,买盘
575,09:59:46,21.28,-0.02,12,25536,卖盘
576,09:59:49,21.3,0.02,11,23430,买盘
577,09:59:52,21.28,-0.02,35,74483,卖盘
578,09:59:55,21.28,0.0,20,42560,卖盘
579,09:59:58,21.28,0.0,11,23410,卖盘
580,10:00:01,21.27,-0.01,13,27661,卖盘
581,10:00:04,21.29,0.02,5,10645,买盘
582,10:00:07,21.28,-0.01,1,2128,买盘
583,10:00:10,21.28,0.0,2,4256,卖盘
584,10:00:16,21.27,-0.01,23,48921,卖盘
585,10:00:19,21.27,0.0,6,12762,买盘
586,10:00:22,21.28,0.01,17,36171,买盘
587,10:00:25,21.28,0.0,2,4256,卖盘
588,10:00:28,21.27,-0.01,8,17017,卖盘
589,10:00:37,21.27,0.0,4,8508,卖盘
590,10:00:40,21.27,0.0,6,12762,卖盘
591,10:00:46,21.28,0.01,78,165854,买盘
592,10:00:49,21.29,0.01,62,131944,买盘
593,10:00:52,21.29,0.0,13,27677,卖盘
594,10:00:55,21.29,0.0,57,121353,卖盘
595,10:01:04,21.3,0.01,37,78800,买盘
596,10:01:07,21.29,-0.01,11,23429,卖盘
597,10:01:10,21.29,0.0,14,29809,卖盘
598,10:01:13,21.29,0.0,75,159727,卖盘
599,10:01:16,21.3,0.01,16,34077,买盘
600,10:01:22,21.29,-0.01,12,25556,卖盘
601,10:01:25,21.29,0.0,3,6387,买盘
602,10:01:28,21.29,0.0,57,121353,买盘
603,10:01:31,21.29,0.0,9,19158,买盘
604,10:01:34,21.29,0.0,35,74503,买盘
605,10:01:37,21.28,-0.01,28,59607,卖盘
606,10:01:43,21.28,0.0,1,2128,卖盘
607,10:01:46,21.29,0.01,14,29806,买盘
608,10:01:49,21.28,-0.01,38,80884,卖盘
609,10:01:52,21.29,0.01,27,57461,买盘
610,10:01:58,21.29,0.0,5,10645,卖盘
611,10:02:01,21.29,0.0,19,40451,卖盘
612,10:02:04,21.29,0.0,5,10645,卖盘
613,10:02:07,21.3,0.01,20,42600,买盘
614,10:02:13,21.29,-0.01,4,8516,卖盘
615,10:02:16,21.29,0.0,10,21290,卖盘
616,10:02:19,21.3,0.01,12,25560,买盘
617,10:02:22,21.3,0.0,3,6390,买盘
618,10:02:25,21.29,-0.01,2,4258,卖盘
619,10:02:28,21.29,0.0,32,68132,卖盘
620,10:02:34,21.29,0.0,14,29809,卖盘
621,10:02:37,21.29,0.0,7,14906,卖盘
622,10:02:40,21.28,-0.01,5,10640,卖盘
623,10:02:43,21.28,0.0,23,48960,卖盘
624,10:02:46,21.3,0.02,24,51100,买盘
625,10:02:49,21.29,-0.01,4,8517,卖盘
626,10:02:55,21.3,0.01,97,206455,买盘
627,10:03:01,21.29,-0.01,9,19166,卖盘
628,10:03:04,21.28,-0.01,1,2128,卖盘
629,10:03:07,21.28,0.0,1,2128,卖盘
630,10:03:16,21.28,0.0,45,95760,卖盘
631,10:03:19,21.28,0.0,8,17024,买盘
632,10:03:25,21.27,-0.01,5,10635,卖盘
633,10:03:28,21.28,0.01,32,68086,买盘
634,10:03:31,21.28,0.0,7,14891,买盘
635,10:03:34,21.27,-0.01,4,8508,卖盘
636,10:03:37,21.28,0.01,13,27657,买盘
637,10:03:40,21.28,0.0,11,23403,买盘
638,10:03:46,21.27,-0.01,30,63810,卖盘
639,10:03:52,21.27,0.0,5,10635,卖盘
640,10:03:55,21.27,0.0,2,4254,买盘
641,10:03:58,21.27,0.0,4,8508,买盘
642,10:04:01,21.27,0.0,1,2127,买盘
643,10:04:05,21.26,-0.01,2,4252,卖盘
644,10:04:07,21.26,0.0,69,146694,卖盘
645,10:04:13,21.26,0.0,30,63780,卖盘
646,10:04:16,21.26,0.0,3,6378,卖盘
647,10:04:19,21.25,-0.01,36,76522,卖盘
648,10:04:22,21.26,0.01,11,23386,买盘
649,10:04:28,21.25,-0.01,73,155131,卖盘
650,10:04:31,21.25,0.0,26,55252,卖盘
651,10:04:34,21.25,0.0,1,2125,卖盘
652,10:04:37,21.25,0.0,4,8500,卖盘
653,10:04:40,21.25,0.0,46,98812,卖盘
654,10:04:43,21.24,-0.01,16,33987,卖盘
655,10:04:46,21.24,0.0,108,229397,卖盘
656,10:04:49,21.25,0.01,22,46750,买盘
657,10:04:52,21.24,-0.01,21,44604,卖盘
658,10:04:55,21.24,0.0,25,53100,卖盘
659,10:04:58,21.25,0.01,47,99836,买盘
660,10:05:01,21.24,-0.01,16,33985,卖盘
661,10:05:04,21.24,0.0,87,184788,卖盘
662,10:05:07,21.22,-0.02,90,191040,卖盘
663,10:05:10,21.2,-0.02,43,91227,卖盘
664,10:05:13,21.2,0.0,38,80612,卖盘
665,10:05:16,21.2,0.0,10,21200,卖盘
666,10:05:22,21.2,0.0,178,377368,卖盘
667,10:05:25,21.2,0.0,46,97634,卖盘
668,10:05:28,21.2,0.0,21,44520,买盘
669,10:05:31,21.18,-0.02,2,4236,卖盘
670,10:05:34,21.18,0.0,61,129198,卖盘
671,10:05:37,21.17,-0.01,24,50808,卖盘
672,10:05:40,21.18,0.01,15,31765,买盘
673,10:05:43,21.16,-0.02,18,38095,卖盘
674,10:05:49,21.15,-0.01,21,44436,卖盘
675,10:05:52,21.15,0.0,20,42300,卖盘
676,10:05:55,21.12,-0.03,142,300164,卖盘
677,10:05:58,21.11,-0.01,35,73899,卖盘
678,10:06:01,21.13,0.02,3,6339,买盘
679,10:06:04,21.11,-0.02,10,21122,卖盘
680,10:06:07,21.11,0.0,24,50664,卖盘
681,10:06:10,21.11,0.0,30,63339,卖盘
682,10:06:13,21.11,0.0,21,44316,买盘
683,10:06:16,21.1,-0.01,322,679436,卖盘
684,10:06:19,21.11,0.01,29,61200,买盘
685,10:06:22,21.1,-0.01,6,12660,中性盘
686,10:06:25,21.1,0.0,27,56958,买盘
687,10:06:28,21.1,0.0,8,16880,买盘
688,10:06:31,21.08,-0.02,30,63240,卖盘
689,10:06:37,21.08,0.0,20,42171,卖盘
690,10:06:40,21.08,0.0,16,32675,卖盘
691,10:06:43,21.09,0.01,273,575754,买盘
692,10:06:46,21.09,0.0,122,257298,卖盘
693,10:06:49,21.08,-0.01,19,40055,卖盘
694,10:06:52,21.08,0.0,8,17918,买盘
695,10:06:55,21.08,0.0,18,37944,买盘
696,10:06:58,21.05,-0.03,18,37922,卖盘
697,10:07:01,21.05,0.0,1,2105,卖盘
698,10:07:04,21.07,0.02,12,25284,买盘
699,10:07:07,21.03,-0.04,44,92619,卖盘
700,10:07:10,21.07,0.04,48,101122,买盘
701,10:07:13,21.07,0.0,18,37926,卖盘
702,10:07:16,21.07,0.0,4,8428,卖盘
703,10:07:19,21.04,-0.03,20,42130,卖盘
704,10:07:22,21.06,0.02,34,71548,中性盘
705,10:07:25,21.06,0.0,23,48438,买盘
706,10:07:28,21.07,0.01,90,189551,买盘
707,10:07:31,21.04,-0.03,7,14728,卖盘
708,10:07:34,21.03,-0.01,209,439590,卖盘
709,10:07:37,21.04,0.01,5,10520,卖盘
710,10:07:40,21.06,0.02,19,40014,买盘
711,10:07:43,21.04,-0.02,37,77868,卖盘
712,10:07:46,21.04,0.0,110,231449,卖盘
713,10:07:49,21.04,0.0,36,75766,卖盘
714,10:07:52,21.04,0.0,40,84160,买盘
715,10:07:55,21.04,0.0,4,8416,买盘
716,10:07:58,21.03,-0.01,74,155673,卖盘
717,10:08:01,21.0,-0.03,507,1065203,卖盘
718,10:08:04,21.04,0.04,33,69432,买盘
719,10:08:07,21.04,0.0,16,33663,买盘
720,10:08:10,21.04,0.0,34,71552,买盘
721,10:08:13,21.03,-0.01,27,56787,卖盘
722,10:08:16,21.04,0.01,29,60998,买盘
723,10:08:19,21.03,-0.01,58,121984,卖盘
724,10:08:22,21.0,-0.03,478,1003822,卖盘
725,10:08:25,21.0,0.0,7,14700,买盘
726,10:08:31,20.99,-0.01,2,4199,卖盘
727,10:08:34,20.99,0.0,32,67168,卖盘
728,10:08:37,20.99,0.0,4,8396,买盘
729,10:08:43,20.98,-0.01,39,81827,卖盘
730,10:08:46,20.98,0.0,102,213996,卖盘
731,10:08:49,20.98,0.0,55,114361,卖盘
732,10:08:52,20.98,0.0,45,94426,卖盘
733,10:08:55,20.98,0.0,31,65054,卖盘
734,10:08:58,20.99,0.01,39,81842,卖盘
735,10:09:01,20.98,-0.01,38,79758,卖盘
736,10:09:04,20.99,0.01,15,31476,卖盘
737,10:09:07,21.0,0.01,50,104939,买盘
738,10:09:10,20.98,-0.02,11,23080,卖盘
739,10:09:13,21.0,0.02,46,96587,买盘
740,10:09:16,20.99,-0.01,23,48277,卖盘
741,10:09:19,21.0,0.01,182,381856,买盘
742,10:09:22,20.98,-0.02,210,440831,卖盘
743,10:09:25,20.96,-0.02,298,625746,卖盘
744,10:09:28,20.99,0.03,12,25177,买盘
745,10:09:31,20.97,-0.02,32,67094,中性盘
746,10:09:34,20.97,0.0,10,20970,买盘
747,10:09:37,21.02,0.05,254,533087,买盘
748,10:09:40,21.02,0.0,10,21020,卖盘
749,10:09:43,21.02,0.0,6,12612,卖盘
750,10:09:46,20.98,-0.04,68,142870,卖盘
751,10:09:49,21.03,0.05,28,58875,买盘
752,10:09:52,21.03,0.0,17,35751,买盘
753,10:09:58,21.03,0.0,7,14723,卖盘
754,10:10:04,21.05,0.02,12,25251,买盘
755,10:10:07,21.05,0.0,21,44179,买盘
756,10:10:10,21.05,0.0,1,2105,买盘
757,10:10:19,21.06,0.01,13,27368,买盘
758,10:10:22,21.06,0.0,5,10527,买盘
759,10:10:25,21.06,0.0,14,29484,买盘
760,10:10:28,21.06,0.0,8,16848,买盘
761,10:10:31,21.07,0.01,1,2107,买盘
762,10:10:37,21.07,0.0,35,73745,买盘
763,10:10:43,21.07,0.0,4,8428,卖盘
764,10:10:49,21.08,0.01,24,50582,买盘
765,10:10:52,21.08,0.0,12,25296,买盘
766,10:10:55,21.08,0.0,64,134912,买盘
767,10:11:01,21.1,0.02,1,2110,买盘
768,10:11:04,21.08,-0.02,100,210800,卖盘
769,10:11:07,21.1,0.02,5,10548,买盘
770,10:11:10,21.1,0.0,16,33760,买盘
771,10:11:13,21.08,-0.02,97,204476,卖盘
772,10:11:16,21.08,0.0,11,23188,买盘
773,10:11:18,21.08,0.0,30,63240,买盘
774,10:11:22,21.08,0.0,25,52700,买盘
775,10:11:25,21.08,0.0,10,21080,买盘
776,10:11:28,21.07,-0.01,29,61122,卖盘
777,10:11:31,21.1,0.03,27,56926,买盘
778,10:11:36,21.1,0.0,1,2110,买盘
779,10:11:40,21.1,0.0,4,8440,买盘
780,10:11:43,21.09,-0.01,3,6327,卖盘
781,10:11:46,21.1,0.01,16,33759,买盘
782,10:11:52,21.1,0.0,9,18987,买盘
783,10:11:55,21.1,0.0,6,12659,买盘
784,10:11:58,21.1,0.0,11,23210,买盘
785,10:12:01,21.1,0.0,29,61190,买盘
786,10:12:04,21.1,0.0,14,29540,买盘
787,10:12:07,21.1,0.0,4,8440,买盘
788,10:12:10,21.1,0.0,16,33760,卖盘
789,10:12:13,21.1,0.0,18,37980,买盘
790,10:12:16,21.1,0.0,14,29540,买盘
791,10:12:19,21.1,0.0,17,35870,买盘
792,10:12:22,21.1,0.0,4,8440,买盘
793,10:12:25,21.1,0.0,2,4220,卖盘
794,10:12:27,21.08,-0.02,96,202416,卖盘
795,10:12:31,21.09,0.01,10,21092,中性盘
796,10:12:34,21.1,0.01,1,2110,买盘
797,10:12:37,21.1,0.0,4,8440,买盘
798,10:12:40,21.1,0.0,9,18983,买盘
799,10:12:43,21.1,0.0,152,320331,买盘
800,10:12:46,21.09,-0.01,11,23204,卖盘
801,10:12:49,21.1,0.01,10,21100,买盘
802,10:12:52,21.1,0.0,25,52750,卖盘
803,10:12:55,21.1,0.0,15,31650,卖盘
804,10:12:58,21.1,0.0,2,4220,卖盘
805,10:13:01,21.1,0.0,87,183582,卖盘
806,10:13:04,21.11,0.01,17,35880,卖盘
807,10:13:10,21.1,-0.01,1,2110,买盘
808,10:13:12,21.1,0.0,11,23210,卖盘
809,10:13:16,21.09,-0.01,2,4218,卖盘
810,10:13:22,21.1,0.01,26,54860,买盘
811,10:13:25,21.09,-0.01,12,25308,卖盘
812,10:13:28,21.1,0.01,8,16876,买盘
813,10:13:31,21.09,-0.01,20,42180,卖盘
814,10:13:34,21.09,0.0,11,23204,卖盘
815,10:13:37,21.1,0.01,19,40080,买盘
816,10:13:43,21.09,-0.01,6,12654,买盘
817,10:13:52,21.09,0.0,16,33744,买盘
818,10:13:55,21.08,-0.01,25,52705,卖盘
819,10:13:58,21.08,0.0,5,10540,买盘
820,10:14:07,21.07,-0.01,27,56889,卖盘
821,10:14:10,21.07,0.0,5,10535,卖盘
822,10:14:13,21.06,-0.01,3,6318,卖盘
823,10:14:19,21.06,0.0,2,4213,卖盘
824,10:14:22,21.05,-0.01,42,88412,卖盘
825,10:14:28,21.03,-0.02,13,27356,卖盘
826,10:14:34,21.03,0.0,8,16824,买盘
827,10:14:40,21.01,-0.02,3,6304,卖盘
828,10:14:43,21.01,0.0,2,4203,卖盘
829,10:14:46,21.02,0.01,2,4204,买盘
830,10:14:49,21.01,-0.01,3,6303,卖盘
831,10:14:52,21.01,0.0,71,149131,买盘
832,10:14:55,21.0,-0.01,194,407432,卖盘
833,10:14:58,21.01,0.01,20,42020,中性盘
834,10:15:01,21.01,0.0,10,21010,卖盘
835,10:15:04,21.0,-0.01,16,33610,卖盘
836,10:15:07,21.0,0.0,31,65102,卖盘
837,10:15:10,21.0,0.0,7,14700,买盘
838,10:15:13,21.0,0.0,11,23100,买盘
839,10:15:16,20.99,-0.01,3,6299,卖盘
840,10:15:19,20.99,0.0,5,10495,卖盘
841,10:15:22,21.0,0.01,8,16797,买盘
842,10:15:25,20.98,-0.02,42,88116,卖盘
843,10:15:27,20.97,-0.01,47,98576,卖盘
844,10:15:31,20.98,0.01,2,4196,买盘
845,10:15:37,20.97,-0.01,1,2097,卖盘
846,10:15:40,20.97,0.0,57,119524,卖盘
847,10:15:42,20.96,-0.01,63,132059,卖盘
848,10:15:49,20.95,-0.01,14,29334,卖盘
849,10:15:52,20.95,0.0,5,10478,卖盘
850,10:15:55,20.94,-0.01,4,8378,卖盘
851,10:15:58,20.93,-0.01,11,23025,卖盘
852,10:16:01,20.9,-0.03,30,62719,卖盘
853,10:16:07,20.9,0.0,5,10450,买盘
854,10:16:10,20.9,0.0,28,58484,买盘
855,10:16:13,20.89,-0.01,35,73105,卖盘
856,10:16:16,20.89,0.0,33,68910,买盘
857,10:16:19,20.88,-0.01,34,71002,卖盘
858,10:16:22,20.85,-0.03,37,77254,卖盘
859,10:16:25,20.85,0.0,22,45915,卖盘
860,10:16:28,20.88,0.03,4,8352,买盘
861,10:16:31,20.83,-0.05,49,102171,卖盘
862,10:16:34,20.85,0.02,42,87553,买盘
863,10:16:40,20.82,-0.03,19,39560,卖盘
864,10:16:43,20.82,0.0,10,20830,买盘
865,10:16:46,20.82,0.0,26,54142,卖盘
866,10:16:49,20.81,-0.01,30,62405,卖盘
867,10:16:52,20.81,0.0,88,183078,买盘
868,10:16:55,20.8,-0.01,13,27050,卖盘
869,10:16:58,20.79,-0.01,30,62343,中性盘
870,10:17:01,20.79,0.0,31,64433,买盘
871,10:17:04,20.8,0.01,47,97736,买盘
872,10:17:07,20.8,0.0,114,237009,买盘
873,10:17:10,20.8,0.0,72,149753,买盘
874,10:17:13,20.8,0.0,15,31203,卖盘
875,10:17:16,20.81,0.01,26,54087,买盘
876,10:17:19,20.81,0.0,59,122739,买盘
877,10:17:22,20.82,0.01,71,147752,买盘
878,10:17:25,20.82,0.0,14,29144,买盘
879,10:17:28,20.82,0.0,74,153976,买盘
880,10:17:31,20.83,0.01,12,24996,卖盘
881,10:17:34,20.85,0.02,5,10425,买盘
882,10:17:37,20.85,0.0,4,8340,买盘
883,10:17:40,20.85,0.0,1,2085,卖盘
884,10:17:43,20.88,0.03,106,220842,买盘
885,10:17:46,20.85,-0.03,17,35457,卖盘
886,10:17:49,20.88,0.03,7,14614,买盘
887,10:17:52,20.86,-0.02,7,14610,卖盘
888,10:17:55,20.88,0.02,6,12528,买盘
889,10:17:58,20.88,0.0,10,20880,买盘
890,10:18:01,20.88,0.0,39,81412,买盘
891,10:18:04,20.88,0.0,52,108526,买盘
892,10:18:07,20.88,0.0,6,12528,卖盘
893,10:18:09,20.88,0.0,1,2088,卖盘
894,10:18:19,20.88,0.0,92,192107,卖盘
895,10:18:22,20.88,0.0,31,64741,卖盘
896,10:18:25,20.86,-0.02,10,20862,卖盘
897,10:18:28,20.86,0.0,6,12516,买盘
898,10:18:31,20.86,0.0,2,4172,买盘
899,10:18:34,20.86,0.0,14,29204,买盘
900,10:18:37,20.85,-0.01,24,50049,卖盘
901,10:18:40,20.85,0.0,29,60465,卖盘
902,10:18:43,20.85,0.0,23,47955,买盘
903,10:18:45,20.85,0.0,21,43785,买盘
904,10:18:49,20.83,-0.02,51,106301,卖盘
905,10:18:52,20.83,0.0,3,6249,买盘
906,10:18:55,20.83,0.0,14,29162,买盘
907,10:18:58,20.83,0.0,87,181198,买盘
908,10:19:00,20.82,-0.01,43,89527,卖盘
909,10:19:04,20.82,0.0,6,12492,买盘
910,10:19:07,20.82,0.0,16,33312,买盘
911,10:19:10,20.82,0.0,10,20820,买盘
912,10:19:13,20.81,-0.01,87,181051,卖盘
913,10:19:16,20.8,-0.01,110,228800,卖盘
914,10:19:19,20.8,0.0,110,228914,卖盘
915,10:19:24,20.82,0.02,10,20820,买盘
916,10:19:28,20.8,-0.02,10,20808,卖盘
917,10:19:31,20.8,0.0,15,31200,卖盘
918,10:19:34,20.81,0.01,6,12486,买盘
919,10:19:36,20.81,0.0,9,19770,卖盘
920,10:19:40,20.81,0.0,30,62447,卖盘
921,10:19:43,20.82,0.01,6,12492,卖盘
922,10:19:46,20.82,0.0,7,14568,买盘
923,10:19:49,20.81,-0.01,13,27064,卖盘
924,10:19:52,20.81,0.0,21,43709,卖盘
925,10:19:55,20.81,0.0,106,220711,卖盘
926,10:20:01,20.8,-0.01,106,219448,卖盘
927,10:20:04,20.8,0.0,1,1664,卖盘
928,10:20:07,20.8,0.0,16,33286,卖盘
929,10:20:10,20.8,0.0,1,2496,卖盘
930,10:20:13,20.8,0.0,29,60318,买盘
931,10:20:16,20.8,0.0,5,10400,买盘
932,10:20:19,20.8,0.0,4,8318,买盘
933,10:20:22,20.8,0.0,7,14560,买盘
934,10:20:25,20.79,-0.01,42,87349,卖盘
935,10:20:28,20.79,0.0,5,10395,买盘
936,10:20:31,20.79,0.0,9,18711,买盘
937,10:20:33,20.8,0.01,7,14555,买盘
938,10:20:37,20.79,-0.01,1,2079,卖盘
939,10:20:40,20.79,0.0,12,24948,卖盘
940,10:20:43,20.79,0.0,21,43658,买盘
941,10:20:46,20.8,0.01,14,29113,买盘
942,10:20:48,20.8,0.0,10,20800,卖盘
943,10:20:52,20.78,-0.02,7,14553,卖盘
944,10:20:55,20.79,0.01,21,43649,买盘
945,10:20:58,20.79,0.0,14,29106,买盘
946,10:21:07,20.78,-0.01,30,62367,卖盘
947,10:21:10,20.78,0.0,10,20780,卖盘
948,10:21:13,20.8,0.02,51,105999,买盘
949,10:21:19,20.78,-0.02,62,128851,卖盘
950,10:21:22,20.78,0.0,11,22858,买盘
951,10:21:25,20.78,0.0,44,91413,买盘
952,10:21:28,20.78,0.0,31,64417,买盘
953,10:21:31,20.78,0.0,32,66466,买盘
954,10:21:34,20.77,-0.01,53,110094,卖盘
955,10:21:37,20.77,0.0,7,14545,卖盘
956,10:21:39,20.77,0.0,41,85163,卖盘
957,10:21:43,20.77,0.0,14,29079,卖盘
958,10:21:52,20.77,0.0,27,56079,买盘
959,10:21:55,20.77,0.0,1,2077,买盘
960,10:21:58,20.77,0.0,2,4154,买盘
961,10:22:01,20.77,0.0,13,26998,买盘
962,10:22:04,20.76,-0.01,16,33216,卖盘
963,10:22:07,20.76,0.0,5,10380,买盘
964,10:22:10,20.75,-0.01,56,116200,卖盘
965,10:22:13,20.75,0.0,6,12450,买盘
966,10:22:16,20.75,0.0,1,2075,买盘
967,10:22:22,20.73,-0.02,2,4146,卖盘
968,10:22:25,20.73,0.0,49,101657,卖盘
969,10:22:28,20.73,0.0,14,29022,买盘
970,10:22:31,20.73,0.0,96,198943,买盘
971,10:22:34,20.72,-0.01,36,74604,卖盘
972,10:22:37,20.73,0.01,25,51822,买盘
973,10:22:40,20.72,-0.01,18,37313,卖盘
974,10:22:43,20.72,0.0,29,60088,卖盘
975,10:22:49,20.71,-0.01,22,45574,卖盘
976,10:22:52,20.71,0.0,84,173912,卖盘
977,10:22:55,20.71,0.0,10,20710,买盘
978,10:22:58,20.7,-0.01,1,2070,买盘
979,10:23:01,20.69,-0.01,1,2069,卖盘
980,10:23:07,20.69,0.0,22,45493,买盘
981,10:23:13,20.69,0.0,9,18620,买盘
982,10:23:19,20.67,-0.02,1,2067,卖盘
983,10:23:22,20.68,0.01,47,97191,买盘
984,10:23:25,20.68,0.0,1,2068,买盘
985,10:23:28,20.67,-0.01,26,53723,卖盘
986,10:23:31,20.68,0.01,40,82689,买盘
987,10:23:34,20.67,-0.01,13,26873,中性盘
988,10:23:37,20.66,-0.01,19,39254,卖盘
989,10:23:40,20.66,0.0,2,4132,买盘
990,10:23:46,20.65,-0.01,19,39248,卖盘
991,10:23:49,20.65,0.0,34,70217,卖盘
992,10:23:52,20.65,0.0,6,12390,买盘
993,10:23:55,20.65,0.0,14,28910,买盘
994,10:23:58,20.65,0.0,13,26845,买盘
995,10:24:01,20.65,0.0,14,28919,卖盘
996,10:24:04,20.66,0.01,36,74360,买盘
997,10:24:06,20.65,-0.01,26,53697,卖盘
998,10:24:10,20.65,0.0,19,39230,买盘
999,10:24:13,20.65,0.0,21,43365,买盘
1000,10:24:16,20.65,0.0,7,14455,买盘
1001,10:24:19,20.65,0.0,15,30971,买盘
1002,10:24:22,20.64,-0.01,71,146564,卖盘
1003,10:24:25,20.64,0.0,19,39216,买盘
1004,10:24:28,20.65,0.01,10,20649,买盘
1005,10:24:31,20.65,0.0,25,51625,买盘
1006,10:24:34,20.63,-0.02,32,66048,卖盘
1007,10:24:37,20.65,0.02,24,49526,买盘
1008,10:24:40,20.65,0.0,32,66076,买盘
1009,10:24:43,20.65,0.0,25,51625,买盘
1010,10:24:46,20.63,-0.02,45,92891,卖盘
1011,10:24:49,20.63,0.0,33,68079,买盘
1012,10:24:52,20.63,0.0,44,90772,买盘
1013,10:24:55,20.63,0.0,24,49512,买盘
1014,10:24:58,20.64,0.01,32,66028,买盘
1015,10:25:01,20.62,-0.02,50,103100,卖盘
1016,10:25:04,20.64,0.02,30,61897,买盘
1017,10:25:07,20.63,-0.01,2,4126,卖盘
1018,10:25:10,20.65,0.02,22,45419,买盘
1019,10:25:13,20.63,-0.02,269,554981,卖盘
1020,10:25:16,20.65,0.02,1,2065,买盘
1021,10:25:19,20.64,-0.01,6,12389,卖盘
1022,10:25:22,20.63,-0.01,107,220813,卖盘
1023,10:25:25,20.63,0.0,52,107276,买盘
1024,10:25:28,20.63,0.0,44,90772,买盘
1025,10:25:31,20.66,0.03,39,80518,买盘
1026,10:25:34,20.65,-0.01,1,2065,中性盘
1027,10:25:37,20.65,0.0,2,4128,买盘
1028,10:25:46,20.67,0.02,37,76428,买盘
1029,10:25:49,20.66,-0.01,26,53695,卖盘
1030,10:25:51,20.66,0.0,1,2066,卖盘
1031,10:25:55,20.65,-0.01,20,41319,卖盘
1032,10:25:58,20.68,0.03,5,10340,买盘
1033,10:26:01,20.68,0.0,58,119843,买盘
1034,10:26:04,20.68,0.0,2,4136,买盘
1035,10:26:07,20.68,0.0,51,105468,买盘
1036,10:26:09,20.68,0.0,9,18612,买盘
1037,10:26:13,20.69,0.01,10,20681,买盘
1038,10:26:19,20.68,-0.01,2,4136,卖盘
1039,10:26:22,20.7,0.02,6,12416,买盘
1040,10:26:25,20.72,0.02,10,20720,买盘
1041,10:26:28,20.72,0.0,2,4144,买盘
1042,10:26:31,20.72,0.0,10,20720,买盘
1043,10:26:34,20.72,0.0,5,10360,卖盘
1044,10:26:40,20.73,0.01,27,55963,买盘
1045,10:26:42,20.75,0.02,20,41496,买盘
1046,10:26:49,20.75,0.0,4,8300,卖盘
1047,10:26:52,20.77,0.02,6,12460,买盘
1048,10:26:58,20.77,0.0,12,24933,卖盘
1049,10:27:01,20.8,0.03,26,54017,买盘
1050,10:27:04,20.78,-0.02,48,99796,卖盘
1051,10:27:16,20.81,0.03,4,8324,买盘
1052,10:27:22,20.81,0.0,10,20814,卖盘
1053,10:27:25,20.82,0.01,12,24977,买盘
1054,10:27:30,20.82,0.0,26,54125,买盘
1055,10:27:34,20.89,0.07,84,175311,买盘
1056,10:27:37,20.89,0.0,27,56403,卖盘
1057,10:27:43,20.9,0.01,11,22980,买盘
1058,10:27:49,20.89,-0.01,14,29255,卖盘
1059,10:27:52,20.89,0.0,59,123251,卖盘
1060,10:27:55,20.89,0.0,38,79307,买盘
1061,10:27:58,20.89,0.0,18,37566,买盘
1062,10:28:07,20.89,0.0,140,292459,买盘
1063,10:28:10,20.89,0.0,3,6266,买盘
1064,10:28:15,20.9,0.01,6,12540,买盘
1065,10:28:19,20.82,-0.08,128,267297,卖盘
1066,10:28:28,20.89,0.07,11,22962,买盘
1067,10:28:31,20.89,0.0,2,4178,买盘
1068,10:28:34,20.89,0.0,1,2089,买盘
1069,10:28:39,20.84,-0.05,3,6254,卖盘
1070,10:28:43,20.88,0.04,5,10440,买盘
1071,10:28:51,20.85,-0.03,23,48015,卖盘
1072,10:29:01,20.85,0.0,21,43785,卖盘
1073,10:29:07,20.87,0.02,1,2087,买盘
1074,10:29:10,20.87,0.0,11,23969,买盘
1075,10:29:13,20.85,-0.02,2,4170,卖盘
1076,10:29:16,20.87,0.02,1,2087,买盘
1077,10:29:19,20.85,-0.02,8,16680,卖盘
1078,10:29:22,20.87,0.02,5,10435,买盘
1079,10:29:28,20.87,0.0,10,20870,卖盘
1080,10:29:31,20.87,0.0,18,37566,卖盘
1081,10:29:34,20.87,0.0,29,60522,买盘
1082,10:29:37,20.85,-0.02,1,2085,卖盘
1083,10:29:39,20.87,0.02,5,10435,买盘
1084,10:29:49,20.87,0.0,8,16696,买盘
1085,10:29:52,20.87,0.0,4,8342,买盘
1086,10:29:55,20.87,0.0,11,22957,买盘
1087,10:29:58,20.87,0.0,1,2087,买盘
1088,10:30:04,20.85,-0.02,11,22935,卖盘
1089,10:30:07,20.87,0.02,27,56341,买盘
1090,10:30:10,20.85,-0.02,1,2085,卖盘
1091,10:30:13,20.87,0.02,5,10429,买盘
1092,10:30:16,20.85,-0.02,3,6255,卖盘
1093,10:30:19,20.85,0.0,3,6257,卖盘
1094,10:30:22,20.85,0.0,12,23998,卖盘
1095,10:30:33,20.85,0.0,18,37530,买盘
1096,10:30:40,20.84,-0.01,10,20840,卖盘
1097,10:30:43,20.84,0.0,9,18760,卖盘
1098,10:30:49,20.84,0.0,17,35444,卖盘
1099,10:30:52,20.84,0.0,3,6252,卖盘
1100,10:30:55,20.84,0.0,17,35428,卖盘
1101,10:30:58,20.86,0.02,55,114678,买盘
1102,10:31:07,20.85,-0.01,33,69826,买盘
1103,10:31:12,20.83,-0.02,114,236446,卖盘
1104,10:31:16,20.83,0.0,8,16664,买盘
1105,10:31:19,20.82,-0.01,22,45804,卖盘
1106,10:31:22,20.83,0.01,6,12497,买盘
1107,10:31:25,20.83,0.0,40,84334,买盘
1108,10:31:28,20.83,0.0,8,15622,卖盘
1109,10:31:37,20.83,0.0,26,55188,卖盘
1110,10:31:43,20.83,0.0,5,10415,卖盘
1111,10:31:52,20.83,0.0,10,20839,卖盘
1112,10:31:54,20.83,0.0,9,18747,卖盘
1113,10:31:58,20.82,-0.01,6,12492,卖盘
1114,10:32:04,20.82,0.0,3,6246,卖盘
1115,10:32:07,20.82,0.0,3,6246,卖盘
1116,10:32:16,20.83,0.01,4,8332,买盘
1117,10:32:18,20.83,0.0,22,45826,买盘
1118,10:32:22,20.82,-0.01,1,2082,卖盘
1119,10:32:27,20.84,0.02,25,52088,买盘
1120,10:32:31,20.82,-0.02,5,10410,卖盘
1121,10:32:37,20.84,0.02,24,49978,买盘
1122,10:32:40,20.84,0.0,1,2084,买盘
1123,10:32:43,20.84,0.0,1,2084,买盘
1124,10:32:45,20.82,-0.02,51,105145,卖盘
1125,10:32:52,20.81,-0.01,1,2081,卖盘
1126,10:32:55,20.82,0.01,5,10410,买盘
1127,10:32:58,20.82,0.0,5,10410,买盘
1128,10:33:01,20.81,-0.01,24,49961,卖盘
1129,10:33:16,20.82,0.01,3,6246,卖盘
1130,10:33:19,20.82,0.0,1,2082,卖盘
1131,10:33:22,20.82,0.0,20,41640,卖盘
1132,10:33:27,20.81,-0.01,2,4162,卖盘
1133,10:33:40,20.82,0.01,2,4164,买盘
1134,10:33:43,20.8,-0.02,59,122802,卖盘
1135,10:33:46,20.81,0.01,2,4162,中性盘
1136,10:33:49,20.8,-0.01,1,2080,卖盘
1137,10:33:55,20.8,0.0,8,16640,卖盘
1138,10:34:01,20.81,0.01,50,104002,买盘
1139,10:34:10,20.8,-0.01,2,4160,卖盘
1140,10:34:13,20.8,0.0,76,158080,卖盘
1141,10:34:16,20.81,0.01,1,2081,买盘
1142,10:34:19,20.8,-0.01,4,8320,卖盘
1143,10:34:22,20.8,0.0,1,2080,卖盘
1144,10:34:25,20.8,0.0,11,22881,卖盘
1145,10:34:28,20.8,0.0,11,22889,卖盘
1146,10:34:31,20.78,-0.02,37,76898,卖盘
1147,10:34:37,20.78,0.0,76,157928,卖盘
1148,10:34:39,20.78,0.0,2,4156,买盘
1149,10:34:42,20.77,-0.01,3,6231,中性盘
1150,10:34:46,20.77,0.0,1,2077,买盘
1151,10:34:49,20.77,0.0,1,2077,买盘
1152,10:34:52,20.77,0.0,11,22846,买盘
1153,10:34:54,20.77,0.0,10,20763,买盘
1154,10:35:04,20.75,-0.02,40,83040,卖盘
1155,10:35:13,20.75,0.0,23,47740,卖盘
1156,10:35:19,20.75,0.0,19,39425,卖盘
1157,10:35:22,20.75,0.0,6,12450,卖盘
1158,10:35:25,20.76,0.01,7,14538,卖盘
1159,10:35:28,20.75,-0.01,24,49801,卖盘
1160,10:35:30,20.75,0.0,1,2075,卖盘
1161,10:35:37,20.75,0.0,3,6225,卖盘
1162,10:35:40,20.75,0.0,6,12450,卖盘
1163,10:35:43,20.76,0.01,5,10377,买盘
1164,10:35:49,20.76,0.0,1,2076,买盘
1165,10:35:52,20.75,-0.01,2,4150,卖盘
1166,10:35:55,20.76,0.01,85,176317,买盘
1167,10:36:01,20.76,0.0,15,31140,卖盘
1168,10:36:07,20.76,0.0,1,2076,买盘
1169,10:36:10,20.76,0.0,6,12456,卖盘
1170,10:36:24,20.75,-0.01,3,6226,卖盘
1171,10:36:28,20.75,0.0,4,8300,卖盘
1172,10:36:34,20.75,0.0,2,4150,买盘
1173,10:36:40,20.71,-0.04,6,12426,卖盘
1174,10:36:45,20.71,0.0,2,4142,买盘
1175,10:36:51,20.71,0.0,2,4142,买盘
1176,10:37:04,20.75,0.04,5,10375,买盘
1177,10:37:06,20.71,-0.04,8,16575,卖盘
1178,10:37:13,20.75,0.04,1,2075,买盘
1179,10:37:16,20.71,-0.04,28,57988,卖盘
1180,10:37:25,20.71,0.0,1,2071,买盘
1181,10:37:28,20.71,0.0,5,10355,买盘
1182,10:37:31,20.71,0.0,4,8284,买盘
1183,10:37:37,20.7,-0.01,16,33120,卖盘
1184,10:37:43,20.7,0.0,4,8280,卖盘
1185,10:37:45,20.7,0.0,2,4140,买盘
1186,10:37:48,20.7,0.0,42,86940,买盘
1187,10:37:55,20.7,0.0,4,8280,买盘
1188,10:38:01,20.7,0.0,10,20700,买盘
1189,10:38:04,20.7,0.0,10,20700,买盘
1190,10:38:07,20.7,0.0,6,12420,买盘
1191,10:38:10,20.7,0.0,4,8280,买盘
1192,10:38:13,20.69,-0.01,7,14485,卖盘
1193,10:38:19,20.7,0.01,3,6210,买盘
1194,10:38:21,20.69,-0.01,3,6207,卖盘
1195,10:38:25,20.69,0.0,9,18621,卖盘
1196,10:38:31,20.69,0.0,5,10345,买盘
1197,10:38:34,20.68,-0.01,15,31034,卖盘
1198,10:38:37,20.68,0.0,2,4137,卖盘
1199,10:38:40,20.69,0.01,44,91036,买盘
1200,10:38:43,20.7,0.01,9,18624,买盘
1201,10:38:46,20.69,-0.01,1,2069,卖盘
1202,10:38:49,20.69,0.0,3,6207,卖盘
1203,10:38:52,20.69,0.0,6,12414,卖盘
1204,10:38:55,20.69,0.0,30,62073,卖盘
1205,10:38:58,20.7,0.01,20,41388,买盘
1206,10:39:01,20.69,-0.01,4,8276,中性盘
1207,10:39:04,20.69,0.0,1,2069,卖盘
1208,10:39:07,20.69,0.0,2,4138,买盘
1209,10:39:09,20.69,0.0,2,4138,买盘
1210,10:39:16,20.69,0.0,5,10345,中性盘
1211,10:39:19,20.69,0.0,1,2069,买盘
1212,10:39:22,20.69,0.0,1,2069,买盘
1213,10:39:24,20.69,0.0,1,2069,买盘
1214,10:39:28,20.69,0.0,9,18613,买盘
1215,10:39:31,20.69,0.0,1,2069,卖盘
1216,10:39:34,20.7,0.01,30,62097,买盘
1217,10:39:40,20.7,0.0,3,6210,买盘
1218,10:39:46,20.7,0.0,3,6208,买盘
1219,10:39:49,20.7,0.0,5,10350,买盘
1220,10:40:01,20.71,0.01,6,12424,买盘
1221,10:40:07,20.71,0.0,12,24851,买盘
1222,10:40:10,20.71,0.0,10,20710,买盘
1223,10:40:13,20.71,0.0,8,16568,买盘
1224,10:40:16,20.71,0.0,19,39349,买盘
1225,10:40:19,20.7,-0.01,25,51760,卖盘
1226,10:40:28,20.7,0.0,6,12424,卖盘
1227,10:40:39,20.71,0.01,1,2071,卖盘
1228,10:40:43,20.71,0.0,5,10355,卖盘
1229,10:40:46,20.71,0.0,10,20710,卖盘
1230,10:40:49,20.73,0.02,1,2073,买盘
1231,10:41:04,20.75,0.02,10,20742,买盘
1232,10:41:13,20.76,0.01,5,10379,买盘
1233,10:41:19,20.76,0.0,2,4152,买盘
1234,10:41:31,20.78,0.02,21,43618,买盘
1235,10:41:37,20.75,-0.03,4,8300,卖盘
1236,10:41:40,20.78,0.03,2,4156,买盘
1237,10:41:43,20.78,0.0,20,41560,买盘
1238,10:41:51,20.78,0.0,24,49872,买盘
1239,10:41:55,20.78,0.0,5,10390,买盘
1240,10:41:58,20.78,0.0,7,14543,买盘
1241,10:42:00,20.78,0.0,5,10390,买盘
1242,10:42:04,20.78,0.0,1,2078,买盘
1243,10:42:07,20.78,0.0,26,54028,买盘
1244,10:42:13,20.78,0.0,37,76886,买盘
1245,10:42:16,20.78,0.0,24,49872,买盘
1246,10:42:19,20.78,0.0,20,41560,买盘
1247,10:42:25,20.78,0.0,10,20780,买盘
1248,10:42:34,20.78,0.0,10,20780,买盘
1249,10:42:37,20.78,0.0,15,31170,买盘
1250,10:42:43,20.78,0.0,17,35326,买盘
1251,10:42:49,20.76,-0.02,10,20764,卖盘
1252,10:42:52,20.8,0.04,33,68534,买盘
1253,10:42:57,20.8,0.0,2,4157,买盘
1254,10:43:00,20.81,0.01,1,2081,买盘
1255,10:43:07,20.82,0.01,3,6246,卖盘
1256,10:43:18,20.82,0.0,4,8325,买盘
1257,10:43:22,20.8,-0.02,13,27040,卖盘
1258,10:43:28,20.8,0.0,1,2080,买盘
1259,10:43:31,20.82,0.02,17,35394,买盘
1260,10:43:34,20.82,0.0,2,4164,卖盘
1261,10:43:37,20.81,-0.01,4,8327,卖盘
1262,10:43:40,20.81,0.0,1,2081,卖盘
1263,10:43:43,20.81,0.0,1,2081,卖盘
1264,10:43:46,20.81,0.0,18,37458,卖盘
1265,10:43:49,20.82,0.01,28,58294,买盘
1266,10:43:55,20.82,0.0,17,35394,买盘
1267,10:44:04,20.76,-0.06,56,116277,卖盘
1268,10:44:09,20.77,0.01,3,6239,卖盘
1269,10:44:12,20.77,0.0,1,2077,卖盘
1270,10:44:16,20.81,0.04,3,6243,买盘
1271,10:44:55,20.78,-0.03,2,4156,卖盘
1272,10:45:00,20.81,0.03,2,4161,买盘
1273,10:45:04,20.78,-0.03,41,85216,卖盘
1274,10:45:09,20.78,0.0,8,16624,买盘
1275,10:45:13,20.78,0.0,2,4156,买盘
1276,10:45:15,20.78,0.0,2,4156,买盘
1277,10:45:19,20.77,-0.01,13,27001,卖盘
1278,10:45:25,20.78,0.01,31,64418,买盘
1279,10:45:34,20.77,-0.01,24,49856,卖盘
1280,10:45:39,20.78,0.01,5,10390,买盘
1281,10:45:52,20.77,-0.01,2,4155,卖盘
1282,10:45:54,20.78,0.01,3,6234,买盘
1283,10:45:57,20.78,0.0,7,14546,买盘
1284,10:46:22,20.77,-0.01,24,49849,卖盘
1285,10:46:24,20.76,-0.01,3,6228,卖盘
1286,10:46:27,20.77,0.01,4,8308,买盘
1287,10:46:31,20.77,0.0,2,4154,买盘
1288,10:46:37,20.77,0.0,2,4154,买盘
1289,10:46:40,20.77,0.0,5,10385,买盘
1290,10:46:43,20.77,0.0,4,8308,买盘
1291,10:46:45,20.77,0.0,8,16616,买盘
1292,10:46:55,20.77,0.0,1,2077,买盘
1293,10:47:06,20.76,-0.01,5,10382,卖盘
1294,10:47:10,20.77,0.01,20,41540,买盘
1295,10:47:15,20.77,0.0,18,37386,买盘
1296,10:47:19,20.77,0.0,3,6231,买盘
1297,10:47:24,20.76,-0.01,1,2076,卖盘
1298,10:47:43,20.77,0.01,1,2077,买盘
1299,10:47:46,20.77,0.0,1,2077,买盘
1300,10:47:49,20.77,0.0,30,62310,买盘
1301,10:47:52,20.77,0.0,1,2077,买盘
1302,10:47:55,20.77,0.0,10,20770,买盘
1303,10:47:58,20.77,0.0,9,18693,买盘
1304,10:48:01,20.76,-0.01,33,68538,卖盘
1305,10:48:10,20.78,0.02,5,10390,买盘
1306,10:48:15,20.78,0.0,1,2078,买盘
1307,10:48:19,20.76,-0.02,33,68517,卖盘
1308,10:48:30,20.77,0.01,2,4154,买盘
1309,10:48:37,20.77,0.0,4,8305,买盘
1310,10:48:40,20.76,-0.01,2,4152,卖盘
1311,10:48:46,20.77,0.01,3,6231,买盘
1312,10:48:52,20.76,-0.01,3,6228,卖盘
1313,10:49:01,20.77,0.01,20,41532,买盘
1314,10:49:19,20.78,0.01,1,2078,买盘
1315,10:49:22,20.77,-0.01,1,2077,卖盘
1316,10:49:31,20.78,0.01,56,116363,买盘
1317,10:49:34,20.78,0.0,45,93510,买盘
1318,10:49:40,20.77,-0.01,15,31155,卖盘
1319,10:49:51,20.77,0.0,10,20770,卖盘
1320,10:49:55,20.78,0.01,9,18700,买盘
1321,10:50:10,20.77,-0.01,3,6231,卖盘
1322,10:50:18,20.78,0.01,41,85166,买盘
1323,10:50:22,20.78,0.0,1,2078,买盘
1324,10:50:30,20.78,0.0,6,12468,买盘
1325,10:50:37,20.76,-0.02,3,6232,卖盘
1326,10:50:40,20.76,0.0,1,2076,卖盘
1327,10:50:48,20.78,0.02,4,8312,买盘
1328,10:50:57,20.78,0.0,1,2078,买盘
1329,10:51:01,20.78,0.0,1,2078,买盘
1330,10:51:04,20.76,-0.02,7,14532,卖盘
1331,10:51:07,20.78,0.02,1,2078,买盘
1332,10:51:10,20.78,0.0,2,4156,买盘
1333,10:51:19,20.78,0.0,11,22843,买盘
1334,10:51:22,20.78,0.0,16,33248,买盘
1335,10:51:34,20.76,-0.02,101,209676,卖盘
1336,10:51:40,20.76,0.0,1,2076,买盘
1337,10:51:45,20.75,-0.01,3,6225,卖盘
1338,10:51:54,20.75,0.0,16,33200,卖盘
1339,10:51:58,20.76,0.01,2,4152,买盘
1340,10:52:01,20.75,-0.01,4,8300,卖盘
1341,10:52:04,20.75,0.0,1,2075,卖盘
1342,10:52:07,20.76,0.01,16,33210,买盘
1343,10:52:09,20.76,0.0,8,16603,买盘
1344,10:52:16,20.76,0.0,5,10380,买盘
1345,10:52:22,20.75,-0.01,18,37350,卖盘
1346,10:52:25,20.75,0.0,9,18678,卖盘
1347,10:52:28,20.75,0.0,3,6225,卖盘
1348,10:52:34,20.76,0.01,1,2076,买盘
1349,10:52:37,20.75,-0.01,6,12451,卖盘
1350,10:52:40,20.76,0.01,1,2076,买盘
1351,10:52:43,20.75,-0.01,3,6225,买盘
1352,10:52:46,20.73,-0.02,1,2073,卖盘
1353,10:52:52,20.73,0.0,15,31101,卖盘
1354,10:52:58,20.74,0.01,6,12449,卖盘
1355,10:53:07,20.73,-0.01,1,2073,卖盘
1356,10:53:10,20.73,0.0,16,33170,卖盘
1357,10:53:18,20.73,0.0,2,4146,卖盘
1358,10:53:21,20.74,0.01,2,4148,买盘
1359,10:53:24,20.73,-0.01,3,6219,卖盘
1360,10:53:31,20.72,-0.01,8,16577,卖盘
1361,10:53:37,20.71,-0.01,3,6213,卖盘
1362,10:53:49,20.71,0.0,30,62130,卖盘
1363,10:53:52,20.72,0.01,2,4144,买盘
1364,10:54:01,20.71,-0.01,7,14497,卖盘
1365,10:54:07,20.71,0.0,1,2071,卖盘
1366,10:54:13,20.71,0.0,21,43496,卖盘
1367,10:54:16,20.71,0.0,10,20710,卖盘
1368,10:54:18,20.7,-0.01,100,207008,卖盘
1369,10:54:22,20.7,0.0,20,41400,卖盘
1370,10:54:28,20.71,0.01,1,2071,买盘
1371,10:54:36,20.7,-0.01,6,12420,卖盘
1372,10:54:40,20.71,0.01,9,18635,买盘
1373,10:54:43,20.71,0.0,9,18639,买盘
1374,10:54:46,20.69,-0.02,10,20696,卖盘
1375,10:54:51,20.71,0.02,18,37265,买盘
1376,10:54:55,20.71,0.0,4,8284,卖盘
1377,10:54:57,20.71,0.0,20,41420,卖盘
1378,10:55:01,20.71,0.0,35,72485,卖盘
1379,10:55:07,20.71,0.0,1,2071,卖盘
1380,10:55:09,20.71,0.0,3,6213,卖盘
1381,10:55:16,20.71,0.0,19,39349,卖盘
1382,10:55:25,20.69,-0.02,19,39312,卖盘
1383,10:55:31,20.7,0.01,5,10347,买盘
1384,10:55:34,20.69,-0.01,6,12414,卖盘
1385,10:55:37,20.69,0.0,14,28966,卖盘
1386,10:55:46,20.69,0.0,4,8276,买盘
1387,10:55:52,20.69,0.0,1,2069,买盘
1388,10:55:54,20.68,-0.01,60,124080,卖盘
1389,10:56:01,20.69,0.01,25,51725,买盘
1390,10:56:04,20.68,-0.01,6,12411,卖盘
1391,10:56:07,20.68,0.0,23,47564,卖盘
1392,10:56:09,20.68,0.0,22,45496,卖盘
1393,10:56:13,20.68,0.0,1,2068,买盘
1394,10:56:16,20.67,-0.01,160,330836,卖盘
1395,10:56:19,20.67,0.0,20,41347,卖盘
1396,10:56:25,20.68,0.01,3,6204,中性盘
1397,10:56:31,20.67,-0.01,2,4134,卖盘
1398,10:56:34,20.67,0.0,6,12402,卖盘
1399,10:56:37,20.68,0.01,2,4135,买盘
1400,10:56:43,20.67,-0.01,3,6202,卖盘
1401,10:56:49,20.65,-0.02,111,229296,卖盘
1402,10:56:52,20.7,0.05,13,26848,买盘
1403,10:56:57,20.64,-0.06,7,14460,卖盘
1404,10:57:01,20.68,0.04,12,24772,中性盘
1405,10:57:09,20.65,-0.03,14,28910,卖盘
1406,10:57:16,20.65,0.0,1,2065,买盘
1407,10:57:19,20.6,-0.05,575,1184891,卖盘
1408,10:57:25,20.6,0.0,31,63860,卖盘
1409,10:57:28,20.64,0.04,23,47392,买盘
1410,10:57:31,20.6,-0.04,47,96824,卖盘
1411,10:57:37,20.6,0.0,7,14420,买盘
1412,10:57:43,20.6,0.0,5,10303,卖盘
1413,10:57:51,20.64,0.04,23,47436,买盘
1414,10:57:58,20.61,-0.03,5,10305,买盘
1415,10:58:00,20.6,-0.01,20,41205,卖盘
1416,10:58:04,20.6,0.0,1,2060,卖盘
1417,10:58:10,20.6,0.0,20,41242,卖盘
1418,10:58:13,20.61,0.01,7,14427,中性盘
1419,10:58:22,20.6,-0.01,2,4120,卖盘
1420,10:58:25,20.6,0.0,51,105061,卖盘
1421,10:58:31,20.59,-0.01,34,70028,卖盘
1422,10:58:34,20.6,0.01,8,16474,买盘
1423,10:58:40,20.58,-0.02,44,90554,卖盘
1424,10:58:43,20.58,0.0,7,14414,卖盘
1425,10:58:49,20.58,0.0,28,57624,卖盘
1426,10:58:52,20.58,0.0,27,55566,卖盘
1427,10:58:55,20.58,0.0,1,2058,买盘
1428,10:58:58,20.58,0.0,1,2058,买盘
1429,10:59:00,20.57,-0.01,11,22627,卖盘
1430,10:59:04,20.58,0.01,8,16463,买盘
1431,10:59:07,20.57,-0.01,57,117249,卖盘
1432,10:59:10,20.57,0.0,2,4114,买盘
1433,10:59:13,20.57,0.0,1,2057,买盘
1434,10:59:16,20.55,-0.02,58,119228,卖盘
1435,10:59:19,20.57,0.02,10,20570,买盘
1436,10:59:22,20.57,0.0,1,2057,买盘
1437,10:59:24,20.55,-0.02,5,10275,卖盘
1438,10:59:28,20.55,0.0,58,119216,卖盘
1439,10:59:30,20.55,0.0,32,65773,卖盘
1440,10:59:37,20.53,-0.02,182,373655,卖盘
1441,10:59:39,20.53,0.0,5,10265,买盘
1442,10:59:43,20.53,0.0,3,6159,买盘
1443,10:59:46,20.53,0.0,54,110818,买盘
1444,10:59:49,20.52,-0.01,5,10260,中性盘
1445,10:59:52,20.52,0.0,3,6157,卖盘
1446,10:59:58,20.46,-0.06,316,647643,卖盘
1447,11:00:01,20.46,0.0,2,4092,买盘
1448,11:00:04,20.46,0.0,8,16365,买盘
1449,11:00:07,20.45,-0.01,20,40900,卖盘
1450,11:00:10,20.5,0.05,42,85960,买盘
1451,11:00:13,20.44,-0.06,60,122699,卖盘
1452,11:00:16,20.43,-0.01,11,22476,卖盘
1453,11:00:19,20.41,-0.02,10,20412,卖盘
1454,11:00:22,20.43,0.02,7,14301,买盘
1455,11:00:25,20.42,-0.01,43,87758,中性盘
1456,11:00:28,20.4,-0.02,18,36732,卖盘
1457,11:00:34,20.39,-0.01,3,6118,卖盘
1458,11:00:37,20.4,0.01,14,28546,买盘
1459,11:00:40,20.39,-0.01,31,63181,买盘
1460,11:00:43,20.4,0.01,18,36704,买盘
1461,11:00:46,20.39,-0.01,12,24468,卖盘
1462,11:00:49,20.38,-0.01,44,89678,卖盘
1463,11:00:52,20.39,0.01,40,81551,买盘
1464,11:00:55,20.39,0.0,69,140722,买盘
1465,11:00:58,20.39,0.0,20,40780,卖盘
1466,11:01:04,20.38,-0.01,26,52998,卖盘
1467,11:01:07,20.39,0.01,41,83541,买盘
1468,11:01:10,20.37,-0.02,5,10189,卖盘
1469,11:01:13,20.39,0.02,15,30575,买盘
1470,11:01:16,20.39,0.0,32,65188,买盘
1471,11:01:19,20.37,-0.02,38,77363,中性盘
1472,11:01:25,20.38,0.01,16,32612,卖盘
1473,11:01:28,20.39,0.01,1,2039,买盘
1474,11:01:31,20.39,0.0,16,32624,买盘
1475,11:01:34,20.38,-0.01,60,122294,卖盘
1476,11:01:37,20.38,0.0,10,20390,买盘
1477,11:01:40,20.39,0.01,40,81572,买盘
1478,11:01:43,20.4,0.01,10,20400,买盘
1479,11:01:46,20.39,-0.01,29,59136,卖盘
1480,11:01:49,20.41,0.02,4,8158,买盘
1481,11:01:52,20.42,0.01,2,4082,买盘
1482,11:01:55,20.45,0.03,23,46938,买盘
1483,11:01:58,20.41,-0.04,29,59176,卖盘
1484,11:02:04,20.46,0.05,2,4092,卖盘
1485,11:02:13,20.52,0.06,15,30760,买盘
1486,11:02:22,20.52,0.0,7,14360,买盘
1487,11:02:25,20.54,0.02,13,26701,买盘
1488,11:02:34,20.5,-0.04,351,719578,卖盘
1489,11:02:37,20.52,0.02,151,309552,买盘
1490,11:02:40,20.54,0.02,265,544311,卖盘
1491,11:02:43,20.56,0.02,1,2056,买盘
1492,11:02:49,20.56,0.0,17,34922,买盘
1493,11:02:52,20.56,0.0,2,4112,买盘
1494,11:02:55,20.56,0.0,47,96688,卖盘
1495,11:02:58,20.5,-0.06,204,418623,卖盘
1496,11:03:01,20.5,0.0,2,4100,买盘
1497,11:03:04,20.5,0.0,2,4100,买盘
1498,11:03:13,20.49,-0.01,1,2049,买盘
1499,11:03:16,20.5,0.01,11,22549,买盘
1500,11:03:22,20.5,0.0,1,2050,买盘
1501,11:03:31,20.5,0.0,12,24600,买盘
1502,11:03:34,20.5,0.0,15,30740,买盘
1503,11:03:37,20.46,-0.04,1,2046,卖盘
1504,11:03:40,20.46,0.0,1,2046,买盘
1505,11:03:43,20.46,0.0,4,8184,买盘
1506,11:03:46,20.46,0.0,4,8184,买盘
1507,11:03:49,20.46,0.0,7,14322,买盘
1508,11:03:55,20.48,0.02,14,28646,买盘
1509,11:03:58,20.45,-0.03,10,20450,卖盘
1510,11:04:01,20.46,0.01,11,22506,卖盘
1511,11:04:04,20.48,0.02,1,2048,买盘
1512,11:04:07,20.48,0.0,29,59346,买盘
1513,11:04:13,20.47,-0.01,5,10235,买盘
1514,11:04:16,20.45,-0.02,16,32732,卖盘
1515,11:04:19,20.46,0.01,9,18406,买盘
1516,11:04:22,20.46,0.0,10,20461,卖盘
1517,11:04:25,20.47,0.01,19,38865,买盘
1518,11:04:31,20.45,-0.02,41,83860,卖盘
1519,11:04:34,20.45,0.0,4,8180,买盘
1520,11:04:37,20.45,0.0,6,12270,买盘
1521,11:04:42,20.47,0.02,40,81805,买盘
1522,11:04:46,20.44,-0.03,8,16355,卖盘
1523,11:04:58,20.43,-0.01,10,20430,卖盘
1524,11:05:04,20.42,-0.01,15,30634,卖盘
1525,11:05:07,20.43,0.01,6,12262,卖盘
1526,11:05:13,20.43,0.0,20,40860,买盘
1527,11:05:16,20.45,0.02,130,265817,买盘
1528,11:05:19,20.45,0.0,5,10225,卖盘
1529,11:05:22,20.45,0.0,5,10225,卖盘
1530,11:05:25,20.45,0.0,79,161555,卖盘
1531,11:05:31,20.45,0.0,5,10225,买盘
1532,11:05:37,20.44,-0.01,1,2044,卖盘
1533,11:05:40,20.44,0.0,18,36792,卖盘
1534,11:05:43,20.43,-0.01,10,20430,卖盘
1535,11:05:46,20.45,0.02,84,171763,买盘
1536,11:05:52,20.45,0.0,111,226995,买盘
1537,11:05:55,20.45,0.0,10,20450,卖盘
1538,11:05:58,20.45,0.0,20,40900,卖盘
1539,11:06:04,20.43,-0.02,12,24530,卖盘
1540,11:06:07,20.43,0.0,11,22483,卖盘
1541,11:06:10,20.46,0.03,42,85919,买盘
1542,11:06:16,20.46,0.0,16,32736,卖盘
1543,11:06:28,20.47,0.01,1,2047,买盘
1544,11:06:31,20.46,-0.01,52,106402,卖盘
1545,11:06:34,20.46,0.0,8,16368,买盘
1546,11:06:37,20.46,0.0,21,42966,买盘
1547,11:06:40,20.45,-0.01,7,14316,卖盘
1548,11:06:43,20.45,0.0,6,12270,买盘
1549,11:06:46,20.45,0.0,5,10225,买盘
1550,11:06:49,20.45,0.0,3,6135,买盘
1551,11:06:55,20.45,0.0,6,12270,卖盘
1552,11:06:58,20.45,0.0,8,16360,买盘
1553,11:07:04,20.45,0.0,13,26590,卖盘
1554,11:07:07,20.46,0.01,16,32736,买盘
1555,11:07:10,20.45,-0.01,6,12270,卖盘
1556,11:07:13,20.45,0.0,17,34765,买盘
1557,11:07:16,20.45,0.0,12,24540,买盘
1558,11:07:19,20.45,0.0,2,4090,买盘
1559,11:07:22,20.45,0.0,43,87935,买盘
1560,11:07:25,20.45,0.0,21,42945,买盘
1561,11:07:28,20.44,-0.01,5,10222,中性盘
1562,11:07:31,20.45,0.01,1,2045,买盘
1563,11:07:37,20.44,-0.01,1,2044,卖盘
1564,11:07:40,20.45,0.01,1,2045,买盘
1565,11:07:43,20.45,0.0,2,4090,买盘
1566,11:07:46,20.45,0.0,48,98150,买盘
1567,11:07:49,20.45,0.0,3,6134,买盘
1568,11:07:55,20.44,-0.01,1,2044,卖盘
1569,11:07:58,20.43,-0.01,25,51087,卖盘
1570,11:08:01,20.45,0.02,3,6135,买盘
1571,11:08:04,20.43,-0.02,43,87856,卖盘
1572,11:08:10,20.41,-0.02,26,53088,卖盘
1573,11:08:13,20.42,0.01,2,4084,买盘
1574,11:08:16,20.41,-0.01,10,20410,卖盘
1575,11:08:25,20.42,0.01,36,73507,买盘
1576,11:08:28,20.41,-0.01,2,4082,卖盘
1577,11:08:31,20.41,0.0,8,16328,买盘
1578,11:08:34,20.4,-0.01,9,18360,卖盘
1579,11:08:40,20.4,0.0,8,16323,卖盘
1580,11:08:43,20.41,0.01,3,6123,买盘
1581,11:08:46,20.4,-0.01,11,22449,卖盘
1582,11:08:52,20.41,0.01,4,8164,卖盘
1583,11:08:55,20.41,0.0,21,42861,卖盘
1584,11:08:58,20.42,0.01,7,14292,买盘
1585,11:09:04,20.42,0.0,1,2042,买盘
1586,11:09:13,20.42,0.0,5,10210,买盘
1587,11:09:16,20.41,-0.01,19,38779,卖盘
1588,11:09:19,20.41,0.0,14,28574,买盘
1589,11:09:25,20.41,0.0,2,4082,买盘
1590,11:09:28,20.41,0.0,11,22451,买盘
1591,11:09:31,20.4,-0.01,29,59160,卖盘
1592,11:09:34,20.4,0.0,20,40802,卖盘
1593,11:09:37,20.4,0.0,1,2040,买盘
1594,11:09:40,20.4,0.0,22,44880,买盘
1595,11:09:46,20.4,0.0,17,34680,买盘
1596,11:09:49,20.4,0.0,5,10200,买盘
1597,11:09:52,20.39,-0.01,22,44875,卖盘
1598,11:09:58,20.4,0.01,2,4080,买盘
1599,11:10:01,20.39,-0.01,6,12234,卖盘
1600,11:10:04,20.4,0.01,14,28550,买盘
1601,11:10:10,20.4,0.0,1,2040,卖盘
1602,11:10:13,20.4,0.0,14,28562,卖盘
1603,11:10:16,20.4,0.0,7,14285,卖盘
1604,11:10:19,20.4,0.0,1,2040,卖盘
1605,11:10:22,20.39,-0.01,11,22429,卖盘
1606,11:10:28,20.39,0.0,6,12234,买盘
1607,11:10:31,20.39,0.0,7,14273,买盘
1608,11:10:33,20.39,0.0,5,10195,买盘
1609,11:10:37,20.39,0.0,1,2039,买盘
1610,11:10:43,20.39,0.0,50,102004,卖盘
1611,11:10:46,20.4,0.01,3,6120,买盘
1612,11:10:55,20.41,0.01,14,28567,买盘
1613,11:10:58,20.39,-0.02,8,16317,卖盘
1614,11:11:04,20.39,0.0,9,18354,卖盘
1615,11:11:07,20.41,0.02,3,6122,买盘
1616,11:11:13,20.39,-0.02,5,10196,卖盘
1617,11:11:19,20.4,0.01,3,6120,卖盘
1618,11:11:25,20.41,0.01,32,65312,买盘
1619,11:11:28,20.41,0.0,1,2041,买盘
1620,11:11:42,20.42,0.01,6,12252,买盘
1621,11:11:46,20.41,-0.01,16,32656,卖盘
1622,11:11:49,20.42,0.01,8,16332,买盘
1623,11:11:58,20.42,0.0,3,6126,买盘
1624,11:12:00,20.42,0.0,1,2042,买盘
1625,11:12:04,20.42,0.0,10,20420,买盘
1626,11:12:07,20.42,0.0,9,18378,买盘
1627,11:12:10,20.42,0.0,30,61260,卖盘
1628,11:12:13,20.42,0.0,10,20420,卖盘
1629,11:12:19,20.42,0.0,10,20420,卖盘
1630,11:12:28,20.43,0.01,1,2043,买盘
1631,11:12:31,20.43,0.0,6,12258,买盘
1632,11:12:40,20.42,-0.01,1,2042,卖盘
1633,11:12:43,20.43,0.01,9,18387,买盘
1634,11:12:49,20.43,0.0,15,30635,买盘
1635,11:12:55,20.42,-0.01,13,26549,卖盘
1636,11:12:58,20.43,0.01,136,277848,买盘
1637,11:13:04,20.43,0.0,61,124623,卖盘
1638,11:13:07,20.44,0.01,18,36792,买盘
1639,11:13:09,20.44,0.0,15,30660,买盘
1640,11:13:13,20.44,0.0,1,2044,买盘
1641,11:13:16,20.44,0.0,10,20440,卖盘
1642,11:13:22,20.45,0.01,18,36805,买盘
1643,11:13:25,20.45,0.0,7,14315,买盘
1644,11:13:28,20.45,0.0,12,24540,买盘
1645,11:13:31,20.45,0.0,1,2045,买盘
1646,11:13:37,20.45,0.0,1,2045,卖盘
1647,11:13:40,20.46,0.01,6,12276,买盘
1648,11:13:49,20.46,0.0,7,14332,中性盘
1649,11:13:52,20.48,0.02,5,10240,买盘
1650,11:13:58,20.48,0.0,9,18432,卖盘
1651,11:14:04,20.49,0.01,5,10245,买盘
1652,11:14:10,20.5,0.01,3,6150,买盘
1653,11:14:16,20.5,0.0,4,8200,买盘
1654,11:14:19,20.5,0.0,72,147600,买盘
1655,11:14:28,20.51,0.01,5,10255,卖盘
1656,11:14:31,20.54,0.03,1,2054,买盘
1657,11:14:34,20.54,0.0,9,19513,买盘
1658,11:14:40,20.54,0.0,2,4108,卖盘
1659,11:14:43,20.54,0.0,1,2054,卖盘
1660,11:14:46,20.55,0.01,6,12329,买盘
1661,11:14:49,20.54,-0.01,25,51372,卖盘
1662,11:14:52,20.54,0.0,1,2054,卖盘
1663,11:14:55,20.55,0.01,2,4110,买盘
1664,11:14:58,20.54,-0.01,68,138672,卖盘
1665,11:15:01,20.54,0.0,78,160212,买盘
1666,11:15:04,20.53,-0.01,7,14370,中性盘
1667,11:15:07,20.53,0.0,40,82147,买盘
1668,11:15:10,20.53,0.0,25,51284,买盘
1669,11:15:13,20.53,0.0,18,36936,买盘
1670,11:15:16,20.5,-0.03,33,67659,卖盘
1671,11:15:22,20.49,-0.01,15,30735,卖盘
1672,11:15:25,20.53,0.04,66,135323,买盘
1673,11:15:27,20.5,-0.03,1,2050,卖盘
1674,11:15:31,20.5,0.0,3,6150,卖盘
1675,11:15:34,20.5,0.0,5,10250,卖盘
1676,11:15:37,20.5,0.0,12,24603,卖盘
1677,11:15:40,20.5,0.0,88,180400,卖盘
1678,11:15:43,20.5,0.0,22,45100,卖盘
1679,11:15:46,20.5,0.0,8,16400,买盘
1680,11:15:55,20.49,-0.01,1,2049,卖盘
1681,11:16:04,20.49,0.0,11,22539,卖盘
1682,11:16:10,20.48,-0.01,2,4096,卖盘
1683,11:16:12,20.49,0.01,3,6147,买盘
1684,11:16:15,20.48,-0.01,4,8192,卖盘
1685,11:16:18,20.49,0.01,1,2049,买盘
1686,11:16:22,20.48,-0.01,1,2048,卖盘
1687,11:16:28,20.49,0.01,18,36882,买盘
1688,11:16:31,20.48,-0.01,5,10240,卖盘
1689,11:16:45,20.48,0.0,1,2048,卖盘
1690,11:16:49,20.49,0.01,10,20490,买盘
1691,11:16:52,20.49,0.0,22,45058,买盘
1692,11:16:55,20.5,0.01,60,122993,买盘
1693,11:17:04,20.49,-0.01,1,2049,中性盘
1694,11:17:10,20.49,0.0,1,2049,卖盘
1695,11:17:18,20.48,-0.01,6,12292,卖盘
1696,11:17:31,20.46,-0.02,6,12282,卖盘
1697,11:17:34,20.45,-0.01,8,16361,卖盘
1698,11:17:40,20.48,0.03,4,8192,买盘
1699,11:17:52,20.48,0.0,2,4096,买盘
1700,11:17:58,20.48,0.0,1,2048,买盘
1701,11:18:01,20.46,-0.02,41,83906,卖盘
1702,11:18:07,20.45,-0.01,4,8180,卖盘
1703,11:18:19,20.46,0.01,9,18414,买盘
1704,11:18:24,20.45,-0.01,2,4090,卖盘
1705,11:18:31,20.45,0.0,6,12270,卖盘
1706,11:18:40,20.43,-0.02,3,6133,卖盘
1707,11:18:49,20.45,0.02,1,2045,买盘
1708,11:18:52,20.45,0.0,1,2045,买盘
1709,11:18:58,20.43,-0.02,64,130756,卖盘
1710,11:19:01,20.43,0.0,1,2043,买盘
1711,11:19:04,20.43,0.0,10,20430,买盘
1712,11:19:07,20.45,0.02,10,20444,买盘
1713,11:19:10,20.42,-0.03,34,69458,卖盘
1714,11:19:16,20.45,0.03,9,18405,买盘
1715,11:19:19,20.45,0.0,2,4090,买盘
1716,11:19:25,20.4,-0.05,49,99996,卖盘
1717,11:19:34,20.4,0.0,2,4080,买盘
1718,11:19:40,20.39,-0.01,1,2039,卖盘
1719,11:19:43,20.39,0.0,11,22431,卖盘
1720,11:19:49,20.39,0.0,2,4078,卖盘
1721,11:19:55,20.4,0.01,3,6120,买盘
1722,11:19:58,20.39,-0.01,9,18351,卖盘
1723,11:20:04,20.39,0.0,3,6118,卖盘
1724,11:20:13,20.4,0.01,19,38742,买盘
1725,11:20:16,20.39,-0.01,1,2039,卖盘
1726,11:20:19,20.4,0.01,13,26511,买盘
1727,11:20:22,20.39,-0.01,3,6117,卖盘
1728,11:20:25,20.39,0.0,1,2039,买盘
1729,11:20:28,20.4,0.01,24,48941,买盘
1730,11:20:34,20.39,-0.01,10,20395,卖盘
1731,11:20:43,20.38,-0.01,120,244774,卖盘
1732,11:20:46,20.39,0.01,2,4078,买盘
1733,11:20:49,20.37,-0.02,112,228240,卖盘
1734,11:20:55,20.37,0.0,66,134392,买盘
1735,11:20:58,20.37,0.0,11,22407,买盘
1736,11:21:10,20.36,-0.01,4,8144,卖盘
1737,11:21:16,20.36,0.0,3,6108,买盘
1738,11:21:19,20.35,-0.01,61,124135,卖盘
1739,11:21:22,20.35,0.0,15,30525,买盘
1740,11:21:25,20.34,-0.01,3,6102,卖盘
1741,11:21:28,20.34,0.0,9,18306,买盘
1742,11:21:31,20.34,0.0,17,34574,买盘
1743,11:21:40,20.32,-0.02,55,111812,卖盘
1744,11:21:49,20.32,0.0,2,4064,买盘
1745,11:21:52,20.32,0.0,1,2032,买盘
1746,11:21:55,20.3,-0.02,97,196931,卖盘
1747,11:21:58,20.3,0.0,12,24351,买盘
1748,11:22:01,20.29,-0.01,94,190727,卖盘
1749,11:22:07,20.29,0.0,1,2029,买盘
1750,11:22:10,20.28,-0.01,6,12173,卖盘
1751,11:22:13,20.29,0.01,3,6085,买盘
1752,11:22:16,20.29,0.0,14,28394,买盘
1753,11:22:19,20.28,-0.01,12,24336,卖盘
1754,11:22:25,20.29,0.01,113,229266,买盘
1755,11:22:28,20.26,-0.03,71,143879,卖盘
1756,11:22:31,20.26,0.0,2,4052,买盘
1757,11:22:34,20.28,0.02,227,460236,买盘
1758,11:22:40,20.25,-0.03,77,155988,卖盘
1759,11:22:43,20.22,-0.03,226,457254,卖盘
1760,11:22:46,20.22,0.0,7,15162,买盘
1761,11:22:55,20.25,0.03,16,31391,卖盘
1762,11:22:58,20.28,0.03,11,22294,买盘
1763,11:23:07,20.27,-0.01,1,2027,卖盘
1764,11:23:13,20.28,0.01,12,24336,买盘
1765,11:23:19,20.27,-0.01,8,16216,中性盘
1766,11:23:25,20.27,0.0,22,44594,买盘
1767,11:23:28,20.27,0.0,13,26351,买盘
1768,11:23:31,20.27,0.0,15,30404,买盘
1769,11:23:34,20.27,0.0,1,2027,买盘
1770,11:23:37,20.26,-0.01,19,38498,卖盘
1771,11:23:40,20.26,0.0,9,18234,买盘
1772,11:23:43,20.26,0.0,13,26338,买盘
1773,11:23:46,20.26,0.0,1,2026,买盘
1774,11:23:49,20.26,0.0,9,18234,买盘
1775,11:23:52,20.26,0.0,40,80994,买盘
1776,11:23:58,20.26,0.0,58,117494,卖盘
1777,11:24:04,20.26,0.0,8,16208,卖盘
1778,11:24:07,20.27,0.01,10,20262,买盘
1779,11:24:10,20.27,0.0,9,18238,买盘
1780,11:24:13,20.27,0.0,1,2027,买盘
1781,11:24:16,20.27,0.0,12,24324,买盘
1782,11:24:18,20.27,0.0,25,50675,买盘
1783,11:24:22,20.27,0.0,1,2027,卖盘
1784,11:24:28,20.27,0.0,54,109511,卖盘
1785,11:24:31,20.28,0.01,9,18252,买盘
1786,11:24:33,20.28,0.0,16,32448,买盘
1787,11:24:37,20.28,0.0,38,78078,买盘
1788,11:24:43,20.29,0.01,1,2029,卖盘
1789,11:24:49,20.32,0.03,9,18288,买盘
1790,11:24:52,20.34,0.02,7,14230,买盘
1791,11:24:58,20.35,0.01,5,10175,买盘
1792,11:25:10,20.35,0.0,10,20350,卖盘
1793,11:25:22,20.4,0.05,18,36699,买盘
1794,11:25:37,20.43,0.03,6,12255,买盘
1795,11:25:42,20.38,-0.05,7,14278,卖盘
1796,11:25:45,20.4,0.02,12,24480,买盘
1797,11:25:52,20.4,0.0,8,16320,买盘
1798,11:25:55,20.4,0.0,1,2040,买盘
1799,11:26:01,20.4,0.0,10,20400,卖盘
1800,11:26:04,20.4,0.0,1,2040,卖盘
1801,11:26:07,20.43,0.03,5,10214,买盘
1802,11:26:10,20.4,-0.03,15,30600,卖盘
1803,11:26:21,20.42,0.02,20,40886,卖盘
1804,11:26:25,20.43,0.01,8,16341,买盘
1805,11:26:28,20.4,-0.03,50,102005,卖盘
1806,11:26:31,20.43,0.03,15,30645,买盘
1807,11:26:34,20.45,0.02,1,2045,买盘
1808,11:26:40,20.45,0.0,1,2045,买盘
1809,11:26:48,20.45,0.0,7,14315,买盘
1810,11:27:04,20.46,0.01,50,102256,买盘
1811,11:27:06,20.46,0.0,21,42966,卖盘
1812,11:27:10,20.46,0.0,1,2046,卖盘
1813,11:27:16,20.48,0.02,9,18432,买盘
1814,11:27:22,20.46,-0.02,41,83886,卖盘
1815,11:27:28,20.48,0.02,12,24569,买盘
1816,11:27:40,20.48,0.0,5,10240,买盘
1817,11:27:43,20.48,0.0,33,67564,买盘
1818,11:27:52,20.49,0.01,23,47127,买盘
1819,11:27:55,20.49,0.0,3,6147,买盘
1820,11:28:04,20.49,0.0,3,6147,买盘
1821,11:28:13,20.48,-0.01,42,86033,卖盘
1822,11:28:22,20.49,0.01,13,26642,卖盘
1823,11:28:28,20.5,0.01,2,4100,买盘
1824,11:28:40,20.5,0.0,1,2050,买盘
1825,11:28:42,20.5,0.0,56,114798,买盘
1826,11:28:52,20.52,0.02,1,2052,买盘
1827,11:28:57,20.5,-0.02,46,94329,卖盘
1828,11:29:10,20.52,0.02,1,2052,中性盘
1829,11:29:13,20.52,0.0,6,12317,卖盘
1830,11:29:16,20.53,0.01,7,14371,买盘
1831,11:29:22,20.54,0.01,6,12324,买盘
1832,11:29:34,20.53,-0.01,8,16424,卖盘
1833,11:29:37,20.52,-0.01,11,22592,卖盘
1834,11:29:40,20.53,0.01,6,12318,卖盘
1835,11:29:48,20.56,0.03,81,166461,买盘
1836,11:29:57,20.52,-0.04,1,2052,卖盘
1837,11:30:01,20.52,0.0,9,18468,买盘
1838,11:30:04,20.56,0.04,96,197376,买盘
1839,13:00:05,20.56,0.0,13,26725,买盘
1840,13:00:07,20.56,0.0,172,353534,卖盘
1841,13:00:10,20.56,0.0,1,2056,卖盘
1842,13:00:22,20.56,0.0,2,4112,卖盘
1843,13:00:31,20.56,0.0,1,2056,卖盘
1844,13:00:40,20.56,0.0,7,14392,卖盘
1845,13:00:43,20.57,0.01,29,59632,买盘
1846,13:00:49,20.57,0.0,1,2057,卖盘
1847,13:00:58,20.58,0.01,22,45276,买盘
1848,13:01:04,20.58,0.0,5,10290,买盘
1849,13:01:19,20.58,0.0,15,30870,买盘
1850,13:01:22,20.58,0.0,10,20580,卖盘
1851,13:01:40,20.58,0.0,1,2058,卖盘
1852,13:01:43,20.59,0.01,2,4117,买盘
1853,13:01:49,20.58,-0.01,10,20585,卖盘
1854,13:01:52,20.58,0.0,10,20580,卖盘
1855,13:02:07,20.59,0.01,2,4118,买盘
1856,13:02:10,20.58,-0.01,1,2058,卖盘
1857,13:02:16,20.58,0.0,33,67914,卖盘
1858,13:02:18,20.59,0.01,6,12354,买盘
1859,13:02:24,20.58,-0.01,5,10290,卖盘
1860,13:02:28,20.59,0.01,10,20590,买盘
1861,13:02:30,20.58,-0.01,5,10290,卖盘
1862,13:02:33,20.58,0.0,21,43220,卖盘
1863,13:02:46,20.58,0.0,13,26754,卖盘
1864,13:02:57,20.58,0.0,10,20580,卖盘
1865,13:03:04,20.59,0.01,102,209918,买盘
1866,13:03:13,20.52,-0.07,1,2052,卖盘
1867,13:03:25,20.52,0.0,5,10260,买盘
1868,13:03:34,20.56,0.04,3,6168,卖盘
1869,13:04:18,20.57,0.01,9,18507,买盘
1870,13:04:31,20.53,-0.04,8,16436,卖盘
1871,13:04:43,20.52,-0.01,1,2052,卖盘
1872,13:04:48,20.53,0.01,1,2053,买盘
1873,13:04:52,20.51,-0.02,14,28722,卖盘
1874,13:05:10,20.51,0.0,1,2051,卖盘
1875,13:05:16,20.53,0.02,11,22573,买盘
1876,13:05:18,20.5,-0.03,3,6150,卖盘
1877,13:05:34,20.5,0.0,26,53300,卖盘
1878,13:05:40,20.49,-0.01,3,6147,卖盘
1879,13:05:43,20.5,0.01,5,10246,买盘
1880,13:05:54,20.49,-0.01,2,4098,买盘
1881,13:06:00,20.48,-0.01,3,6144,卖盘
1882,13:06:07,20.47,-0.01,4,8188,卖盘
1883,13:06:10,20.46,-0.01,21,42966,卖盘
1884,13:06:25,20.49,0.03,6,12288,买盘
1885,13:06:31,20.45,-0.04,22,45001,卖盘
1886,13:06:34,20.46,0.01,11,22502,买盘
1887,13:06:37,20.46,0.0,9,18414,卖盘
1888,13:06:43,20.5,0.04,40,81969,买盘
1889,13:06:58,20.48,-0.02,16,32697,买盘
1890,13:07:04,20.42,-0.06,25,51050,卖盘
1891,13:07:12,20.42,0.0,3,6126,买盘
1892,13:07:19,20.43,0.01,6,12258,卖盘
1893,13:07:31,20.42,-0.01,7,14291,买盘
1894,13:07:40,20.41,-0.01,20,40841,卖盘
1895,13:07:43,20.4,-0.01,74,150970,卖盘
1896,13:07:51,20.39,-0.01,39,79573,卖盘
1897,13:07:58,20.41,0.02,7,14287,卖盘
1898,13:08:04,20.39,-0.02,24,48946,卖盘
1899,13:08:10,20.4,0.01,1,2040,中性盘
1900,13:08:31,20.41,0.01,1,2041,买盘
1901,13:08:34,20.39,-0.02,1,2039,卖盘
1902,13:08:37,20.39,0.0,17,34663,卖盘
1903,13:08:46,20.39,0.0,3,6117,买盘
1904,13:08:49,20.38,-0.01,9,18342,卖盘
1905,13:08:52,20.38,0.0,1,2038,买盘
1906,13:08:57,20.37,-0.01,4,8149,卖盘
1907,13:09:00,20.38,0.01,5,10190,买盘
1908,13:09:06,20.38,0.0,1,2038,买盘
1909,13:09:10,20.38,0.0,5,10190,买盘
1910,13:09:12,20.38,0.0,5,10190,卖盘
1911,13:09:16,20.38,0.0,4,8152,卖盘
1912,13:09:19,20.39,0.01,2,4078,买盘
1913,13:09:22,20.39,0.0,1,2039,买盘
1914,13:09:24,20.39,0.0,19,38741,买盘
1915,13:09:30,20.39,0.0,4,8156,卖盘
1916,13:09:34,20.41,0.02,1,2041,买盘
1917,13:09:39,20.41,0.0,1,2041,买盘
1918,13:09:43,20.41,0.0,5,10205,买盘
1919,13:09:46,20.41,0.0,2,4082,买盘
1920,13:10:01,20.44,0.03,3,6132,买盘
1921,13:10:10,20.45,0.01,31,63395,买盘
1922,13:10:15,20.45,0.0,25,51125,买盘
1923,13:10:22,20.46,0.01,11,22505,买盘
1924,13:10:28,20.45,-0.01,27,55218,卖盘
1925,13:10:37,20.46,0.01,7,14319,买盘
1926,13:10:40,20.46,0.0,4,8184,卖盘
1927,13:10:46,20.49,0.03,12,24579,买盘
1928,13:10:52,20.46,-0.03,1,2046,卖盘
1929,13:11:04,20.49,0.03,8,16392,买盘
1930,13:11:07,20.5,0.01,8,16400,买盘
1931,13:11:10,20.49,-0.01,2,4098,卖盘
1932,13:11:15,20.49,0.0,19,38895,买盘
1933,13:11:25,20.46,-0.03,10,20460,卖盘
1934,13:11:28,20.49,0.03,1,2049,买盘
1935,13:11:37,20.49,0.0,8,16392,卖盘
1936,13:12:10,20.49,0.0,8,16392,卖盘
1937,13:12:19,20.49,0.0,2,4098,买盘
1938,13:12:25,20.48,-0.01,4,8194,卖盘
1939,13:12:28,20.48,0.0,4,8192,买盘
1940,13:12:31,20.49,0.01,34,69666,买盘
1941,13:12:40,20.5,0.01,1,2050,买盘
1942,13:12:51,20.49,-0.01,10,20490,卖盘
1943,13:12:55,20.5,0.01,2,4100,买盘
1944,13:12:58,20.5,0.0,2,4100,买盘
1945,13:13:01,20.5,0.0,3,6150,买盘
1946,13:13:07,20.49,-0.01,10,20490,卖盘
1947,13:13:13,20.49,0.0,41,84009,卖盘
1948,13:13:16,20.49,0.0,1,2049,卖盘
1949,13:13:22,20.49,0.0,1,2049,卖盘
1950,13:13:43,20.48,-0.01,92,188418,卖盘
1951,13:13:49,20.48,0.0,6,12288,卖盘
1952,13:14:13,20.48,0.0,19,38910,买盘
1953,13:14:18,20.45,-0.03,12,24540,卖盘
1954,13:14:28,20.46,0.01,3,6138,买盘
1955,13:14:31,20.45,-0.01,5,10225,卖盘
1956,13:15:04,20.45,0.0,22,44990,卖盘
1957,13:15:22,20.45,0.0,3,6135,卖盘
1958,13:15:42,20.45,0.0,33,67485,卖盘
1959,13:15:45,20.46,0.01,6,12271,买盘
1960,13:15:48,20.46,0.0,23,47048,买盘
1961,13:15:58,20.46,0.0,2,4092,买盘
1962,13:16:01,20.45,-0.01,2,4090,卖盘
1963,13:16:07,20.45,0.0,11,22495,卖盘
1964,13:16:16,20.46,0.01,31,63401,买盘
1965,13:16:34,20.46,0.0,2,4092,买盘
1966,13:16:36,20.45,-0.01,7,14315,卖盘
1967,13:16:39,20.46,0.01,3,6138,买盘
1968,13:16:46,20.45,-0.01,70,143150,卖盘
1969,13:16:52,20.46,0.01,25,51150,买盘
1970,13:16:58,20.46,0.0,12,24544,买盘
1971,13:17:01,20.44,-0.02,2,4088,卖盘
1972,13:17:10,20.44,0.0,3,6132,卖盘
1973,13:17:15,20.43,-0.01,15,30657,卖盘
1974,13:17:21,20.45,0.02,3,6134,买盘
1975,13:17:24,20.46,0.01,2,4092,买盘
1976,13:17:28,20.45,-0.01,1,2045,卖盘
1977,13:17:31,20.45,0.0,3,6135,卖盘
1978,13:17:37,20.43,-0.02,7,14301,卖盘
1979,13:17:46,20.43,0.0,1,2043,买盘
1980,13:17:57,20.41,-0.02,23,46958,卖盘
1981,13:18:13,20.41,0.0,7,14292,卖盘
1982,13:18:19,20.41,0.0,8,16328,买盘
1983,13:18:22,20.43,0.02,31,63293,买盘
1984,13:18:25,20.43,0.0,4,8172,卖盘
1985,13:18:34,20.43,0.0,16,32688,卖盘
1986,13:18:49,20.42,-0.01,1,2042,买盘
1987,13:18:52,20.43,0.01,11,22464,买盘
1988,13:18:58,20.42,-0.01,2,4084,买盘
1989,13:19:04,20.42,0.0,2,4084,买盘
1990,13:19:07,20.42,0.0,4,8168,卖盘
1991,13:19:16,20.43,0.01,3,6129,买盘
1992,13:19:22,20.43,0.0,1,2043,买盘
1993,13:19:31,20.42,-0.01,6,12252,卖盘
1994,13:19:33,20.42,0.0,2,4084,卖盘
1995,13:19:37,20.43,0.01,5,10215,买盘
1996,13:19:40,20.42,-0.01,11,22469,卖盘
1997,13:19:45,20.43,0.01,2,4086,买盘
1998,13:20:13,20.44,0.01,11,22484,买盘
1999,13:20:16,20.43,-0.01,6,12263,卖盘
2000,13:20:25,20.43,0.0,10,20430,买盘
2001,13:20:31,20.43,0.0,2,4086,买盘
2002,13:20:34,20.42,-0.01,31,63302,卖盘
2003,13:20:37,20.42,0.0,9,18378,买盘
2004,13:20:43,20.42,0.0,1,2042,买盘
2005,13:20:46,20.42,0.0,2,4084,买盘
2006,13:21:01,20.42,0.0,6,12252,买盘
2007,13:21:10,20.42,0.0,20,40840,买盘
2008,13:21:22,20.42,0.0,6,12252,卖盘
2009,13:21:25,20.42,0.0,2,4084,卖盘
2010,13:21:34,20.42,0.0,28,57176,卖盘
2011,13:21:40,20.42,0.0,4,8168,买盘
2012,13:21:45,20.42,0.0,32,65344,买盘
2013,13:21:49,20.41,-0.01,7,14287,卖盘
2014,13:21:52,20.42,0.01,10,20420,买盘
2015,13:22:01,20.42,0.0,3,6126,买盘
2016,13:22:04,20.42,0.0,2,4084,买盘
2017,13:22:09,20.42,0.0,13,26546,买盘
2018,13:22:13,20.42,0.0,14,28585,买盘
2019,13:22:19,20.42,0.0,5,10210,买盘
2020,13:22:22,20.41,-0.01,3,6123,卖盘
2021,13:22:25,20.42,0.01,6,12252,买盘
2022,13:22:28,20.42,0.0,10,20420,买盘
2023,13:22:31,20.42,0.0,1,2042,买盘
2024,13:22:37,20.41,-0.01,3,6125,卖盘
2025,13:22:40,20.42,0.01,45,91890,买盘
2026,13:22:49,20.42,0.0,3,6126,卖盘
2027,13:22:52,20.43,0.01,5,10215,买盘
2028,13:23:04,20.43,0.0,20,40860,卖盘
2029,13:23:16,20.43,0.0,3,6129,卖盘
2030,13:23:19,20.43,0.0,1,2043,卖盘
2031,13:23:22,20.43,0.0,2,4086,买盘
2032,13:23:25,20.43,0.0,5,10215,买盘
2033,13:23:28,20.45,0.02,10,20432,买盘
2034,13:23:39,20.45,0.0,3,6135,买盘
2035,13:23:43,20.45,0.0,4,8180,买盘
2036,13:23:46,20.45,0.0,8,16360,买盘
2037,13:23:52,20.45,0.0,11,22495,买盘
2038,13:23:55,20.45,0.0,2,4090,买盘
2039,13:24:04,20.44,-0.01,34,69520,卖盘
2040,13:24:10,20.44,0.0,3,6132,买盘
2041,13:24:13,20.44,0.0,3,6132,买盘
2042,13:24:16,20.46,0.02,10,20460,买盘
2043,13:24:22,20.46,0.0,4,8186,卖盘
2044,13:24:31,20.48,0.02,30,61427,买盘
2045,13:24:40,20.49,0.01,25,51225,买盘
2046,13:24:46,20.5,0.01,3,6150,买盘
2047,13:24:49,20.5,0.0,87,178350,买盘
2048,13:24:58,20.5,0.0,1,2050,买盘
2049,13:25:01,20.49,-0.01,1,2049,卖盘
2050,13:25:04,20.5,0.01,9,18450,买盘
2051,13:25:07,20.5,0.0,63,129150,买盘
2052,13:25:19,20.52,0.02,2,4104,买盘
2053,13:25:22,20.55,0.03,4,8218,买盘
2054,13:25:34,20.58,0.03,37,76102,买盘
2055,13:25:43,20.56,-0.02,16,32920,卖盘
2056,13:25:46,20.58,0.02,5,10290,买盘
2057,13:25:49,20.59,0.01,5,10295,买盘
2058,13:25:52,20.58,-0.01,1,2058,卖盘
2059,13:25:54,20.6,0.02,96,197666,买盘
2060,13:26:04,20.6,0.0,6,12360,买盘
2061,13:26:10,20.6,0.0,6,12360,买盘
2062,13:26:13,20.6,0.0,20,41200,买盘
2063,13:26:16,20.6,0.0,2,4120,买盘
2064,13:26:28,20.61,0.01,16,32962,买盘
2065,13:26:31,20.61,0.0,5,10305,买盘
2066,13:26:37,20.61,0.0,5,10305,买盘
2067,13:26:43,20.61,0.0,8,16488,买盘
2068,13:26:46,20.61,0.0,1,2061,卖盘
2069,13:26:49,20.61,0.0,2,4122,卖盘
2070,13:26:52,20.61,0.0,2,4122,卖盘
2071,13:26:55,20.67,0.06,43,88829,买盘
2072,13:26:58,20.66,-0.01,5,10330,卖盘
2073,13:27:04,20.67,0.01,24,49608,买盘
2074,13:27:13,20.68,0.01,2,4136,买盘
2075,13:27:16,20.68,0.0,41,84788,买盘
2076,13:27:18,20.67,-0.01,5,10335,卖盘
2077,13:27:22,20.67,0.0,32,66144,买盘
2078,13:27:25,20.68,0.01,46,95127,买盘
2079,13:27:28,20.68,0.0,13,26884,买盘
2080,13:27:31,20.67,-0.01,27,55809,卖盘
2081,13:27:34,20.67,0.0,1,2067,卖盘
2082,13:27:37,20.68,0.01,14,28952,买盘
2083,13:27:46,20.68,0.0,1,2068,卖盘
2084,13:27:49,20.69,0.01,7,14486,买盘
2085,13:28:01,20.7,0.01,20,41400,买盘
2086,13:28:04,20.72,0.02,13,26920,买盘
2087,13:28:13,20.72,0.0,3,6216,买盘
2088,13:28:19,20.78,0.06,19,38369,买盘
2089,13:28:27,20.78,0.0,6,12468,买盘
2090,13:28:30,20.72,-0.06,24,49807,卖盘
2091,13:28:37,20.78,0.06,48,99746,买盘
2092,13:28:40,20.72,-0.06,91,189633,卖盘
2093,13:28:43,20.78,0.06,27,55028,买盘
2094,13:28:46,20.79,0.01,23,47791,买盘
2095,13:28:52,20.78,-0.01,55,114333,卖盘
2096,13:28:55,20.75,-0.03,3,6225,买盘
2097,13:28:58,20.79,0.04,110,228298,买盘
2098,13:29:01,20.8,0.01,3,6239,买盘
2099,13:29:07,20.78,-0.02,7,14546,买盘
2100,13:29:10,20.79,0.01,21,43641,买盘
2101,13:29:13,20.8,0.01,81,168400,买盘
2102,13:29:16,20.78,-0.02,15,31172,中性盘
2103,13:29:19,20.78,0.0,1,2078,买盘
2104,13:29:22,20.77,-0.01,37,76931,中性盘
2105,13:29:25,20.8,0.03,8,16648,中性盘
2106,13:29:28,20.79,-0.01,30,62350,买盘
2107,13:29:31,20.78,-0.01,2,4156,中性盘
2108,13:29:34,20.78,0.0,2,4156,买盘
2109,13:29:37,20.77,-0.01,61,126697,卖盘
2110,13:29:40,20.77,0.0,35,72693,买盘
2111,13:29:43,20.77,0.0,2,4154,买盘
2112,13:29:46,20.77,0.0,2,4154,买盘
2113,13:29:49,20.75,-0.02,1,2075,卖盘
2114,13:29:55,20.77,0.02,4,8304,买盘
2115,13:29:58,20.78,0.01,10,20773,买盘
2116,13:30:04,20.77,-0.01,8,16616,中性盘
2117,13:30:15,20.76,-0.01,30,62279,买盘
2118,13:30:25,20.73,-0.03,1,2073,卖盘
2119,13:30:34,20.73,0.0,70,145110,卖盘
2120,13:30:40,20.75,0.02,20,41498,买盘
2121,13:30:43,20.73,-0.02,8,16582,卖盘
2122,13:30:49,20.72,-0.01,6,12432,卖盘
2123,13:30:55,20.72,0.0,2,4144,买盘
2124,13:30:57,20.73,0.01,32,66308,买盘
2125,13:31:04,20.7,-0.03,5,10350,卖盘
2126,13:31:06,20.7,0.0,8,16560,卖盘
2127,13:31:16,20.7,0.0,19,39330,卖盘
2128,13:31:19,20.7,0.0,3,6210,卖盘
2129,13:31:27,20.69,-0.01,1,2069,卖盘
2130,13:31:37,20.69,0.0,1,2069,卖盘
2131,13:31:40,20.69,0.0,30,62070,卖盘
2132,13:31:43,20.69,0.0,7,14483,卖盘
2133,13:31:46,20.68,-0.01,7,14476,卖盘
2134,13:31:52,20.68,0.0,6,12408,卖盘
2135,13:31:54,20.68,0.0,13,26884,卖盘
2136,13:31:57,20.68,0.0,1,2068,卖盘
2137,13:32:01,20.68,0.0,10,20680,卖盘
2138,13:32:16,20.66,-0.02,1,2066,卖盘
2139,13:32:18,20.66,0.0,1,2066,卖盘
2140,13:32:34,20.67,0.01,15,31000,买盘
2141,13:32:37,20.67,0.0,1,2067,买盘
2142,13:32:40,20.67,0.0,3,6201,买盘
2143,13:32:55,20.67,0.0,5,10335,卖盘
2144,13:33:01,20.67,0.0,1,2067,卖盘
2145,13:33:07,20.67,0.0,2,4134,卖盘
2146,13:33:10,20.67,0.0,8,16536,买盘
2147,13:33:19,20.66,-0.01,5,10332,卖盘
2148,13:33:28,20.66,0.0,1,2066,卖盘
2149,13:33:34,20.66,0.0,13,26855,买盘
2150,13:34:07,20.66,0.0,5,10330,买盘
2151,13:34:12,20.66,0.0,10,20660,买盘
2152,13:34:15,20.66,0.0,2,4132,买盘
2153,13:34:18,20.66,0.0,1,2066,买盘
2154,13:34:34,20.65,-0.01,16,33053,卖盘
2155,13:34:43,20.65,0.0,1,2065,买盘
2156,13:34:45,20.65,0.0,9,18585,买盘
2157,13:35:04,20.64,-0.01,21,43304,买盘
2158,13:35:13,20.64,0.0,16,33024,买盘
2159,13:35:19,20.63,-0.01,7,14441,卖盘
2160,13:35:22,20.63,0.0,4,8252,买盘
2161,13:35:24,20.63,0.0,4,8252,买盘
2162,13:35:33,20.63,0.0,1,2063,买盘
2163,13:35:43,20.63,0.0,3,6189,买盘
2164,13:35:51,20.63,0.0,1,2063,卖盘
2165,13:36:07,20.63,0.0,26,53638,卖盘
2166,13:36:10,20.64,0.01,20,41263,买盘
2167,13:36:19,20.63,-0.01,3,6189,买盘
2168,13:36:30,20.63,0.0,21,43322,买盘
2169,13:36:37,20.63,0.0,7,14438,买盘
2170,13:36:40,20.65,0.02,13,26828,买盘
2171,13:36:45,20.62,-0.03,6,12375,卖盘
2172,13:36:52,20.62,0.0,39,80421,卖盘
2173,13:36:58,20.62,0.0,1,2062,卖盘
2174,13:37:04,20.63,0.01,1,2063,中性盘
2175,13:37:07,20.62,-0.01,1,2062,卖盘
2176,13:37:10,20.64,0.02,9,18573,买盘
2177,13:37:22,20.64,0.0,1,2064,卖盘
2178,13:37:25,20.65,0.01,3,6195,买盘
2179,13:37:31,20.64,-0.01,2,4128,卖盘
2180,13:37:37,20.64,0.0,1,2064,买盘
2181,13:37:45,20.64,0.0,4,8256,买盘
2182,13:37:48,20.64,0.0,40,82560,买盘
2183,13:38:18,20.63,-0.01,21,43313,买盘
2184,13:38:49,20.62,-0.01,3,6186,卖盘
2185,13:39:04,20.63,0.01,3,6189,买盘
2186,13:39:07,20.63,0.0,6,12378,买盘
2187,13:39:19,20.62,-0.01,1,2062,卖盘
2188,13:39:22,20.62,0.0,20,41240,卖盘
2189,13:39:28,20.62,0.0,7,14439,卖盘
2190,13:39:34,20.62,0.0,1,2062,卖盘
2191,13:40:07,20.62,0.0,20,41240,卖盘
2192,13:40:19,20.62,0.0,2,4124,卖盘
2193,13:40:24,20.63,0.01,4,8252,买盘
2194,13:40:46,20.63,0.0,6,12378,买盘
2195,13:41:15,20.63,0.0,1,2063,卖盘
2196,13:41:25,20.63,0.0,1,2063,卖盘
2197,13:41:28,20.64,0.01,26,53664,买盘
2198,13:41:31,20.63,-0.01,1,2063,卖盘
2199,13:41:42,20.63,0.0,6,12378,卖盘
2200,13:42:16,20.64,0.01,7,14445,买盘
2201,13:42:37,20.65,0.01,3,6195,买盘
2202,13:42:43,20.64,-0.01,32,66048,卖盘
2203,13:42:46,20.65,0.01,13,26845,买盘
2204,13:42:52,20.64,-0.01,1,2064,卖盘
2205,13:43:22,20.65,0.01,3,6195,买盘
2206,13:43:37,20.65,0.0,2,4130,买盘
2207,13:43:49,20.64,-0.01,38,78432,卖盘
2208,13:43:52,20.65,0.01,24,49560,买盘
2209,13:43:57,20.65,0.0,1,2065,买盘
2210,13:44:04,20.64,-0.01,11,22704,卖盘
2211,13:44:06,20.64,0.0,1,2064,卖盘
2212,13:44:10,20.64,0.0,44,90816,卖盘
2213,13:44:16,20.66,0.02,13,26852,买盘
2214,13:44:31,20.66,0.0,4,8264,买盘
2215,13:44:36,20.66,0.0,48,99168,买盘
2216,13:44:39,20.66,0.0,1,2066,买盘
2217,13:44:48,20.66,0.0,7,14462,买盘
2218,13:44:52,20.65,-0.01,2,4130,卖盘
2219,13:44:54,20.65,0.0,6,12390,卖盘
2220,13:44:57,20.66,0.01,1,2066,买盘
2221,13:45:04,20.66,0.0,10,20655,买盘
2222,13:45:10,20.66,0.0,2,4131,买盘
2223,13:45:16,20.65,-0.01,6,12390,卖盘
2224,13:45:22,20.65,0.0,5,10325,买盘
2225,13:45:25,20.64,-0.01,44,90821,卖盘
2226,13:45:31,20.67,0.03,67,138423,买盘
2227,13:45:37,20.65,-0.02,1,2065,卖盘
2228,13:45:40,20.65,0.0,1,2065,卖盘
2229,13:45:54,20.66,0.01,10,20660,卖盘
2230,13:46:04,20.65,-0.01,8,16522,卖盘
2231,13:46:10,20.65,0.0,2,4130,买盘
2232,13:46:13,20.64,-0.01,50,103208,卖盘
2233,13:46:16,20.64,0.0,4,8256,买盘
2234,13:46:22,20.64,0.0,8,16512,买盘
2235,13:46:28,20.64,0.0,4,8256,买盘
2236,13:46:31,20.63,-0.01,5,10315,卖盘
2237,13:46:37,20.63,0.0,1,2063,卖盘
2238,13:46:40,20.64,0.01,4,8256,买盘
2239,13:46:46,20.65,0.01,2,4130,卖盘
2240,13:46:49,20.65,0.0,2,4130,卖盘
2241,13:46:52,20.65,0.0,2,4130,卖盘
2242,13:47:10,20.63,-0.02,5,10315,卖盘
2243,13:47:13,20.64,0.01,5,10320,买盘
2244,13:47:16,20.63,-0.01,23,47449,卖盘
2245,13:47:19,20.63,0.0,9,18567,卖盘
2246,13:47:31,20.62,-0.01,7,14434,卖盘
2247,13:47:33,20.62,0.0,4,8248,卖盘
2248,13:47:36,20.61,-0.01,1,2061,卖盘
2249,13:47:39,20.61,0.0,37,76257,卖盘
2250,13:47:49,20.6,-0.01,5,10300,卖盘
2251,13:47:51,20.61,0.01,69,142169,买盘
2252,13:47:54,20.59,-0.02,7,14413,卖盘
2253,13:48:00,20.55,-0.04,8,16462,卖盘
2254,13:48:13,20.53,-0.02,1,2053,卖盘
2255,13:48:16,20.54,0.01,201,412064,买盘
2256,13:48:22,20.5,-0.04,51,104552,卖盘
2257,13:48:25,20.51,0.01,8,16408,卖盘
2258,13:48:34,20.48,-0.03,4,8192,中性盘
2259,13:48:37,20.48,0.0,9,18432,卖盘
2260,13:48:40,20.49,0.01,5,10245,买盘
2261,13:48:43,20.49,0.0,8,16392,买盘
2262,13:48:52,20.48,-0.01,2,4096,卖盘
2263,13:48:55,20.48,0.0,6,12288,卖盘
2264,13:49:04,20.48,0.0,33,67584,卖盘
2265,13:49:10,20.49,0.01,56,114709,买盘
2266,13:49:16,20.48,-0.01,1,2048,卖盘
2267,13:49:25,20.48,0.0,12,24576,卖盘
2268,13:49:28,20.48,0.0,2,4096,买盘
2269,13:49:31,20.48,0.0,20,40960,买盘
2270,13:49:39,20.48,0.0,5,10240,买盘
2271,13:49:45,20.48,0.0,11,22528,买盘
2272,13:49:58,20.49,0.01,2,4098,买盘
2273,13:50:01,20.48,-0.01,14,28672,卖盘
2274,13:50:04,20.48,0.0,3,6144,买盘
2275,13:50:10,20.48,0.0,1,2048,买盘
2276,13:50:13,20.48,0.0,17,34816,买盘
2277,13:50:25,20.48,0.0,3,6144,卖盘
2278,13:50:30,20.45,-0.03,43,87959,卖盘
2279,13:50:33,20.45,0.0,1,2045,买盘
2280,13:50:40,20.45,0.0,3,6135,买盘
2281,13:50:49,20.44,-0.01,9,18396,卖盘
2282,13:51:04,20.44,0.0,13,26572,买盘
2283,13:51:07,20.42,-0.02,3,6127,卖盘
2284,13:51:28,20.41,-0.01,41,83681,卖盘
2285,13:51:31,20.41,0.0,50,102055,卖盘
2286,13:51:34,20.44,0.03,5,10220,买盘
2287,13:51:37,20.41,-0.03,1,2041,卖盘
2288,13:51:40,20.44,0.03,7,14308,买盘
2289,13:51:49,20.41,-0.03,17,34721,卖盘
2290,13:51:54,20.38,-0.03,206,419921,卖盘
2291,13:52:01,20.38,0.0,4,8152,买盘
2292,13:52:07,20.38,0.0,29,59090,买盘
2293,13:52:13,20.37,-0.01,3,6113,卖盘
2294,13:52:16,20.37,0.0,4,8148,买盘
2295,13:52:22,20.38,0.01,2,4082,卖盘
2296,13:52:57,20.4,0.02,1,2040,卖盘
2297,13:53:04,20.42,0.02,10,20420,卖盘
2298,13:53:07,20.43,0.01,5,10212,买盘
2299,13:53:09,20.42,-0.01,39,79638,卖盘
2300,13:53:13,20.42,0.0,3,6126,买盘
2301,13:53:19,20.42,0.0,16,32672,买盘
2302,13:53:21,20.42,0.0,3,6126,买盘
2303,13:53:24,20.42,0.0,83,169321,买盘
2304,13:53:34,20.42,0.0,2,4084,买盘
2305,13:53:36,20.42,0.0,5,10210,卖盘
2306,13:53:43,20.42,0.0,1,2042,卖盘
2307,13:53:55,20.4,-0.02,45,91879,卖盘
2308,13:54:01,20.4,0.0,1,2040,买盘
2309,13:54:04,20.4,0.0,5,10200,买盘
2310,13:54:07,20.4,0.0,2,4080,买盘
2311,13:54:16,20.37,-0.03,27,55075,卖盘
2312,13:54:22,20.43,0.06,6,12258,买盘
2313,13:54:25,20.43,0.0,1,2043,卖盘
2314,13:54:28,20.43,0.0,1,2043,卖盘
2315,13:54:31,20.43,0.0,3,6129,卖盘
2316,13:54:43,20.43,0.0,3,6129,买盘
2317,13:54:48,20.38,-0.05,23,46934,卖盘
2318,13:54:51,20.38,0.0,1,2038,买盘
2319,13:54:57,20.44,0.06,38,77515,买盘
2320,13:55:10,20.45,0.01,11,22495,买盘
2321,13:55:16,20.44,-0.01,10,20440,卖盘
2322,13:55:31,20.4,-0.04,2,4080,买盘
2323,13:55:34,20.4,0.0,11,22440,买盘
2324,13:55:43,20.4,0.0,4,8160,买盘
2325,13:55:49,20.4,0.0,7,14280,买盘
2326,13:55:54,20.4,0.0,2,4080,买盘
2327,13:55:57,20.4,0.0,11,22440,买盘
2328,13:56:04,20.4,0.0,16,32640,买盘
2329,13:56:07,20.4,0.0,3,6120,卖盘
2330,13:56:10,20.38,-0.02,9,18348,卖盘
2331,13:56:22,20.4,0.02,50,102000,卖盘
2332,13:56:25,20.4,0.0,8,16332,卖盘
2333,13:56:31,20.44,0.04,1,2044,卖盘
2334,13:56:34,20.44,0.0,1,2044,卖盘
2335,13:56:46,20.44,0.0,20,40899,卖盘
2336,13:56:49,20.44,0.0,6,12268,卖盘
2337,13:56:52,20.44,0.0,2,4088,卖盘
2338,13:56:55,20.44,0.0,36,73614,卖盘
2339,13:56:58,20.45,0.01,21,42925,买盘
2340,13:57:01,20.45,0.0,4,8180,买盘
2341,13:57:19,20.44,-0.01,6,12267,卖盘
2342,13:57:22,20.44,0.0,24,49079,卖盘
2343,13:57:25,20.44,0.0,10,20440,卖盘
2344,13:57:28,20.45,0.01,3,6135,买盘
2345,13:57:31,20.45,0.0,84,171780,买盘
2346,13:57:34,20.45,0.0,5,10225,卖盘
2347,13:57:40,20.46,0.01,2,4092,买盘
2348,13:57:43,20.46,0.0,6,12276,买盘
2349,13:57:46,20.46,0.0,1,2046,买盘
2350,13:58:04,20.54,0.08,41,84055,买盘
2351,13:58:16,20.54,0.0,10,20540,买盘
2352,13:58:34,20.59,0.05,22,45295,买盘
2353,13:58:45,20.59,0.0,29,59711,买盘
2354,13:58:49,20.59,0.0,19,39121,买盘
2355,13:58:52,20.54,-0.05,4,8222,卖盘
2356,13:58:55,20.54,0.0,1,2054,买盘
2357,13:58:57,20.59,0.05,18,37043,买盘
2358,13:59:04,20.59,0.0,2,4118,卖盘
2359,13:59:16,20.59,0.0,2,4118,买盘
2360,13:59:25,20.6,0.01,50,102984,买盘
2361,13:59:34,20.6,0.0,10,20600,买盘
2362,13:59:39,20.49,-0.11,31,63567,卖盘
2363,14:00:13,20.52,0.03,1,2052,买盘
2364,14:00:25,20.52,0.0,7,14363,买盘
2365,14:00:37,20.6,0.08,1,2060,买盘
2366,14:00:52,20.58,-0.02,1,2058,买盘
2367,14:01:21,20.59,0.01,22,45281,买盘
2368,14:01:31,20.58,-0.01,1,2058,卖盘
2369,14:01:37,20.58,0.0,1,2058,卖盘
2370,14:01:40,20.59,0.01,6,12354,买盘
2371,14:01:43,20.61,0.02,32,66955,买盘
2372,14:01:46,20.59,-0.02,50,102986,卖盘
2373,14:01:49,20.59,0.0,12,24710,卖盘
2374,14:01:52,20.61,0.02,3,6191,卖盘
2375,14:01:55,20.65,0.04,7,14435,买盘
2376,14:01:58,20.65,0.0,2,4129,买盘
2377,14:02:04,20.67,0.02,15,31005,买盘
2378,14:02:07,20.64,-0.03,15,30988,卖盘
2379,14:02:10,20.64,0.0,21,43344,买盘
2380,14:02:16,20.64,0.0,1,2064,买盘
2381,14:02:19,20.64,0.0,3,6192,买盘
2382,14:02:25,20.64,0.0,15,30960,买盘
2383,14:02:28,20.64,0.0,56,115434,买盘
2384,14:02:34,20.66,0.02,1,2066,买盘
2385,14:02:40,20.66,0.0,5,10330,买盘
2386,14:02:52,20.67,0.01,29,59917,买盘
2387,14:02:58,20.67,0.0,1,2067,买盘
2388,14:03:07,20.69,0.02,19,39300,买盘
2389,14:03:13,20.69,0.0,7,14483,卖盘
2390,14:03:16,20.69,0.0,1,2069,买盘
2391,14:03:19,20.69,0.0,2,4138,买盘
2392,14:03:22,20.69,0.0,41,84809,买盘
2393,14:03:25,20.69,0.0,1,2069,买盘
2394,14:03:28,20.68,-0.01,2,4136,卖盘
2395,14:03:31,20.66,-0.02,40,82678,卖盘
2396,14:03:34,20.66,0.0,2,4132,买盘
2397,14:03:37,20.68,0.02,76,157120,买盘
2398,14:03:49,20.64,-0.04,48,99074,卖盘
2399,14:03:52,20.65,0.01,3,6193,买盘
2400,14:03:58,20.65,0.0,3,6195,买盘
2401,14:04:10,20.67,0.02,5,10329,买盘
2402,14:04:19,20.62,-0.05,1,2062,卖盘
2403,14:04:22,20.67,0.05,78,161054,买盘
2404,14:04:28,20.67,0.0,2,4134,卖盘
2405,14:04:31,20.61,-0.06,24,49580,卖盘
2406,14:04:43,20.67,0.06,11,22737,买盘
2407,14:04:49,20.65,-0.02,2,4130,卖盘
2408,14:04:52,20.67,0.02,13,26871,买盘
2409,14:04:55,20.67,0.0,2,4134,买盘
2410,14:05:04,20.65,-0.02,3,6195,买盘
2411,14:05:16,20.65,0.0,37,76405,买盘
2412,14:05:31,20.65,0.0,13,26845,卖盘
2413,14:05:46,20.65,0.0,10,20650,买盘
2414,14:05:52,20.65,0.0,2,4130,买盘
2415,14:05:55,20.63,-0.02,3,6189,卖盘
2416,14:06:19,20.63,0.0,5,10315,卖盘
2417,14:06:25,20.62,-0.01,50,103115,卖盘
2418,14:06:28,20.62,0.0,43,88673,卖盘
2419,14:06:31,20.62,0.0,5,10310,买盘
2420,14:06:37,20.61,-0.01,11,22671,卖盘
2421,14:06:52,20.6,-0.01,17,35020,卖盘
2422,14:07:04,20.61,0.01,5,10305,买盘
2423,14:07:07,20.6,-0.01,1,2060,卖盘
2424,14:07:10,20.6,0.0,4,8240,卖盘
2425,14:07:19,20.61,0.01,12,24732,买盘
2426,14:07:22,20.61,0.0,1,2061,卖盘
2427,14:07:31,20.62,0.01,10,20620,买盘
2428,14:07:34,20.61,-0.01,7,14427,卖盘
2429,14:07:40,20.62,0.01,3,6186,买盘
2430,14:07:46,20.61,-0.01,1,2061,卖盘
2431,14:07:55,20.62,0.01,16,32992,买盘
2432,14:07:58,20.61,-0.01,1,2061,卖盘
2433,14:08:04,20.61,0.0,6,12366,卖盘
2434,14:08:09,20.61,0.0,2,4122,卖盘
2435,14:08:13,20.61,0.0,18,37098,买盘
2436,14:08:58,20.61,0.0,1,2061,卖盘
2437,14:09:07,20.61,0.0,1,2061,卖盘
2438,14:09:21,20.61,0.0,10,20610,卖盘
2439,14:09:24,20.61,0.0,3,6183,卖盘
2440,14:09:34,20.62,0.01,9,18558,买盘
2441,14:09:48,20.61,-0.01,5,10305,卖盘
2442,14:10:07,20.62,0.01,76,156587,买盘
2443,14:10:10,20.62,0.0,6,12372,买盘
2444,14:10:12,20.62,0.0,7,14434,买盘
2445,14:10:22,20.61,-0.01,4,8244,中性盘
2446,14:10:27,20.61,0.0,8,16488,买盘
2447,14:10:30,20.61,0.0,2,4122,卖盘
2448,14:10:34,20.62,0.01,14,28868,买盘
2449,14:10:40,20.61,-0.01,22,45342,卖盘
2450,14:10:46,20.61,0.0,10,20610,卖盘
2451,14:10:52,20.61,0.0,29,59769,卖盘
2452,14:11:01,20.61,0.0,3,6183,卖盘
2453,14:11:04,20.61,0.0,21,43281,卖盘
2454,14:11:10,20.61,0.0,1,2061,卖盘
2455,14:11:25,20.61,0.0,1,2061,卖盘
2456,14:11:28,20.62,0.01,21,43302,买盘
2457,14:11:33,20.6,-0.02,50,103055,卖盘
2458,14:11:48,20.6,0.0,20,41200,买盘
2459,14:11:58,20.58,-0.02,4,8232,卖盘
2460,14:12:00,20.6,0.02,4,8240,买盘
2461,14:12:10,20.62,0.02,6,12372,卖盘
2462,14:12:19,20.58,-0.04,2,4116,卖盘
2463,14:12:24,20.58,0.0,8,16464,买盘
2464,14:13:13,20.55,-0.03,6,12329,买盘
2465,14:13:31,20.55,0.0,14,28770,卖盘
2466,14:13:34,20.56,0.01,16,32890,买盘
2467,14:14:04,20.54,-0.02,4,8216,卖盘
2468,14:14:16,20.54,0.0,1,2054,买盘
2469,14:14:22,20.53,-0.01,1,2053,卖盘
2470,14:14:39,20.51,-0.02,1,2051,卖盘
2471,14:14:43,20.51,0.0,12,24612,买盘
2472,14:14:45,20.5,-0.01,28,57418,卖盘
2473,14:14:49,20.5,0.0,4,8200,买盘
2474,14:14:55,20.5,0.0,65,133250,买盘
2475,14:14:58,20.46,-0.04,34,69624,卖盘
2476,14:15:10,20.48,0.02,1,2048,买盘
2477,14:15:21,20.46,-0.02,4,8184,卖盘
2478,14:15:28,20.48,0.02,6,12284,买盘
2479,14:15:31,20.46,-0.02,1,2046,中性盘
2480,14:15:37,20.48,0.02,2,4096,买盘
2481,14:15:43,20.48,0.0,4,8192,卖盘
2482,14:15:49,20.48,0.0,44,90112,卖盘
2483,14:15:52,20.48,0.0,1,2048,买盘
2484,14:16:06,20.46,-0.02,1,2046,卖盘
2485,14:16:13,20.45,-0.01,2,4090,卖盘
2486,14:16:15,20.46,0.01,11,22506,买盘
2487,14:16:18,20.47,0.01,2,4094,买盘
2488,14:16:27,20.46,-0.01,13,26598,卖盘
2489,14:16:31,20.46,0.0,2,4092,买盘
2490,14:16:34,20.46,0.0,1,2046,买盘
2491,14:16:43,20.45,-0.01,6,12271,卖盘
2492,14:16:49,20.45,0.0,5,10225,买盘
2493,14:16:55,20.44,-0.01,1,2044,卖盘
2494,14:16:58,20.42,-0.02,3,6128,卖盘
2495,14:17:04,20.44,0.02,1,2044,买盘
2496,14:17:10,20.44,0.0,1,2044,卖盘
2497,14:17:13,20.45,0.01,10,20450,买盘
2498,14:17:22,20.45,0.0,16,32720,买盘
2499,14:17:25,20.44,-0.01,15,30664,卖盘
2500,14:17:28,20.44,0.0,8,16352,买盘
2501,14:17:31,20.44,0.0,10,20440,买盘
2502,14:17:34,20.44,0.0,10,20440,买盘
2503,14:17:37,20.42,-0.02,5,10210,卖盘
2504,14:17:39,20.43,0.01,5,10215,中性盘
2505,14:17:42,20.44,0.01,2,4088,买盘
2506,14:17:55,20.44,0.0,5,10220,买盘
2507,14:17:58,20.46,0.02,2,4092,买盘
2508,14:18:16,20.46,0.0,3,6138,买盘
2509,14:18:28,20.46,0.0,17,34795,中性盘
2510,14:19:01,20.49,0.03,47,96259,买盘
2511,14:19:07,20.49,0.0,5,10245,卖盘
2512,14:19:16,20.5,0.01,1,2050,买盘
2513,14:19:19,20.5,0.0,8,16400,买盘
2514,14:19:28,20.49,-0.01,20,40990,卖盘
2515,14:19:31,20.5,0.01,2,4100,买盘
2516,14:19:37,20.5,0.0,5,10250,买盘
2517,14:19:40,20.5,0.0,2,4100,买盘
2518,14:19:43,20.5,0.0,5,10250,买盘
2519,14:19:49,20.5,0.0,3,6150,买盘
2520,14:19:52,20.5,0.0,5,10250,买盘
2521,14:19:54,20.49,-0.01,6,12294,卖盘
2522,14:19:58,20.5,0.01,13,26650,买盘
2523,14:20:01,20.5,0.0,4,8200,买盘
2524,14:20:10,20.49,-0.01,53,108633,卖盘
2525,14:20:22,20.54,0.05,3,6154,买盘
2526,14:20:31,20.5,-0.04,2,4100,卖盘
2527,14:20:43,20.5,0.0,8,16400,买盘
2528,14:20:52,20.53,0.03,1,2053,买盘
2529,14:20:55,20.54,0.01,2,4108,买盘
2530,14:21:04,20.53,-0.01,3,6161,卖盘
2531,14:21:10,20.54,0.01,5,10270,买盘
2532,14:21:16,20.53,-0.01,9,18478,卖盘
2533,14:21:18,20.53,0.0,10,20530,卖盘
2534,14:21:31,20.57,0.04,5,10285,中性盘
2535,14:21:37,20.57,0.0,18,37026,买盘
2536,14:21:58,20.55,-0.02,11,22605,买盘
2537,14:22:01,20.57,0.02,2,4112,买盘
2538,14:22:07,20.55,-0.02,6,12330,中性盘
2539,14:22:13,20.58,0.03,37,76137,买盘
2540,14:22:16,20.58,0.0,3,6174,卖盘
2541,14:22:19,20.58,0.0,7,14406,卖盘
2542,14:22:22,20.58,0.0,1,2058,卖盘
2543,14:22:25,20.58,0.0,1,2058,卖盘
2544,14:23:01,20.59,0.01,43,88337,买盘
2545,14:23:04,20.59,0.0,1,2059,买盘
2546,14:23:22,20.58,-0.01,5,10290,卖盘
2547,14:23:25,20.59,0.01,50,102898,买盘
2548,14:23:34,20.59,0.0,11,22636,买盘
2549,14:23:49,20.59,0.0,10,20590,买盘
2550,14:23:55,20.59,0.0,5,10295,买盘
2551,14:24:04,20.59,0.0,2,4118,卖盘
2552,14:24:10,20.6,0.01,1,2060,买盘
2553,14:24:19,20.6,0.0,16,32960,买盘
2554,14:24:25,20.6,0.0,3,6180,买盘
2555,14:24:28,20.59,-0.01,70,144131,卖盘
2556,14:24:34,20.6,0.01,9,18540,卖盘
2557,14:24:37,20.62,0.02,69,142250,买盘
2558,14:24:40,20.62,0.0,1,2062,卖盘
2559,14:24:49,20.63,0.01,1,2063,买盘
2560,14:24:55,20.62,-0.01,50,103100,卖盘
2561,14:24:58,20.65,0.03,79,163009,买盘
2562,14:25:07,20.62,-0.03,5,10310,卖盘
2563,14:25:10,20.64,0.02,2,4128,买盘
2564,14:25:13,20.62,-0.02,50,103110,卖盘
2565,14:25:16,20.64,0.02,11,22697,买盘
2566,14:25:19,20.64,0.0,15,30970,卖盘
2567,14:25:28,20.64,0.0,1,2064,买盘
2568,14:25:37,20.63,-0.01,8,16504,卖盘
2569,14:25:43,20.62,-0.01,31,63942,卖盘
2570,14:25:55,20.62,0.0,6,12372,买盘
2571,14:26:01,20.61,-0.01,5,10305,卖盘
2572,14:26:04,20.61,0.0,19,39157,买盘
2573,14:26:07,20.62,0.01,2,4123,买盘
2574,14:26:13,20.6,-0.02,11,22660,卖盘
2575,14:26:19,20.59,-0.01,17,35003,卖盘
2576,14:26:31,20.59,0.0,3,6177,买盘
2577,14:26:34,20.58,-0.01,14,28818,卖盘
2578,14:26:37,20.58,0.0,3,6174,买盘
2579,14:26:49,20.55,-0.03,1,2055,卖盘
2580,14:26:55,20.58,0.03,6,12345,买盘
2581,14:27:07,20.55,-0.03,6,12342,卖盘
2582,14:27:22,20.53,-0.02,18,36954,卖盘
2583,14:27:25,20.53,0.0,4,8214,卖盘
2584,14:27:28,20.53,0.0,4,8212,买盘
2585,14:27:37,20.53,0.0,3,6159,卖盘
2586,14:27:43,20.55,0.02,5,10275,买盘
2587,14:27:46,20.55,0.0,9,18495,买盘
2588,14:27:52,20.55,0.0,4,8220,卖盘
2589,14:28:01,20.55,0.0,2,4110,卖盘
2590,14:28:28,20.55,0.0,2,4110,卖盘
2591,14:28:31,20.57,0.02,1,2057,买盘
2592,14:28:34,20.57,0.0,2,4114,买盘
2593,14:28:49,20.57,0.0,1,2057,买盘
2594,14:28:55,20.55,-0.02,1,2055,卖盘
2595,14:28:58,20.56,0.01,8,16445,买盘
2596,14:29:04,20.55,-0.01,38,78100,卖盘
2597,14:29:15,20.55,0.0,23,47265,买盘
2598,14:29:19,20.55,0.0,59,121245,卖盘
2599,14:29:37,20.57,0.02,5,10285,买盘
2600,14:29:46,20.55,-0.02,2,4110,卖盘
2601,14:29:55,20.55,0.0,2,4110,卖盘
2602,14:30:00,20.55,0.0,45,92475,卖盘
2603,14:30:04,20.55,0.0,10,20550,买盘
2604,14:30:13,20.55,0.0,2,4110,买盘
2605,14:30:16,20.53,-0.02,11,22583,卖盘
2606,14:30:28,20.51,-0.02,1,2051,卖盘
2607,14:30:39,20.53,0.02,9,18477,买盘
2608,14:30:43,20.5,-0.03,120,246018,卖盘
2609,14:30:55,20.5,0.0,3,6150,卖盘
2610,14:31:01,20.48,-0.02,31,63508,卖盘
2611,14:31:04,20.47,-0.01,31,63457,卖盘
2612,14:31:07,20.45,-0.02,2,4091,卖盘
2613,14:31:13,20.46,0.01,2,4092,中性盘
2614,14:31:22,20.46,0.0,5,10230,卖盘
2615,14:31:25,20.46,0.0,5,10230,卖盘
2616,14:31:28,20.46,0.0,9,18414,卖盘
2617,14:31:37,20.45,-0.01,4,8180,卖盘
2618,14:31:43,20.45,0.0,5,10225,卖盘
2619,14:31:46,20.45,0.0,28,57260,卖盘
2620,14:31:55,20.44,-0.01,6,12264,卖盘
2621,14:32:01,20.44,0.0,45,91980,卖盘
2622,14:32:04,20.44,0.0,4,8174,买盘
2623,14:32:10,20.42,-0.02,3,6127,卖盘
2624,14:32:13,20.44,0.02,30,61320,买盘
2625,14:32:16,20.42,-0.02,4,8168,卖盘
2626,14:32:22,20.42,0.0,11,22461,买盘
2627,14:32:25,20.42,0.0,18,36756,买盘
2628,14:32:31,20.4,-0.02,37,75491,卖盘
2629,14:32:34,20.41,0.01,63,128583,买盘
2630,14:32:37,20.41,0.0,12,24482,买盘
2631,14:32:43,20.42,0.01,25,51026,买盘
2632,14:32:46,20.4,-0.02,1,2040,卖盘
2633,14:32:49,20.41,0.01,2,4082,中性盘
2634,14:32:58,20.41,0.0,10,20410,卖盘
2635,14:33:01,20.41,0.0,9,18369,卖盘
2636,14:33:04,20.4,-0.01,49,99960,卖盘
2637,14:33:13,20.4,0.0,11,22461,卖盘
2638,14:33:16,20.4,0.0,1,2040,买盘
2639,14:33:31,20.4,0.0,19,38760,卖盘
2640,14:33:34,20.4,0.0,6,12240,买盘
2641,14:33:40,20.4,0.0,6,12240,买盘
2642,14:33:46,20.39,-0.01,36,73409,卖盘
2643,14:33:49,20.39,0.0,6,12234,买盘
2644,14:33:52,20.38,-0.01,6,12228,卖盘
2645,14:34:01,20.37,-0.01,9,18341,卖盘
2646,14:34:04,20.37,0.0,20,40740,卖盘
2647,14:34:10,20.37,0.0,3,6111,卖盘
2648,14:34:13,20.37,0.0,31,63154,卖盘
2649,14:34:19,20.37,0.0,10,20370,买盘
2650,14:34:22,20.37,0.0,5,10185,买盘
2651,14:34:25,20.36,-0.01,22,44792,卖盘
2652,14:34:28,20.35,-0.01,9,18317,卖盘
2653,14:34:31,20.36,0.01,3,6108,买盘
2654,14:34:34,20.35,-0.01,2,4070,卖盘
2655,14:34:37,20.35,0.0,4,8141,卖盘
2656,14:34:43,20.36,0.01,10,20360,买盘
2657,14:34:49,20.36,0.0,10,20360,买盘
2658,14:34:55,20.35,-0.01,3,6105,卖盘
2659,14:35:07,20.35,0.0,2,4070,卖盘
2660,14:35:10,20.36,0.01,41,83475,买盘
2661,14:35:16,20.36,0.0,16,32576,卖盘
2662,14:35:25,20.37,0.01,79,160837,买盘
2663,14:35:28,20.37,0.0,9,18333,买盘
2664,14:35:31,20.34,-0.03,10,20341,卖盘
2665,14:35:40,20.35,0.01,14,28494,卖盘
2666,14:35:49,20.37,0.02,2,4074,买盘
2667,14:35:52,20.34,-0.03,19,38652,卖盘
2668,14:35:55,20.36,0.02,8,16288,中性盘
2669,14:36:04,20.35,-0.01,17,34607,卖盘
2670,14:36:07,20.36,0.01,10,20360,买盘
2671,14:36:10,20.37,0.01,11,22403,买盘
2672,14:36:22,20.36,-0.01,30,61080,买盘
2673,14:36:25,20.37,0.01,26,52948,买盘
2674,14:36:28,20.36,-0.01,8,16288,卖盘
2675,14:36:34,20.37,0.01,14,28518,买盘
2676,14:36:40,20.37,0.0,87,177219,买盘
2677,14:36:43,20.37,0.0,20,40740,卖盘
2678,14:36:49,20.37,0.0,43,87591,卖盘
2679,14:36:55,20.39,0.02,4,8156,买盘
2680,14:36:58,20.39,0.0,9,18351,买盘
2681,14:37:01,20.39,0.0,4,8156,卖盘
2682,14:37:07,20.39,0.0,2,4078,卖盘
2683,14:37:10,20.39,0.0,2,4079,卖盘
2684,14:37:16,20.4,0.01,1,2040,买盘
2685,14:37:25,20.4,0.0,4,8160,买盘
2686,14:37:31,20.4,0.0,19,38760,买盘
2687,14:37:36,20.4,0.0,22,44880,买盘
2688,14:37:52,20.4,0.0,13,26520,卖盘
2689,14:38:07,20.43,0.03,3,6129,买盘
2690,14:38:16,20.43,0.0,1,2043,买盘
2691,14:38:19,20.43,0.0,2,4086,买盘
2692,14:38:28,20.43,0.0,17,34686,买盘
2693,14:38:31,20.4,-0.03,13,26520,卖盘
2694,14:38:34,20.43,0.03,21,42849,买盘
2695,14:38:37,20.43,0.0,4,8172,买盘
2696,14:38:58,20.41,-0.02,1,2041,卖盘
2697,14:39:01,20.39,-0.02,17,34663,卖盘
2698,14:39:04,20.43,0.04,53,108167,买盘
2699,14:39:13,20.41,-0.02,6,12246,买盘
2700,14:39:16,20.39,-0.02,22,44894,卖盘
2701,14:39:25,20.39,0.0,31,63209,卖盘
2702,14:39:34,20.4,0.01,3,6120,卖盘
2703,14:39:46,20.41,0.01,8,16322,买盘
2704,14:39:49,20.42,0.01,3,6126,买盘
2705,14:39:58,20.39,-0.03,114,232463,卖盘
2706,14:40:04,20.39,0.0,5,10195,买盘
2707,14:40:13,20.38,-0.01,7,14266,卖盘
2708,14:40:18,20.38,0.0,18,36684,买盘
2709,14:40:21,20.37,-0.01,27,54999,卖盘
2710,14:40:25,20.37,0.0,35,71295,买盘
2711,14:40:28,20.37,0.0,34,69288,卖盘
2712,14:40:31,20.37,0.0,1,2037,买盘
2713,14:40:37,20.36,-0.01,12,24432,卖盘
2714,14:40:40,20.36,0.0,10,20360,卖盘
2715,14:40:43,20.36,0.0,1,2036,卖盘
2716,14:40:46,20.36,0.0,4,8144,卖盘
2717,14:40:49,20.36,0.0,5,10180,卖盘
2718,14:40:51,20.36,0.0,5,10180,买盘
2719,14:40:58,20.35,-0.01,7,14245,卖盘
2720,14:41:01,20.34,-0.01,39,79365,卖盘
2721,14:41:04,20.35,0.01,2,4070,买盘
2722,14:41:13,20.34,-0.01,2,4068,卖盘
2723,14:41:19,20.34,0.0,57,115990,卖盘
2724,14:41:22,20.34,0.0,2,4068,买盘
2725,14:41:25,20.34,0.0,1,2034,买盘
2726,14:41:28,20.33,-0.01,20,40670,卖盘
2727,14:41:31,20.33,0.0,10,20330,卖盘
2728,14:41:40,20.33,0.0,6,12198,卖盘
2729,14:41:49,20.33,0.0,1,2033,卖盘
2730,14:41:52,20.33,0.0,15,30495,买盘
2731,14:41:55,20.32,-0.01,3,6096,卖盘
2732,14:41:57,20.33,0.01,5,10165,买盘
2733,14:42:01,20.3,-0.03,124,251868,卖盘
2734,14:42:10,20.3,0.0,84,170523,卖盘
2735,14:42:13,20.29,-0.01,28,56812,卖盘
2736,14:42:16,20.27,-0.02,9,18249,卖盘
2737,14:42:28,20.27,0.0,2,4054,卖盘
2738,14:42:31,20.27,0.0,29,58783,卖盘
2739,14:42:34,20.27,0.0,6,12162,卖盘
2740,14:42:37,20.28,0.01,13,26356,买盘
2741,14:42:40,20.27,-0.01,10,20270,卖盘
2742,14:42:43,20.27,0.0,1,2027,买盘
2743,14:42:45,20.25,-0.02,64,129645,卖盘
2744,14:42:49,20.25,0.0,8,16200,卖盘
2745,14:42:55,20.25,0.0,8,16209,卖盘
2746,14:42:58,20.25,0.0,5,10125,卖盘
2747,14:43:01,20.25,0.0,25,50627,卖盘
2748,14:43:04,20.24,-0.01,21,42515,卖盘
2749,14:43:07,20.24,0.0,29,58717,卖盘
2750,14:43:10,20.24,0.0,13,26312,买盘
2751,14:43:19,20.24,0.0,32,64746,买盘
2752,14:43:22,20.24,0.0,7,14162,买盘
2753,14:43:25,20.23,-0.01,6,12138,卖盘
2754,14:43:28,20.22,-0.01,8,16178,卖盘
2755,14:43:31,20.24,0.02,6,12144,买盘
2756,14:43:34,20.23,-0.01,28,56626,买盘
2757,14:43:37,20.22,-0.01,4,8088,卖盘
2758,14:43:40,20.23,0.01,6,12133,买盘
2759,14:43:46,20.22,-0.01,28,56616,卖盘
2760,14:43:49,20.22,0.0,25,50550,卖盘
2761,14:43:52,20.22,0.0,83,167882,卖盘
2762,14:43:55,20.23,0.01,190,384368,买盘
2763,14:43:58,20.22,-0.01,35,70796,卖盘
2764,14:44:01,20.22,0.0,56,113232,买盘
2765,14:44:04,20.22,0.0,10,20220,买盘
2766,14:44:06,20.22,0.0,11,22264,中性盘
2767,14:44:09,20.22,0.0,21,42456,买盘
2768,14:44:13,20.22,0.0,15,30340,买盘
2769,14:44:19,20.22,0.0,2,4044,卖盘
2770,14:44:25,20.22,0.0,2,4044,卖盘
2771,14:44:28,20.22,0.0,29,58638,卖盘
2772,14:44:34,20.22,0.0,6,12137,卖盘
2773,14:44:37,20.22,0.0,2,4044,卖盘
2774,14:44:39,20.22,0.0,5,10110,卖盘
2775,14:44:42,20.21,-0.01,19,38417,卖盘
2776,14:44:46,20.21,0.0,98,196325,卖盘
2777,14:44:49,20.22,0.01,8,16176,买盘
2778,14:44:55,20.22,0.0,1,2022,买盘
2779,14:45:01,20.22,0.0,6,12130,买盘
2780,14:45:04,20.22,0.0,4,8088,买盘
2781,14:45:06,20.22,0.0,2,4044,买盘
2782,14:45:13,20.21,-0.01,7,14147,卖盘
2783,14:45:19,20.22,0.01,45,90965,买盘
2784,14:45:25,20.22,0.0,94,190068,买盘
2785,14:45:28,20.21,-0.01,34,68725,卖盘
2786,14:45:31,20.22,0.01,116,234447,卖盘
2787,14:45:34,20.23,0.01,2,4046,买盘
2788,14:45:37,20.22,-0.01,25,50550,卖盘
2789,14:45:39,20.22,0.0,13,26286,卖盘
2790,14:45:46,20.22,0.0,10,20221,卖盘
2791,14:45:49,20.23,0.01,2,4045,买盘
