,time,price,change,volume,amount,type
0,09:25:04,12.49,0.11,90,112410,卖盘
1,09:30:04,12.45,-0.04,170,212262,卖盘
2,09:30:06,12.4,-0.05,21,26125,中性盘
3,09:30:10,12.46,0.06,7,8717,买盘
4,09:30:12,12.48,0.02,9,11232,买盘
5,09:30:16,12.49,0.01,51,63536,买盘
6,09:30:19,12.49,0.0,8,9992,卖盘
7,09:30:25,12.49,0.0,2,2501,卖盘
8,09:30:27,12.49,0.0,48,59952,卖盘
9,09:30:30,12.45,-0.04,50,62394,卖盘
10,09:30:33,12.52,0.07,6,7503,买盘
11,09:30:37,12.51,-0.01,27,33760,卖盘
12,09:30:40,12.49,-0.02,3,3747,卖盘
13,09:30:46,12.46,-0.03,4,4984,买盘
14,09:30:49,12.42,-0.04,1,1242,卖盘
15,09:30:52,12.43,0.01,14,17417,卖盘
16,09:30:54,12.43,0.0,10,12430,卖盘
17,09:30:58,12.41,-0.02,32,39734,卖盘
18,09:31:01,12.43,0.02,43,53383,买盘
19,09:31:04,12.41,-0.02,6,7456,中性盘
20,09:31:06,12.43,0.02,32,39773,买盘
21,09:31:15,12.43,0.0,15,18651,卖盘
22,09:31:18,12.46,0.03,24,29881,买盘
23,09:31:25,12.46,0.0,15,18690,卖盘
24,09:31:28,12.43,-0.03,68,84626,卖盘
25,09:31:31,12.43,0.0,1,1243,买盘
26,09:31:33,12.42,-0.01,54,67088,卖盘
27,09:31:37,12.42,0.0,85,105533,买盘
28,09:31:40,12.45,0.03,26,32278,买盘
29,09:32:04,12.45,0.0,32,39840,买盘
30,09:32:07,12.46,0.01,6,7475,买盘
31,09:32:12,12.45,-0.01,13,16185,买盘
32,09:32:16,12.45,0.0,18,22410,卖盘
33,09:32:19,12.42,-0.03,7,8718,卖盘
34,09:32:22,12.42,0.0,14,17388,卖盘
35,09:32:25,12.45,0.03,6,7470,买盘
36,09:32:27,12.42,-0.03,28,34776,中性盘
37,09:32:30,12.42,0.0,76,94391,买盘
38,09:32:33,12.43,0.01,1,1243,中性盘
39,09:32:37,12.46,0.03,27,33555,买盘
40,09:32:46,12.44,-0.02,40,49784,卖盘
41,09:32:49,12.44,0.0,88,109472,买盘
42,09:32:51,12.43,-0.01,20,24860,卖盘
43,09:32:55,12.46,0.03,24,29901,买盘
44,09:33:09,12.46,0.0,5,6230,卖盘
45,09:33:13,12.46,0.0,10,12460,卖盘
46,09:33:21,12.46,0.0,25,31150,卖盘
47,09:33:24,12.46,0.0,30,37437,卖盘
48,09:33:28,12.47,0.01,2,2494,卖盘
49,09:33:31,12.47,0.0,2,2494,卖盘
50,09:33:34,12.46,-0.01,20,24920,卖盘
51,09:33:37,12.46,0.0,26,32396,卖盘
52,09:33:40,12.46,0.0,20,24916,买盘
53,09:33:42,12.46,0.0,2,2492,买盘
54,09:33:51,12.46,0.0,33,41114,买盘
55,09:33:55,12.43,-0.03,1,1243,卖盘
56,09:33:58,12.43,0.0,4,4972,卖盘
57,09:34:01,12.43,0.0,28,34804,卖盘
58,09:34:04,12.43,0.0,1,1243,卖盘
59,09:34:09,12.43,0.0,50,62150,卖盘
60,09:34:13,12.43,0.0,1,1243,卖盘
61,09:34:22,12.43,0.0,10,12430,卖盘
62,09:34:25,12.43,0.0,15,18645,卖盘
63,09:34:49,12.43,0.0,5,6215,卖盘
64,09:34:54,12.43,0.0,20,24865,卖盘
65,09:35:01,12.44,0.01,6,7464,卖盘
66,09:35:04,12.43,-0.01,12,14919,卖盘
67,09:35:13,12.45,0.02,36,44792,买盘
68,09:35:16,12.45,0.0,4,4983,卖盘
69,09:35:22,12.46,0.01,4,4984,买盘
70,09:35:25,12.46,0.0,2,2492,买盘
71,09:35:27,12.45,-0.01,14,17435,卖盘
72,09:35:36,12.45,0.0,2,2490,卖盘
73,09:35:40,12.45,0.0,116,144422,卖盘
74,09:35:43,12.43,-0.02,1,1243,卖盘
75,09:35:46,12.45,0.02,10,12450,买盘
76,09:35:49,12.46,0.01,5,6232,买盘
77,09:35:51,12.46,0.0,9,11216,卖盘
78,09:35:58,12.46,0.0,14,17431,买盘
79,09:36:01,12.43,-0.03,15,18673,卖盘
80,09:36:07,12.44,0.01,3,3732,卖盘
81,09:36:10,12.44,0.0,3,3732,买盘
82,09:36:16,12.44,0.0,9,11196,卖盘
83,09:36:22,12.45,0.01,23,28624,买盘
84,09:36:25,12.45,0.0,3,3735,买盘
85,09:36:28,12.45,0.0,1,1245,买盘
86,09:36:31,12.44,-0.01,1,1244,卖盘
87,09:36:40,12.46,0.02,4,4984,买盘
88,09:36:42,12.43,-0.03,37,45998,卖盘
89,09:36:45,12.43,0.0,1,1243,卖盘
90,09:36:55,12.43,0.0,9,11187,卖盘
91,09:36:58,12.43,0.0,10,12430,卖盘
92,09:37:06,12.42,-0.01,3,3726,卖盘
93,09:37:16,12.42,0.0,50,62120,卖盘
94,09:37:19,12.42,0.0,13,16146,卖盘
95,09:37:22,12.41,-0.01,54,67026,卖盘
96,09:37:25,12.41,0.0,1,1241,卖盘
97,09:37:31,12.42,0.01,10,12420,买盘
98,09:37:36,12.42,0.0,4,4968,买盘
99,09:37:40,12.41,-0.01,44,54604,卖盘
100,09:37:43,12.4,-0.01,1,1240,卖盘
101,09:37:46,12.41,0.01,18,22326,买盘
102,09:37:48,12.4,-0.01,27,33480,卖盘
103,09:37:51,12.4,0.0,10,12400,卖盘
104,09:37:57,12.38,-0.02,84,103992,卖盘
105,09:38:01,12.37,-0.01,1,1237,卖盘
106,09:38:03,12.39,0.02,6,7434,买盘
107,09:38:07,12.37,-0.02,48,59381,卖盘
108,09:38:10,12.37,0.0,4,4947,买盘
109,09:38:13,12.37,0.0,17,21029,买盘
110,09:38:16,12.36,-0.01,74,91507,卖盘
111,09:38:18,12.36,0.0,7,8652,买盘
112,09:38:21,12.35,-0.01,4,4940,卖盘
113,09:38:34,12.35,0.0,111,137135,卖盘
114,09:38:37,12.33,-0.02,19,23427,卖盘
115,09:38:40,12.35,0.02,2,2468,买盘
116,09:38:42,12.33,-0.02,20,24680,卖盘
117,09:38:46,12.33,0.0,120,147891,买盘
118,09:38:49,12.32,-0.01,111,136757,卖盘
119,09:38:52,12.31,-0.01,1,1231,卖盘
120,09:38:55,12.3,-0.01,124,152642,卖盘
121,09:38:58,12.3,0.0,25,30759,卖盘
122,09:39:00,12.3,0.0,29,35670,卖盘
123,09:39:04,12.31,0.01,111,136546,买盘
124,09:39:06,12.3,-0.01,1,1230,中性盘
125,09:39:09,12.3,0.0,6,7380,卖盘
126,09:39:12,12.31,0.01,20,24620,买盘
127,09:39:15,12.32,0.01,4,4927,买盘
128,09:39:22,12.31,-0.01,18,22171,卖盘
129,09:39:27,12.3,-0.01,101,124270,卖盘
130,09:39:30,12.31,0.01,11,13551,中性盘
131,09:39:39,12.32,0.01,5,6160,买盘
132,09:39:46,12.32,0.0,21,25872,买盘
133,09:39:49,12.33,0.01,198,243750,买盘
134,09:39:51,12.32,-0.01,36,44387,卖盘
135,09:39:54,12.32,0.0,1,1232,卖盘
136,09:39:57,12.35,0.03,43,53066,买盘
137,09:40:06,12.35,0.0,34,41990,卖盘
138,09:40:24,12.35,0.0,60,74100,卖盘
139,09:40:28,12.34,-0.01,1,1234,卖盘
140,09:40:34,12.34,0.0,6,7404,卖盘
141,09:40:37,12.35,0.01,10,12350,卖盘
142,09:40:40,12.33,-0.02,92,113436,卖盘
143,09:40:43,12.34,0.01,7,8637,中性盘
144,09:40:46,12.33,-0.01,31,38223,卖盘
145,09:40:49,12.32,-0.01,13,16016,卖盘
146,09:40:51,12.32,0.0,49,60369,卖盘
147,09:40:58,12.33,0.01,10,12325,买盘
148,09:41:06,12.31,-0.02,19,23409,卖盘
149,09:41:10,12.31,0.0,293,360893,卖盘
150,09:41:12,12.33,0.02,3,3699,中性盘
151,09:41:19,12.35,0.02,2,2470,买盘
152,09:41:22,12.35,0.0,13,16043,买盘
153,09:41:25,12.32,-0.03,189,232850,卖盘
154,09:41:28,12.32,0.0,60,73920,买盘
155,09:41:31,12.32,0.0,1,1232,卖盘
156,09:41:34,12.35,0.03,5,6175,买盘
157,09:41:37,12.32,-0.03,7,8624,卖盘
158,09:41:55,12.35,0.03,4,4940,买盘
159,09:41:58,12.35,0.0,4,4940,买盘
160,09:42:12,12.38,0.03,14,17311,买盘
161,09:42:22,12.38,0.0,7,8666,买盘
162,09:42:25,12.38,0.0,75,92850,卖盘
163,09:42:28,12.35,-0.03,1,1235,卖盘
164,09:42:43,12.38,0.03,22,27236,买盘
165,09:42:55,12.38,0.0,32,39616,买盘
166,09:42:58,12.36,-0.02,1,1236,卖盘
167,09:43:09,12.37,0.01,1,1237,卖盘
168,09:43:28,12.38,0.01,1,1238,买盘
169,09:43:34,12.38,0.0,3,3714,买盘
170,09:43:40,12.37,-0.01,1,1237,卖盘
171,09:43:42,12.37,0.0,2,2474,买盘
172,09:43:46,12.38,0.01,194,240036,买盘
173,09:43:49,12.38,0.0,2,2476,卖盘
174,09:43:58,12.39,0.01,6,7434,买盘
175,09:44:04,12.39,0.0,3,3717,买盘
176,09:44:09,12.39,0.0,3,3717,买盘
177,09:44:19,12.39,0.0,40,49560,买盘
178,09:44:34,12.4,0.01,29,35946,买盘
179,09:44:36,12.39,-0.01,1,1239,卖盘
180,09:44:49,12.39,0.0,2,2478,卖盘
181,09:44:52,12.39,0.0,6,7434,卖盘
182,09:45:04,12.39,0.0,1,1239,卖盘
183,09:45:06,12.4,0.01,4,4960,买盘
184,09:45:15,12.39,-0.01,8,9916,卖盘
185,09:45:55,12.4,0.01,37,45877,买盘
186,09:45:58,12.4,0.0,5,6200,买盘
187,09:46:00,12.4,0.0,1,1240,买盘
188,09:46:04,12.41,0.01,65,80619,买盘
189,09:46:06,12.4,-0.01,3,3720,卖盘
190,09:46:19,12.41,0.01,8,9928,买盘
191,09:46:22,12.41,0.0,6,7446,买盘
192,09:46:25,12.41,0.0,55,68255,买盘
193,09:46:28,12.41,0.0,1,1241,卖盘
194,09:46:34,12.42,0.01,1,1242,买盘
195,09:46:46,12.42,0.0,13,16146,买盘
196,09:46:49,12.42,0.0,8,9936,买盘
197,09:46:55,12.42,0.0,2,2484,买盘
198,09:47:00,12.42,0.0,90,111783,买盘
199,09:47:04,12.45,0.03,41,51044,买盘
200,09:47:21,12.45,0.0,82,102080,买盘
201,09:47:25,12.45,0.0,1,1245,卖盘
202,09:47:34,12.46,0.01,20,24920,卖盘
203,09:47:37,12.47,0.01,50,62310,买盘
204,09:47:40,12.45,-0.02,1,1245,卖盘
205,09:47:46,12.46,0.01,4,4984,中性盘
206,09:47:52,12.47,0.01,48,59856,买盘
207,09:47:57,12.49,0.02,263,328397,买盘
208,09:48:00,12.46,-0.03,3,3738,中性盘
209,09:48:09,12.46,0.0,1,1246,中性盘
210,09:48:16,12.45,-0.01,36,44820,卖盘
211,09:48:24,12.41,-0.04,13,16171,卖盘
212,09:48:37,12.42,0.01,1,1242,卖盘
213,09:48:55,12.42,0.0,9,11178,卖盘
214,09:48:58,12.42,0.0,100,124200,买盘
215,09:49:01,12.41,-0.01,2,2482,卖盘
216,09:49:04,12.42,0.01,3,3726,买盘
217,09:49:06,12.42,0.0,5,6210,买盘
218,09:49:13,12.41,-0.01,9,11169,卖盘
219,09:49:19,12.4,-0.01,5,6200,卖盘
220,09:49:22,12.41,0.01,12,14892,买盘
221,09:49:28,12.42,0.01,200,248400,买盘
222,09:49:31,12.4,-0.02,2,2480,卖盘
223,09:49:40,12.4,0.0,3,3720,卖盘
224,09:49:43,12.4,0.0,12,14880,卖盘
225,09:49:46,12.4,0.0,2,2480,卖盘
226,09:49:49,12.4,0.0,2,2480,卖盘
227,09:49:52,12.4,0.0,99,122860,卖盘
228,09:49:55,12.4,0.0,36,44640,卖盘
229,09:49:58,12.43,0.03,309,383770,买盘
230,09:50:00,12.39,-0.04,5,6195,卖盘
231,09:50:04,12.39,0.0,11,13629,买盘
232,09:50:07,12.38,-0.01,41,50794,卖盘
233,09:50:28,12.39,0.01,4,4956,中性盘
234,09:50:39,12.38,-0.01,103,127588,卖盘
235,09:50:43,12.38,0.0,2,2476,卖盘
236,09:50:52,12.39,0.01,1,1239,卖盘
237,09:51:01,12.38,-0.01,60,74398,卖盘
238,09:51:12,12.38,0.0,6,7428,卖盘
239,09:51:25,12.4,0.02,4,4960,买盘
240,09:51:28,12.38,-0.02,1,1238,卖盘
241,09:51:31,12.39,0.01,1,1239,卖盘
242,09:51:33,12.39,0.0,1,1239,卖盘
243,09:51:36,12.39,0.0,1,1239,卖盘
244,09:51:52,12.4,0.01,100,124000,买盘
245,09:51:55,12.39,-0.01,1,1239,卖盘
246,09:52:10,12.4,0.01,10,12400,买盘
247,09:52:16,12.4,0.0,18,22309,买盘
248,09:52:19,12.4,0.0,105,130200,买盘
249,09:52:22,12.4,0.0,2,2480,卖盘
250,09:52:52,12.4,0.0,11,13640,卖盘
251,09:52:58,12.4,0.0,56,69463,卖盘
252,09:53:01,12.4,0.0,1,1240,卖盘
253,09:53:04,12.41,0.01,11,13651,买盘
254,09:53:06,12.4,-0.01,26,32240,卖盘
255,09:53:19,12.39,-0.01,124,153636,卖盘
256,09:53:22,12.4,0.01,74,91691,买盘
257,09:53:27,12.39,-0.01,1,1239,卖盘
258,09:53:31,12.38,-0.01,72,89136,卖盘
259,09:53:34,12.37,-0.01,44,54428,卖盘
260,09:53:37,12.37,0.0,15,18555,卖盘
261,09:53:40,12.37,0.0,7,8659,卖盘
262,09:53:43,12.37,0.0,8,9896,卖盘
263,09:53:46,12.37,0.0,1,1237,卖盘
264,09:53:49,12.37,0.0,7,8659,卖盘
265,09:53:51,12.36,-0.01,54,66792,卖盘
266,09:53:54,12.36,0.0,10,12360,卖盘
267,09:53:58,12.38,0.02,10,12373,买盘
268,09:54:07,12.36,-0.02,20,24720,卖盘
269,09:54:13,12.36,0.0,1,1236,卖盘
270,09:54:16,12.36,0.0,2,2472,卖盘
271,09:54:19,12.35,-0.01,1,1235,卖盘
272,09:54:21,12.36,0.01,3,3708,买盘
273,09:54:34,12.36,0.0,4,4944,卖盘
274,09:54:37,12.35,-0.01,6,7411,卖盘
275,09:54:54,12.38,0.03,1,1238,买盘
276,09:55:04,12.38,0.0,11,13618,买盘
277,09:55:30,12.36,-0.02,1,1236,卖盘
278,09:55:43,12.37,0.01,1,1237,卖盘
279,09:55:46,12.36,-0.01,32,39558,卖盘
280,09:55:55,12.37,0.01,1,1237,卖盘
281,09:56:01,12.37,0.0,1,1237,卖盘
282,09:56:04,12.37,0.0,1,1237,卖盘
283,09:56:07,12.37,0.0,1,1237,卖盘
284,09:56:10,12.38,0.01,19,23522,买盘
285,09:56:13,12.38,0.0,100,123800,卖盘
286,09:56:16,12.38,0.0,2,2476,卖盘
287,09:56:19,12.38,0.0,189,233982,卖盘
288,09:56:22,12.37,-0.01,3,3712,卖盘
289,09:56:37,12.39,0.02,5,6195,买盘
290,09:56:46,12.37,-0.02,55,68085,卖盘
291,09:56:51,12.39,0.02,14,17326,买盘
292,09:56:55,12.39,0.0,4,4956,买盘
293,09:56:58,12.39,0.0,21,26019,卖盘
294,09:57:01,12.39,0.0,1,1239,卖盘
295,09:57:07,12.39,0.0,4,4956,卖盘
296,09:57:09,12.39,0.0,6,7434,卖盘
297,09:57:12,12.39,0.0,7,8673,卖盘
298,09:57:15,12.39,0.0,3,3717,卖盘
299,09:57:25,12.39,0.0,4,4956,买盘
300,09:57:40,12.4,0.01,25,30960,买盘
301,09:57:43,12.38,-0.02,2,2476,卖盘
302,09:57:49,12.4,0.02,120,148800,买盘
303,09:58:10,12.4,0.0,8,9920,买盘
304,09:58:25,12.4,0.0,19,23543,买盘
305,09:58:42,12.38,-0.02,32,39616,卖盘
306,09:58:46,12.38,0.0,2,2476,卖盘
307,09:58:55,12.37,-0.01,17,21029,卖盘
308,09:59:04,12.37,0.0,17,21029,中性盘
309,09:59:22,12.39,0.02,60,74330,买盘
310,09:59:40,12.39,0.0,4,4956,买盘
311,09:59:55,12.37,-0.02,96,118752,卖盘
312,09:59:58,12.37,0.0,1,1237,买盘
313,10:00:01,12.37,0.0,9,11133,买盘
314,10:00:04,12.37,0.0,24,29686,买盘
315,10:00:16,12.38,0.01,3,3714,卖盘
316,10:00:34,12.38,0.0,17,21046,卖盘
317,10:00:46,12.38,0.0,3,3714,卖盘
318,10:01:00,12.39,0.01,7,8673,买盘
319,10:01:04,12.39,0.0,26,32197,买盘
320,10:01:31,12.39,0.0,1,1239,买盘
321,10:01:37,12.38,-0.01,3,3714,卖盘
322,10:01:45,12.38,0.0,3,3714,卖盘
323,10:01:55,12.38,0.0,33,40854,卖盘
324,10:01:58,12.38,0.0,45,55710,卖盘
325,10:02:10,12.38,0.0,5,6190,买盘
326,10:02:12,12.37,-0.01,2,2474,卖盘
327,10:02:16,12.38,0.01,22,27233,买盘
328,10:02:24,12.38,0.0,9,11142,卖盘
329,10:02:27,12.38,0.0,2,2476,卖盘
330,10:02:33,12.38,0.0,14,17332,卖盘
331,10:02:40,12.37,-0.01,4,4948,卖盘
332,10:02:46,12.37,0.0,3,3711,卖盘
333,10:02:54,12.37,0.0,3,3711,卖盘
334,10:02:57,12.37,0.0,53,65561,卖盘
335,10:03:04,12.37,0.0,18,22266,卖盘
336,10:03:13,12.37,0.0,43,53191,卖盘
337,10:03:15,12.37,0.0,3,3711,卖盘
338,10:03:18,12.37,0.0,32,39584,卖盘
339,10:03:33,12.37,0.0,17,21029,卖盘
340,10:03:40,12.38,0.01,11,13618,买盘
341,10:03:43,12.37,-0.01,32,39584,卖盘
342,10:03:46,12.37,0.0,3,3711,卖盘
343,10:03:58,12.38,0.01,7,8666,买盘
344,10:04:22,12.38,0.0,10,12380,买盘
345,10:04:25,12.37,-0.01,17,21029,卖盘
346,10:04:34,12.37,0.0,27,33399,卖盘
347,10:04:36,12.37,0.0,3,3711,卖盘
348,10:04:46,12.37,0.0,3,3711,卖盘
349,10:04:55,12.37,0.0,31,38347,卖盘
350,10:05:04,12.37,0.0,19,23503,卖盘
351,10:05:16,12.37,0.0,3,3711,卖盘
352,10:05:19,12.37,0.0,35,43295,卖盘
353,10:05:25,12.37,0.0,10,12370,卖盘
354,10:05:27,12.37,0.0,56,69272,卖盘
355,10:05:30,12.36,-0.01,1,1236,卖盘
356,10:05:33,12.36,0.0,3,3708,卖盘
357,10:05:43,12.36,0.0,56,69216,卖盘
358,10:05:46,12.36,0.0,121,149556,卖盘
359,10:05:48,12.36,0.0,22,27192,卖盘
360,10:05:52,12.36,0.0,14,17304,卖盘
361,10:05:55,12.35,-0.01,13,16055,卖盘
362,10:06:04,12.35,0.0,14,17290,卖盘
363,10:06:13,12.35,0.0,5,6175,卖盘
364,10:06:15,12.35,0.0,3,3705,卖盘
365,10:06:31,12.35,0.0,3,3705,卖盘
366,10:06:34,12.35,0.0,13,16055,卖盘
367,10:06:46,12.35,0.0,3,3705,卖盘
368,10:06:54,12.35,0.0,10,12350,卖盘
369,10:07:01,12.35,0.0,11,13585,卖盘
370,10:07:04,12.35,0.0,36,44460,卖盘
371,10:07:07,12.36,0.01,10,12360,买盘
372,10:07:24,12.35,-0.01,2,2470,卖盘
373,10:07:33,12.35,0.0,14,17290,卖盘
374,10:07:36,12.35,0.0,5,6175,卖盘
375,10:07:45,12.35,0.0,3,3705,卖盘
376,10:08:04,12.35,0.0,14,17290,卖盘
377,10:08:13,12.35,0.0,18,22230,卖盘
378,10:08:25,12.35,0.0,50,61750,买盘
379,10:08:28,12.35,0.0,5,6175,买盘
380,10:08:31,12.35,0.0,1,1235,卖盘
381,10:08:34,12.35,0.0,17,20995,卖盘
382,10:08:36,12.35,0.0,4,4940,买盘
383,10:08:46,12.36,0.01,6,7413,买盘
384,10:08:55,12.36,0.0,52,64272,买盘
385,10:08:57,12.36,0.0,10,12360,买盘
386,10:09:04,12.34,-0.02,28,34565,卖盘
387,10:09:07,12.35,0.01,2,2470,中性盘
388,10:09:16,12.35,0.0,3,3705,卖盘
389,10:09:25,12.35,0.0,13,16055,卖盘
390,10:09:27,12.36,0.01,2,2472,买盘
391,10:09:31,12.36,0.0,17,21012,买盘
392,10:09:55,12.35,-0.01,13,16055,卖盘
393,10:10:03,12.36,0.01,21,25943,买盘
394,10:10:07,12.35,-0.01,3,3705,卖盘
395,10:10:10,12.36,0.01,7,8652,买盘
396,10:10:13,12.36,0.0,18,22236,买盘
397,10:10:16,12.35,-0.01,1,1235,卖盘
398,10:10:19,12.36,0.01,3,3708,买盘
399,10:10:31,12.36,0.0,10,12360,卖盘
400,10:10:34,12.36,0.0,3,3708,卖盘
401,10:10:49,12.35,-0.01,41,50635,卖盘
402,10:10:55,12.35,0.0,12,14820,卖盘
403,10:11:04,12.35,0.0,16,19760,卖盘
404,10:11:07,12.34,-0.01,5,6170,卖盘
405,10:11:13,12.35,0.01,5,6175,买盘
406,10:11:19,12.34,-0.01,300,370200,卖盘
407,10:11:21,12.34,0.0,3,3702,卖盘
408,10:11:28,12.35,0.01,25,30875,买盘
409,10:11:45,12.34,-0.01,13,16042,卖盘
410,10:11:49,12.34,0.0,39,48126,卖盘
411,10:11:55,12.34,0.0,15,18510,卖盘
412,10:12:04,12.34,0.0,15,18510,卖盘
413,10:12:06,12.34,0.0,7,8638,卖盘
414,10:12:10,12.34,0.0,5,6170,卖盘
415,10:12:18,12.34,0.0,1,1234,买盘
416,10:12:25,12.34,0.0,10,12340,买盘
417,10:12:34,12.33,-0.01,17,20961,卖盘
418,10:12:45,12.33,0.0,68,83844,卖盘
419,10:12:49,12.33,0.0,2,2466,卖盘
420,10:12:54,12.33,0.0,31,38223,卖盘
421,10:12:57,12.33,0.0,2,2466,卖盘
422,10:13:03,12.33,0.0,16,19728,卖盘
423,10:13:16,12.33,0.0,3,3699,卖盘
424,10:13:19,12.33,0.0,41,50553,卖盘
425,10:13:28,12.33,0.0,7,8631,卖盘
426,10:13:31,12.33,0.0,15,18495,卖盘
427,10:13:33,12.33,0.0,15,18495,卖盘
428,10:13:37,12.35,0.02,29,35806,买盘
429,10:13:52,12.34,-0.01,5,6170,卖盘
430,10:14:01,12.34,0.0,1,1234,卖盘
431,10:14:04,12.34,0.0,16,19744,卖盘
432,10:14:07,12.33,-0.01,11,13575,卖盘
433,10:14:16,12.33,0.0,3,3699,卖盘
434,10:14:25,12.35,0.02,5,6175,买盘
435,10:14:28,12.33,-0.02,13,16029,卖盘
436,10:14:34,12.33,0.0,5,6165,中性盘
437,10:14:37,12.33,0.0,10,12330,买盘
438,10:14:40,12.34,0.01,11,13573,买盘
439,10:14:43,12.34,0.0,1,1234,买盘
440,10:14:45,12.33,-0.01,8,9865,卖盘
441,10:15:04,12.33,0.0,15,18495,卖盘
442,10:15:07,12.34,0.01,5,6170,买盘
443,10:15:13,12.34,0.0,5,6170,卖盘
444,10:15:19,12.34,0.0,3,3702,买盘
445,10:15:25,12.33,-0.01,1,1233,卖盘
446,10:15:33,12.33,0.0,13,16029,卖盘
447,10:15:36,12.33,0.0,1,1233,卖盘
448,10:15:46,12.33,0.0,3,3699,卖盘
449,10:15:48,12.33,0.0,41,50553,卖盘
450,10:15:51,12.33,0.0,21,25892,买盘
451,10:15:55,12.33,0.0,4,4932,买盘
452,10:16:07,12.32,-0.01,7,8629,卖盘
453,10:16:09,12.32,0.0,200,246400,卖盘
454,10:16:13,12.32,0.0,4,4928,卖盘
455,10:16:15,12.32,0.0,3,3696,卖盘
456,10:16:25,12.32,0.0,13,16016,卖盘
457,10:16:28,12.33,0.01,7,8629,买盘
458,10:16:36,12.32,-0.01,12,14784,卖盘
459,10:16:45,12.32,0.0,4,4928,买盘
460,10:16:52,12.31,-0.01,5,6155,卖盘
461,10:16:54,12.31,0.0,16,19696,卖盘
462,10:16:57,12.31,0.0,200,246200,卖盘
463,10:17:01,12.31,0.0,3,3693,卖盘
464,10:17:04,12.31,0.0,14,17234,卖盘
465,10:17:07,12.31,0.0,10,12310,卖盘
466,10:17:10,12.31,0.0,1,1231,卖盘
467,10:17:16,12.31,0.0,3,3693,卖盘
468,10:17:34,12.31,0.0,13,16003,卖盘
469,10:17:40,12.32,0.01,4,4928,买盘
470,10:17:49,12.32,0.0,9,11088,买盘
471,10:17:55,12.32,0.0,33,40656,买盘
472,10:17:58,12.32,0.0,7,8624,买盘
473,10:18:04,12.32,0.0,15,18480,卖盘
474,10:18:10,12.32,0.0,2,2464,卖盘
475,10:18:15,12.32,0.0,2,2464,卖盘
476,10:18:19,12.32,0.0,3,3696,买盘
477,10:18:28,12.32,0.0,1,1232,卖盘
478,10:18:33,12.32,0.0,13,16016,卖盘
479,10:18:37,12.33,0.01,9,11097,买盘
480,10:18:45,12.32,-0.01,1,1232,卖盘
481,10:19:04,12.32,0.0,14,17248,卖盘
482,10:19:07,12.32,0.0,3,3696,卖盘
483,10:19:13,12.32,0.0,2,2464,卖盘
484,10:19:15,12.32,0.0,3,3696,卖盘
485,10:19:34,12.32,0.0,13,16016,卖盘
486,10:19:43,12.32,0.0,1,1232,卖盘
487,10:19:46,12.32,0.0,3,3696,卖盘
488,10:19:57,12.32,0.0,27,33264,卖盘
489,10:20:07,12.31,-0.01,1,1231,卖盘
490,10:20:15,12.31,0.0,3,3693,卖盘
491,10:20:19,12.31,0.0,1,1231,卖盘
492,10:20:21,12.32,0.01,6,7392,买盘
493,10:20:25,12.31,-0.01,13,16003,卖盘
494,10:20:28,12.31,0.0,1,1231,卖盘
495,10:20:34,12.31,0.0,14,17234,卖盘
496,10:20:39,12.31,0.0,1,1231,卖盘
497,10:20:45,12.32,0.01,9,11085,买盘
498,10:20:48,12.31,-0.01,3,3693,卖盘
499,10:20:55,12.31,0.0,6,7390,卖盘
500,10:21:04,12.31,0.0,16,19696,卖盘
501,10:21:06,12.32,0.01,10,12320,买盘
502,10:21:09,12.31,-0.01,1,1231,卖盘
503,10:21:12,12.31,0.0,1,1231,卖盘
504,10:21:16,12.31,0.0,3,3693,卖盘
505,10:21:22,12.31,0.0,1,1231,卖盘
506,10:21:33,12.31,0.0,14,17234,卖盘
507,10:21:37,12.31,0.0,1,1231,卖盘
508,10:21:45,12.31,0.0,3,3693,卖盘
509,10:21:51,12.32,0.01,1,1232,买盘
510,10:21:55,12.32,0.0,20,24639,买盘
511,10:22:04,12.32,0.0,11,13552,卖盘
512,10:22:07,12.31,-0.01,2,2462,卖盘
513,10:22:16,12.31,0.0,4,4925,卖盘
514,10:22:25,12.31,0.0,2,2462,卖盘
515,10:22:31,12.32,0.01,8,9856,买盘
516,10:22:34,12.31,-0.01,14,17235,卖盘
517,10:22:45,12.31,0.0,3,3693,卖盘
518,10:22:51,12.32,0.01,1,1232,买盘
519,10:22:57,12.31,-0.01,9,11079,卖盘
520,10:23:01,12.31,0.0,40,49240,卖盘
521,10:23:04,12.31,0.0,51,62781,卖盘
522,10:23:07,12.3,-0.01,3,3690,卖盘
523,10:23:13,12.31,0.01,39,48000,买盘
524,10:23:16,12.31,0.0,2,2462,买盘
525,10:23:18,12.3,-0.01,4,4922,卖盘
526,10:23:30,12.3,0.0,21,25832,卖盘
527,10:23:33,12.3,0.0,14,17220,卖盘
528,10:23:40,12.33,0.03,2,2466,买盘
529,10:23:43,12.3,-0.03,249,306270,卖盘
530,10:23:46,12.3,0.0,6,7380,卖盘
531,10:23:52,12.3,0.0,300,369001,卖盘
532,10:23:55,12.3,0.0,43,52890,卖盘
533,10:23:58,12.3,0.0,37,45510,卖盘
534,10:24:00,12.29,-0.01,32,39328,卖盘
535,10:24:04,12.29,0.0,7,8603,卖盘
536,10:24:06,12.28,-0.01,8,9830,卖盘
537,10:24:16,12.28,0.0,3,3684,卖盘
538,10:24:19,12.3,0.02,1,1230,买盘
539,10:24:22,12.29,-0.01,1,1229,买盘
540,10:24:25,12.28,-0.01,14,17192,卖盘
541,10:24:34,12.29,0.01,20,24566,买盘
542,10:24:36,12.29,0.0,5,6145,卖盘
543,10:24:42,12.29,0.0,19,23351,卖盘
544,10:24:45,12.29,0.0,3,3687,卖盘
545,10:24:55,12.29,0.0,26,31954,卖盘
546,10:24:57,12.29,0.0,1,1229,卖盘
547,10:25:01,12.3,0.01,3,3690,买盘
548,10:25:04,12.29,-0.01,14,17206,卖盘
549,10:25:09,12.29,0.0,2,2458,卖盘
550,10:25:16,12.29,0.0,2,2458,卖盘
551,10:25:18,12.29,0.0,3,3687,卖盘
552,10:25:25,12.3,0.01,41,50430,买盘
553,10:25:28,12.29,-0.01,11,13526,卖盘
554,10:25:34,12.3,0.01,11,13520,买盘
555,10:25:40,12.29,-0.01,30,36890,卖盘
556,10:25:43,12.29,0.0,23,28267,买盘
557,10:25:45,12.29,0.0,4,4920,买盘
558,10:25:52,12.29,0.0,6,7374,卖盘
559,10:26:04,12.29,0.0,11,13519,卖盘
560,10:26:13,12.29,0.0,11,13519,卖盘
561,10:26:16,12.29,0.0,39,47931,卖盘
562,10:26:19,12.29,0.0,2,2458,卖盘
563,10:26:33,12.29,0.0,13,15977,卖盘
564,10:26:42,12.29,0.0,27,33183,卖盘
565,10:26:45,12.29,0.0,2,2458,卖盘
566,10:26:52,12.29,0.0,4,4916,卖盘
567,10:26:55,12.31,0.02,1,1231,买盘
568,10:27:24,12.29,-0.02,10,12290,卖盘
569,10:27:33,12.29,0.0,10,12290,卖盘
570,10:27:36,12.29,0.0,2,2458,卖盘
571,10:27:39,12.29,0.0,33,40557,卖盘
572,10:27:43,12.28,-0.01,3,3684,卖盘
573,10:27:46,12.29,0.01,2,2458,卖盘
574,10:27:49,12.29,0.0,19,23351,卖盘
575,10:27:52,12.28,-0.01,3,3684,卖盘
576,10:27:58,12.28,0.0,13,15976,卖盘
577,10:28:04,12.28,0.0,11,13508,卖盘
578,10:28:07,12.29,0.01,23,28267,买盘
579,10:28:09,12.3,0.01,1,1230,买盘
580,10:28:13,12.29,-0.01,14,17231,卖盘
581,10:28:16,12.29,0.0,38,46702,卖盘
582,10:28:19,12.29,0.0,20,24580,买盘
583,10:28:31,12.29,0.0,4,4916,卖盘
584,10:28:33,12.29,0.0,10,12290,卖盘
585,10:28:46,12.29,0.0,3,3687,卖盘
586,10:29:01,12.31,0.02,12,14769,买盘
587,10:29:04,12.29,-0.02,12,14748,卖盘
588,10:29:13,12.29,0.0,2,2458,卖盘
589,10:29:19,12.29,0.0,2,2458,买盘
590,10:29:33,12.29,0.0,1,1229,卖盘
591,10:29:36,12.29,0.0,9,11061,买盘
592,10:29:46,12.29,0.0,2,2458,卖盘
593,10:29:55,12.3,0.01,5,6149,买盘
594,10:29:58,12.33,0.03,469,577842,买盘
595,10:30:01,12.31,-0.02,7,8617,中性盘
596,10:30:04,12.31,0.0,2,2462,卖盘
597,10:30:13,12.32,0.01,1,1232,卖盘
598,10:30:24,12.3,-0.02,37,45526,卖盘
599,10:30:33,12.3,0.0,10,12307,卖盘
600,10:30:37,12.3,0.0,2,2460,卖盘
601,10:30:43,12.3,0.0,2,2460,卖盘
602,10:30:46,12.3,0.0,2,2460,卖盘
603,10:30:49,12.3,0.0,11,13530,卖盘
604,10:31:04,12.3,0.0,11,13530,卖盘
605,10:31:07,12.3,0.0,2,2460,卖盘
606,10:31:16,12.3,0.0,2,2460,卖盘
607,10:31:19,12.3,0.0,1,1230,卖盘
608,10:31:24,12.3,0.0,4,4920,卖盘
609,10:31:27,12.3,0.0,9,11070,卖盘
610,10:31:30,12.3,0.0,9,11070,买盘
611,10:31:33,12.3,0.0,11,13530,卖盘
612,10:31:45,12.3,0.0,2,2460,卖盘
613,10:31:48,12.3,0.0,3,3690,卖盘
614,10:31:51,12.3,0.0,18,22140,卖盘
615,10:31:54,12.3,0.0,2,2460,买盘
616,10:31:58,12.3,0.0,16,19680,买盘
617,10:32:01,12.3,0.0,30,36928,卖盘
618,10:32:04,12.3,0.0,4,4920,卖盘
619,10:32:07,12.3,0.0,8,9840,买盘
620,10:32:09,12.28,-0.02,295,362420,卖盘
621,10:32:12,12.27,-0.01,28,34356,卖盘
622,10:32:16,12.27,0.0,2,2454,卖盘
623,10:32:19,12.27,0.0,19,23313,卖盘
624,10:32:31,12.28,0.01,9,11047,买盘
625,10:32:34,12.27,-0.01,10,12270,卖盘
626,10:32:37,12.27,0.0,1,1227,卖盘
627,10:32:45,12.27,0.0,2,2454,卖盘
628,10:32:48,12.27,0.0,2,2454,卖盘
629,10:32:58,12.27,0.0,13,15951,卖盘
630,10:33:04,12.27,0.0,11,13497,卖盘
631,10:33:07,12.27,0.0,8,9816,卖盘
632,10:33:15,12.27,0.0,2,2454,卖盘
633,10:33:22,12.27,0.0,4,4908,卖盘
634,10:33:30,12.27,0.0,9,11043,卖盘
635,10:33:33,12.27,0.0,10,12270,卖盘
636,10:33:40,12.27,0.0,2,2454,卖盘
637,10:33:46,12.27,0.0,2,2454,卖盘
638,10:33:54,12.28,0.01,3,3684,买盘
639,10:34:00,12.28,0.0,53,65034,买盘
640,10:34:13,12.26,-0.02,6,7356,卖盘
641,10:34:15,12.26,0.0,2,2452,卖盘
642,10:34:21,12.27,0.01,1,1227,买盘
643,10:34:25,12.26,-0.01,2,2453,卖盘
644,10:34:27,12.26,0.0,2,2452,卖盘
645,10:34:30,12.26,0.0,1,1226,卖盘
646,10:34:33,12.26,0.0,10,12260,卖盘
647,10:34:46,12.26,0.0,2,2453,卖盘
648,10:35:04,12.26,0.0,11,13486,卖盘
649,10:35:16,12.26,0.0,63,77238,卖盘
650,10:35:22,12.26,0.0,6,7358,卖盘
651,10:35:27,12.26,0.0,50,61300,卖盘
652,10:35:34,12.26,0.0,13,15938,卖盘
653,10:35:39,12.26,0.0,14,17164,卖盘
654,10:35:42,12.26,0.0,15,18390,卖盘
655,10:35:46,12.26,0.0,39,47814,卖盘
656,10:35:55,12.25,-0.01,3,3675,卖盘
657,10:35:57,12.25,0.0,11,13476,卖盘
658,10:36:04,12.25,0.0,14,17150,卖盘
659,10:36:12,12.25,0.0,1,1225,卖盘
660,10:36:16,12.26,0.01,15,18382,买盘
661,10:36:22,12.26,0.0,8,9808,买盘
662,10:36:25,12.25,-0.01,2,2450,卖盘
663,10:36:28,12.26,0.01,8,9808,买盘
664,10:36:30,12.25,-0.01,2,2450,卖盘
665,10:36:34,12.27,0.02,51,62555,买盘
666,10:36:40,12.26,-0.01,4,4904,卖盘
667,10:36:43,12.26,0.0,17,20842,买盘
668,10:36:45,12.26,0.0,3,3678,卖盘
669,10:36:48,12.27,0.01,8,9812,买盘
670,10:36:51,12.27,0.0,2,2454,买盘
671,10:36:55,12.27,0.0,1,1227,买盘
672,10:36:58,12.27,0.0,1,1227,买盘
673,10:37:01,12.27,0.0,7,8589,买盘
674,10:37:04,12.27,0.0,15,18405,买盘
675,10:37:07,12.27,0.0,2,2454,买盘
676,10:37:16,12.27,0.0,6,7362,买盘
677,10:37:19,12.27,0.0,9,11043,买盘
678,10:37:21,12.27,0.0,2,2454,买盘
679,10:37:33,12.27,0.0,13,15951,卖盘
680,10:37:39,12.28,0.01,9,11052,买盘
681,10:37:48,12.28,0.0,200,245600,买盘
682,10:37:51,12.28,0.0,32,39296,买盘
683,10:37:55,12.28,0.0,62,76136,买盘
684,10:38:00,12.3,0.02,1,1230,买盘
685,10:38:04,12.28,-0.02,18,22114,卖盘
686,10:38:07,12.3,0.02,3,3690,买盘
687,10:38:12,12.3,0.0,7,8610,买盘
688,10:38:16,12.3,0.0,1,1230,买盘
689,10:38:19,12.3,0.0,2,2460,买盘
690,10:38:22,12.3,0.0,10,12300,买盘
691,10:38:34,12.3,0.0,13,15990,卖盘
692,10:38:37,12.3,0.0,2,2460,卖盘
693,10:38:39,12.3,0.0,14,17220,卖盘
694,10:38:49,12.29,-0.01,1,1229,卖盘
695,10:38:52,12.28,-0.01,23,28244,卖盘
696,10:38:55,12.28,0.0,3,3684,卖盘
697,10:39:07,12.27,-0.01,8,9816,卖盘
698,10:39:10,12.27,0.0,4,4908,卖盘
699,10:39:13,12.27,0.0,8,9816,买盘
700,10:39:18,12.27,0.0,9,11043,买盘
701,10:39:21,12.26,-0.01,11,13486,卖盘
702,10:39:24,12.26,0.0,13,15938,卖盘
703,10:39:34,12.26,0.0,13,15938,卖盘
704,10:39:37,12.26,0.0,4,4904,卖盘
705,10:39:46,12.26,0.0,3,3678,卖盘
706,10:39:49,12.26,0.0,2,2452,卖盘
707,10:40:04,12.26,0.0,26,31876,卖盘
708,10:40:07,12.26,0.0,5,6130,买盘
709,10:40:13,12.25,-0.01,2,2450,卖盘
710,10:40:16,12.25,0.0,6,7350,卖盘
711,10:40:25,12.26,0.01,15,18390,卖盘
712,10:40:28,12.26,0.0,5,6134,卖盘
713,10:40:34,12.26,0.0,9,11035,卖盘
714,10:40:37,12.3,0.04,10,12287,买盘
715,10:40:39,12.26,-0.04,30,36788,卖盘
716,10:40:43,12.27,0.01,2,2454,卖盘
717,10:40:45,12.27,0.0,2,2454,卖盘
718,10:41:01,12.27,0.0,1,1227,卖盘
719,10:41:04,12.27,0.0,9,11043,卖盘
720,10:41:06,12.3,0.03,2,2460,买盘
721,10:41:09,12.3,0.0,4,4920,买盘
722,10:41:13,12.3,0.0,12,14760,买盘
723,10:41:16,12.28,-0.02,1,1228,中性盘
724,10:41:24,12.3,0.02,4,4920,买盘
725,10:41:37,12.3,0.0,19,23363,买盘
726,10:41:43,12.3,0.0,30,36900,买盘
727,10:41:55,12.29,-0.01,12,14752,卖盘
728,10:42:04,12.27,-0.02,3,3682,卖盘
729,10:42:07,12.28,0.01,2,2456,卖盘
730,10:42:13,12.27,-0.01,20,24547,卖盘
731,10:42:15,12.27,0.0,2,2454,卖盘
732,10:42:18,12.27,0.0,2,2454,卖盘
733,10:42:25,12.27,0.0,9,11043,卖盘
734,10:42:34,12.27,0.0,9,11043,卖盘
735,10:42:42,12.27,0.0,9,11043,卖盘
736,10:42:46,12.27,0.0,2,2454,卖盘
737,10:42:52,12.27,0.0,1,1227,卖盘
738,10:43:04,12.27,0.0,11,13497,卖盘
739,10:43:07,12.27,0.0,1,1227,卖盘
740,10:43:16,12.27,0.0,2,2454,卖盘
741,10:43:22,12.27,0.0,77,94479,卖盘
742,10:43:25,12.26,-0.01,22,26992,卖盘
743,10:43:30,12.27,0.01,3,3681,买盘
744,10:43:34,12.26,-0.01,9,11034,卖盘
745,10:43:37,12.27,0.01,2,2454,买盘
746,10:43:43,12.27,0.0,2,2454,卖盘
747,10:43:45,12.27,0.0,2,2454,卖盘
748,10:43:48,12.27,0.0,2,2454,卖盘
749,10:44:15,12.26,-0.01,30,36780,卖盘
750,10:44:19,12.26,0.0,1,1226,卖盘
751,10:44:24,12.26,0.0,9,11034,卖盘
752,10:44:28,12.26,0.0,162,198612,卖盘
753,10:44:31,12.26,0.0,23,28198,卖盘
754,10:44:34,12.26,0.0,9,11034,卖盘
755,10:44:36,12.26,0.0,23,28198,卖盘
756,10:44:45,12.26,0.0,2,2452,卖盘
757,10:44:48,12.27,0.01,3,3681,买盘
758,10:44:55,12.26,-0.01,2,2452,卖盘
759,10:44:58,12.27,0.01,6,7361,买盘
760,10:45:07,12.26,-0.01,1,1226,卖盘
761,10:45:09,12.26,0.0,2,2452,卖盘
762,10:45:16,12.26,0.0,3,3678,卖盘
763,10:45:25,12.26,0.0,9,11034,卖盘
764,10:45:28,12.27,0.01,4,4908,买盘
765,10:45:31,12.26,-0.01,64,78464,卖盘
766,10:45:37,12.26,0.0,3,3678,买盘
767,10:45:43,12.25,-0.01,2,2450,卖盘
768,10:45:46,12.25,0.0,2,2450,卖盘
769,10:45:48,12.25,0.0,3,3675,卖盘
770,10:45:55,12.25,0.0,8,9800,卖盘
771,10:46:01,12.25,0.0,18,22050,卖盘
772,10:46:04,12.25,0.0,8,9800,卖盘
773,10:46:07,12.25,0.0,31,37997,卖盘
774,10:46:10,12.27,0.02,3,3681,买盘
775,10:46:16,12.27,0.0,6,7362,买盘
776,10:46:21,12.27,0.0,1,1227,买盘
777,10:46:24,12.27,0.0,9,11043,买盘
778,10:46:27,12.27,0.0,2,2454,买盘
779,10:46:30,12.26,-0.01,70,85826,卖盘
780,10:46:40,12.27,0.01,1,1227,买盘
781,10:46:51,12.27,0.0,4,4908,买盘
782,10:46:54,12.26,-0.01,3,3678,卖盘
783,10:47:04,12.26,0.0,9,11034,卖盘
784,10:47:06,12.26,0.0,2,2452,卖盘
785,10:47:10,12.27,0.01,8,9816,买盘
786,10:47:18,12.26,-0.01,16,19616,卖盘
787,10:47:31,12.27,0.01,44,53988,买盘
788,10:47:33,12.26,-0.01,40,49048,卖盘
789,10:47:37,12.26,0.0,1,1226,买盘
790,10:47:39,12.26,0.0,1,1226,买盘
791,10:47:43,12.26,0.0,17,20852,买盘
792,10:47:46,12.26,0.0,2,2452,卖盘
793,10:47:52,12.28,0.02,29,35589,买盘
794,10:47:58,12.28,0.0,1,1228,买盘
795,10:48:04,12.27,-0.01,10,12270,卖盘
796,10:48:09,12.28,0.01,5,6140,买盘
797,10:48:19,12.28,0.0,5,6138,买盘
798,10:48:25,12.27,-0.01,8,9816,卖盘
799,10:48:34,12.27,0.0,8,9817,卖盘
800,10:48:36,12.26,-0.01,2,2452,卖盘
801,10:48:46,12.26,0.0,2,2452,卖盘
802,10:48:54,12.26,0.0,1,1226,卖盘
803,10:49:04,12.28,0.02,33,40483,买盘
804,10:49:15,12.28,0.0,29,35612,买盘
805,10:49:30,12.27,-0.01,1,1227,买盘
806,10:49:34,12.28,0.01,28,34383,买盘
807,10:49:37,12.26,-0.02,2,2452,卖盘
808,10:49:40,12.26,0.0,2,2452,卖盘
809,10:49:45,12.26,0.0,2,2452,卖盘
810,10:49:55,12.26,0.0,8,9808,卖盘
811,10:50:03,12.26,0.0,8,9808,卖盘
812,10:50:16,12.26,0.0,2,2452,卖盘
813,10:50:22,12.27,0.01,4,4908,买盘
814,10:50:31,12.26,-0.01,1,1226,卖盘
815,10:50:33,12.28,0.02,31,38040,买盘
816,10:50:46,12.28,0.0,1,1228,买盘
817,10:50:49,12.28,0.0,18,22104,买盘
818,10:50:51,12.28,0.0,7,8596,中性盘
819,10:50:54,12.29,0.01,6,7371,买盘
820,10:50:58,12.28,-0.01,2,2456,卖盘
821,10:51:04,12.28,0.0,4,4912,买盘
822,10:51:09,12.28,0.0,8,9824,买盘
823,10:51:12,12.28,0.0,18,22107,卖盘
824,10:51:16,12.28,0.0,2,2456,卖盘
825,10:51:21,12.28,0.0,1,1228,卖盘
826,10:51:24,12.28,0.0,96,117938,卖盘
827,10:51:30,12.28,0.0,8,9824,卖盘
828,10:51:33,12.28,0.0,7,8596,卖盘
829,10:51:39,12.28,0.0,6,7368,卖盘
830,10:51:46,12.28,0.0,2,2456,卖盘
831,10:51:49,12.29,0.01,7,8603,买盘
832,10:51:52,12.28,-0.01,7,8608,卖盘
833,10:52:01,12.29,0.01,20,24580,卖盘
834,10:52:04,12.28,-0.01,8,9824,卖盘
835,10:52:13,12.28,0.0,1,1228,卖盘
836,10:52:16,12.28,0.0,2,2456,卖盘
837,10:52:22,12.29,0.01,3,3687,买盘
838,10:52:28,12.28,-0.01,112,137536,卖盘
839,10:52:30,12.29,0.01,9,11061,买盘
840,10:52:33,12.29,0.0,68,83572,卖盘
841,10:52:45,12.29,0.0,4,4916,卖盘
842,10:52:49,12.3,0.01,8,9836,买盘
843,10:53:04,12.29,-0.01,1,1229,卖盘
844,10:53:15,12.29,0.0,2,2458,卖盘
845,10:53:21,12.29,0.0,19,23351,卖盘
846,10:53:24,12.3,0.01,263,323269,买盘
847,10:53:39,12.27,-0.03,16,19635,卖盘
848,10:53:45,12.27,0.0,2,2454,卖盘
849,10:53:54,12.28,0.01,7,8596,卖盘
850,10:54:04,12.28,0.0,10,12280,卖盘
851,10:54:06,12.28,0.0,2,2456,卖盘
852,10:54:09,12.28,0.0,1,1228,卖盘
853,10:54:12,12.29,0.01,2,2458,买盘
854,10:54:15,12.29,0.0,2,2458,卖盘
855,10:54:24,12.29,0.0,11,13519,卖盘
856,10:54:30,12.29,0.0,5,6145,中性盘
857,10:54:33,12.29,0.0,40,49160,买盘
858,10:54:40,12.29,0.0,7,8603,买盘
859,10:54:43,12.3,0.01,3,3690,买盘
860,10:54:45,12.3,0.0,14,17220,买盘
861,10:54:51,12.3,0.0,9,11070,买盘
862,10:55:04,12.3,0.0,3,3690,买盘
863,10:55:06,12.29,-0.01,2,2458,卖盘
864,10:55:09,12.3,0.01,2,2460,买盘
865,10:55:12,12.3,0.0,77,94710,买盘
866,10:55:15,12.3,0.0,2,2460,卖盘
867,10:55:33,12.3,0.0,8,9840,卖盘
868,10:55:45,12.3,0.0,5,6153,卖盘
869,10:55:54,12.3,0.0,2,2460,卖盘
870,10:56:04,12.3,0.0,14,17225,卖盘
871,10:56:06,12.3,0.0,12,14760,卖盘
872,10:56:18,12.3,0.0,10,12300,买盘
873,10:56:21,12.3,0.0,12,14760,卖盘
874,10:56:34,12.3,0.0,8,9840,卖盘
875,10:56:46,12.3,0.0,2,2460,卖盘
876,10:56:54,12.31,0.01,100,123100,买盘
877,10:57:04,12.3,-0.01,6,7380,卖盘
878,10:57:16,12.3,0.0,2,2460,卖盘
879,10:57:24,12.3,0.0,11,13533,卖盘
880,10:57:33,12.3,0.0,29,35670,卖盘
881,10:57:36,12.29,-0.01,4,4918,卖盘
882,10:57:39,12.3,0.01,26,31980,买盘
883,10:57:46,12.3,0.0,2,2460,卖盘
884,10:57:48,12.31,0.01,10,12310,买盘
885,10:57:51,12.3,-0.01,2,2460,卖盘
886,10:57:54,12.3,0.0,20,24600,卖盘
887,10:58:04,12.29,-0.01,1,1229,卖盘
888,10:58:09,12.31,0.02,28,34460,买盘
889,10:58:18,12.29,-0.02,1,1229,卖盘
890,10:58:30,12.3,0.01,3,3690,买盘
891,10:58:33,12.29,-0.01,7,8603,卖盘
892,10:58:36,12.3,0.01,54,66418,买盘
893,10:58:43,12.29,-0.01,5,6146,卖盘
894,10:58:45,12.29,0.0,2,2458,卖盘
895,10:58:51,12.31,0.02,3,3691,买盘
896,10:59:04,12.29,-0.02,2,2458,卖盘
897,10:59:10,12.29,0.0,2,2459,卖盘
898,10:59:12,12.31,0.02,100,123100,买盘
899,10:59:27,12.3,-0.01,6,7380,卖盘
900,10:59:33,12.3,0.0,7,8610,卖盘
901,11:00:06,12.29,-0.01,11,13519,卖盘
902,11:00:15,12.29,0.0,3,3687,卖盘
903,11:00:24,12.29,0.0,59,72517,卖盘
904,11:00:28,12.29,0.0,3,3687,卖盘
905,11:00:30,12.3,0.01,6,7380,买盘
906,11:00:33,12.29,-0.01,26,31954,卖盘
907,11:00:36,12.29,0.0,5,6145,卖盘
908,11:00:39,12.28,-0.01,7,8601,卖盘
909,11:00:46,12.29,0.01,6,7372,买盘
910,11:00:49,12.29,0.0,10,12290,卖盘
911,11:00:51,12.29,0.0,2,2458,卖盘
912,11:01:12,12.29,0.0,3,3687,买盘
913,11:01:19,12.28,-0.01,1,1228,卖盘
914,11:01:24,12.28,0.0,7,8596,卖盘
915,11:01:33,12.29,0.01,11,13511,买盘
916,11:01:40,12.29,0.0,1,1229,卖盘
917,11:01:46,12.29,0.0,2,2458,卖盘
918,11:01:49,12.29,0.0,1,1229,卖盘
919,11:02:04,12.29,0.0,8,9832,卖盘
920,11:02:16,12.29,0.0,3,3687,卖盘
921,11:02:33,12.29,0.0,8,9832,卖盘
922,11:02:42,12.29,0.0,25,30725,卖盘
923,11:02:57,12.28,-0.01,1,1228,卖盘
924,11:03:00,12.29,0.01,3,3687,买盘
925,11:03:03,12.28,-0.01,8,9824,卖盘
926,11:03:09,12.28,0.0,1,1228,卖盘
927,11:03:15,12.28,0.0,5,6143,卖盘
928,11:03:30,12.29,0.01,61,74969,卖盘
929,11:03:33,12.27,-0.02,50,61388,卖盘
930,11:03:36,12.27,0.0,6,7362,卖盘
931,11:03:45,12.27,0.0,2,2454,卖盘
932,11:03:48,12.27,0.0,31,38037,卖盘
933,11:04:00,12.29,0.02,20,24580,买盘
934,11:04:03,12.27,-0.02,45,55216,卖盘
935,11:04:06,12.29,0.02,4,4916,买盘
936,11:04:18,12.27,-0.02,31,38037,卖盘
937,11:04:22,12.29,0.02,22,27000,买盘
938,11:04:33,12.26,-0.03,28,34337,卖盘
939,11:04:36,12.26,0.0,4,4904,卖盘
940,11:04:45,12.27,0.01,2,2454,卖盘
941,11:04:49,12.27,0.0,26,31902,卖盘
942,11:04:52,12.26,-0.01,27,33115,卖盘
943,11:04:54,12.27,0.01,8,9816,卖盘
944,11:05:00,12.27,0.0,3,3681,卖盘
945,11:05:03,12.27,0.0,61,74847,卖盘
946,11:05:10,12.27,0.0,3,3681,卖盘
947,11:05:12,12.27,0.0,1,1227,卖盘
948,11:05:15,12.29,0.02,3,3683,买盘
949,11:05:18,12.26,-0.03,39,47848,卖盘
950,11:05:24,12.26,0.0,2,2452,卖盘
951,11:05:33,12.26,0.0,48,58851,卖盘
952,11:05:36,12.25,-0.01,3,3675,卖盘
953,11:05:42,12.26,0.01,7,8582,买盘
954,11:05:45,12.26,0.0,16,19616,买盘
955,11:05:48,12.25,-0.01,35,42880,卖盘
956,11:06:00,12.25,0.0,2,2450,卖盘
957,11:06:04,12.25,0.0,8,9800,卖盘
958,11:06:09,12.26,0.01,1,1226,卖盘
959,11:06:18,12.26,0.0,5,6132,买盘
960,11:06:27,12.27,0.01,1,1227,卖盘
961,11:06:33,12.25,-0.02,37,45326,卖盘
962,11:06:36,12.26,0.01,2,2452,中性盘
963,11:06:39,12.26,0.0,3,3678,卖盘
964,11:06:43,12.26,0.0,2,2452,卖盘
965,11:06:45,12.26,0.0,2,2452,卖盘
966,11:06:48,12.25,-0.01,45,55140,卖盘
967,11:06:51,12.25,0.0,2,2450,卖盘
968,11:06:54,12.25,0.0,8,9800,卖盘
969,11:07:03,12.25,0.0,64,78400,卖盘
970,11:07:09,12.25,0.0,89,109025,卖盘
971,11:07:15,12.25,0.0,10,12250,卖盘
972,11:07:18,12.25,0.0,35,42875,卖盘
973,11:07:21,12.25,0.0,19,23275,卖盘
974,11:07:24,12.25,0.0,3,3675,卖盘
975,11:07:31,12.25,0.0,13,15925,卖盘
976,11:07:33,12.24,-0.01,48,58752,卖盘
977,11:07:37,12.24,0.0,3,3672,卖盘
978,11:07:42,12.24,0.0,1001,1222684,卖盘
979,11:07:46,12.24,0.0,32,39156,卖盘
980,11:07:48,12.2,-0.04,83,101260,卖盘
981,11:07:54,12.2,0.0,8,9760,卖盘
982,11:08:00,12.2,0.0,2,2440,卖盘
983,11:08:04,12.2,0.0,8,9760,卖盘
984,11:08:07,12.2,0.0,2,2440,卖盘
985,11:08:09,12.2,0.0,25,30509,卖盘
986,11:08:12,12.23,0.03,9,11006,买盘
987,11:08:15,12.23,0.0,48,58704,卖盘
988,11:08:19,12.21,-0.02,38,46398,卖盘
989,11:08:24,12.22,0.01,58,70876,卖盘
990,11:08:27,12.2,-0.02,8,9765,卖盘
991,11:08:30,12.21,0.01,11,13431,卖盘
992,11:08:33,12.2,-0.01,72,87934,卖盘
993,11:08:40,12.21,0.01,18,21978,卖盘
994,11:08:49,12.22,0.01,49,59798,买盘
995,11:08:51,12.2,-0.02,8,9761,卖盘
996,11:09:04,12.2,0.0,43,52460,卖盘
997,11:09:09,12.22,0.02,1,1222,买盘
998,11:09:18,12.2,-0.02,53,64663,卖盘
999,11:09:22,12.22,0.02,1,1222,买盘
1000,11:09:31,12.22,0.0,7,8548,买盘
1001,11:09:33,12.2,-0.02,41,50038,卖盘
1002,11:09:42,12.2,0.0,2,2440,卖盘
1003,11:09:45,12.2,0.0,2,2440,卖盘
1004,11:10:04,12.21,0.01,40,48870,卖盘
1005,11:10:09,12.2,-0.01,2,2440,卖盘
1006,11:10:15,12.2,0.0,2,2440,卖盘
1007,11:10:33,12.2,0.0,112,136666,卖盘
1008,11:10:42,12.24,0.04,52,63622,买盘
1009,11:10:45,12.24,0.0,10,12236,买盘
1010,11:10:48,12.24,0.0,32,39168,买盘
1011,11:10:51,12.21,-0.03,10,12210,卖盘
1012,11:10:55,12.25,0.04,6,7346,买盘
1013,11:11:04,12.19,-0.06,27,32940,卖盘
1014,11:11:07,12.2,0.01,10,12200,买盘
1015,11:11:15,12.21,0.01,2,2442,卖盘
1016,11:11:18,12.2,-0.01,35,42715,卖盘
1017,11:11:24,12.2,0.0,13,15857,卖盘
1018,11:11:27,12.2,0.0,1,1220,买盘
1019,11:11:34,12.2,0.0,7,8540,卖盘
1020,11:11:36,12.2,0.0,4,4880,买盘
1021,11:11:39,12.2,0.0,2,2440,卖盘
1022,11:11:43,12.2,0.0,5,6100,卖盘
1023,11:11:45,12.2,0.0,35,42700,卖盘
1024,11:11:49,12.19,-0.01,32,39008,卖盘
1025,11:11:58,12.18,-0.01,102,124313,卖盘
1026,11:12:00,12.18,0.0,1,1218,卖盘
1027,11:12:04,12.18,0.0,56,68208,卖盘
1028,11:12:06,12.18,0.0,2,2436,卖盘
1029,11:12:10,12.18,0.0,68,82824,卖盘
1030,11:12:12,12.17,-0.01,14,17038,卖盘
1031,11:12:15,12.17,0.0,2,2434,卖盘
1032,11:12:18,12.17,0.0,35,42595,卖盘
1033,11:12:22,12.17,0.0,21,25557,卖盘
1034,11:12:24,12.17,0.0,53,64501,卖盘
1035,11:12:27,12.17,0.0,50,60850,卖盘
1036,11:12:33,12.16,-0.01,80,97325,卖盘
1037,11:12:39,12.17,0.01,10,12170,买盘
1038,11:12:42,12.16,-0.01,12,14592,卖盘
1039,11:12:45,12.16,0.0,48,58368,卖盘
1040,11:12:48,12.16,0.0,55,66881,卖盘
1041,11:12:51,12.15,-0.01,797,968474,卖盘
1042,11:12:54,12.14,-0.01,5,6070,中性盘
1043,11:12:57,12.13,-0.01,50,60622,卖盘
1044,11:13:00,12.14,0.01,6,7284,买盘
1045,11:13:03,12.12,-0.02,52,63068,卖盘
1046,11:13:09,12.14,0.02,2,2428,买盘
1047,11:13:12,12.14,0.0,32,38846,买盘
1048,11:13:16,12.12,-0.02,34,41213,卖盘
1049,11:13:18,12.12,0.0,275,333380,卖盘
1050,11:13:22,12.12,0.0,15,18180,买盘
1051,11:13:24,12.13,0.01,3,3639,买盘
1052,11:13:27,12.12,-0.01,57,69085,卖盘
1053,11:13:30,12.12,0.0,118,142996,买盘
1054,11:13:33,12.11,-0.01,45,54495,卖盘
1055,11:13:36,12.12,0.01,54,65448,买盘
1056,11:13:42,12.11,-0.01,42,50862,卖盘
1057,11:13:45,12.12,0.01,85,102985,买盘
1058,11:13:48,12.11,-0.01,33,39970,卖盘
1059,11:13:51,12.12,0.01,73,88463,买盘
1060,11:13:55,12.11,-0.01,27,32697,卖盘
1061,11:13:58,12.11,0.0,2,2422,卖盘
1062,11:14:00,12.12,0.01,4,4848,买盘
1063,11:14:04,12.11,-0.01,81,98091,卖盘
1064,11:14:07,12.11,0.0,58,70250,卖盘
1065,11:14:09,12.1,-0.01,125,151393,卖盘
1066,11:14:12,12.11,0.01,23,27850,买盘
1067,11:14:15,12.11,0.0,5,6055,买盘
1068,11:14:19,12.1,-0.01,15,18150,卖盘
1069,11:14:22,12.1,0.0,10,12103,卖盘
1070,11:14:24,12.11,0.01,21,25431,买盘
1071,11:14:28,12.1,-0.01,46,55736,卖盘
1072,11:14:33,12.11,0.01,517,626536,卖盘
1073,11:14:36,12.11,0.0,367,444233,卖盘
1074,11:14:40,12.1,-0.01,276,333960,卖盘
1075,11:14:43,12.11,0.01,300,363174,买盘
1076,11:14:49,12.11,0.0,8,9688,买盘
1077,11:14:52,12.11,0.0,58,70175,买盘
1078,11:14:54,12.1,-0.01,30,36300,中性盘
1079,11:14:57,12.1,0.0,2,2420,卖盘
1080,11:15:01,12.1,0.0,11,13310,卖盘
1081,11:15:04,12.11,0.01,18,21784,买盘
1082,11:15:07,12.1,-0.01,7,8475,卖盘
1083,11:15:10,12.1,0.0,6,7260,卖盘
1084,11:15:13,12.1,0.0,19,22990,卖盘
1085,11:15:16,12.11,0.01,25,30270,买盘
1086,11:15:19,12.11,0.0,10,12110,买盘
1087,11:15:22,12.11,0.0,41,49649,买盘
1088,11:15:25,12.11,0.0,51,61761,买盘
1089,11:15:27,12.1,-0.01,27,32695,卖盘
1090,11:15:31,12.11,0.01,52,62966,买盘
1091,11:15:33,12.11,0.0,44,53273,买盘
1092,11:15:37,12.12,0.01,40,48480,买盘
1093,11:15:39,12.12,0.0,3,3636,买盘
1094,11:15:42,12.12,0.0,40,48471,买盘
1095,11:15:46,12.12,0.0,2,2424,卖盘
1096,11:15:48,12.12,0.0,8,9702,卖盘
1097,11:15:57,12.12,0.0,3,3636,卖盘
1098,11:16:04,12.13,0.01,32,38805,买盘
1099,11:16:06,12.14,0.01,1,1214,中性盘
1100,11:16:12,12.12,-0.02,265,321393,卖盘
1101,11:16:15,12.12,0.0,16,19395,卖盘
1102,11:16:28,12.14,0.02,2,2428,卖盘
1103,11:16:34,12.14,0.0,11,13354,卖盘
1104,11:16:36,12.14,0.0,1,1214,卖盘
1105,11:16:39,12.14,0.0,12,14568,卖盘
1106,11:16:42,12.13,-0.01,2,2426,卖盘
1107,11:16:45,12.14,0.01,54,65553,买盘
1108,11:16:51,12.14,0.0,43,52171,买盘
1109,11:16:54,12.13,-0.01,153,185617,卖盘
1110,11:16:57,12.13,0.0,3,3639,卖盘
1111,11:17:04,12.13,0.0,19,23047,卖盘
1112,11:17:06,12.13,0.0,38,46094,卖盘
1113,11:17:09,12.13,0.0,1,1213,卖盘
1114,11:17:12,12.13,0.0,4,4852,卖盘
1115,11:17:15,12.13,0.0,2,2426,卖盘
1116,11:17:18,12.13,0.0,186,225618,卖盘
1117,11:17:21,12.13,0.0,15,18195,卖盘
1118,11:17:24,12.13,0.0,1,1213,卖盘
1119,11:17:27,12.13,0.0,3,3639,卖盘
1120,11:17:30,12.14,0.01,51,61914,买盘
1121,11:17:33,12.13,-0.01,11,13343,卖盘
1122,11:17:36,12.13,0.0,3,3639,卖盘
1123,11:17:42,12.13,0.0,2,2426,卖盘
1124,11:17:45,12.13,0.0,2,2426,卖盘
1125,11:17:54,12.14,0.01,4,4856,买盘
1126,11:17:57,12.14,0.0,2,2428,卖盘
1127,11:18:00,12.14,0.0,1,1214,卖盘
1128,11:18:04,12.14,0.0,4,4856,卖盘
1129,11:18:09,12.14,0.0,4,4856,买盘
1130,11:18:12,12.13,-0.01,90,109170,卖盘
1131,11:18:15,12.12,-0.01,5,6060,卖盘
1132,11:18:24,12.12,0.0,69,83638,卖盘
1133,11:18:27,12.12,0.0,168,203616,卖盘
1134,11:18:30,12.12,0.0,15,18180,卖盘
1135,11:18:34,12.12,0.0,24,29088,卖盘
1136,11:18:37,12.12,0.0,2,2424,卖盘
1137,11:18:39,12.12,0.0,1,1212,卖盘
1138,11:18:42,12.13,0.01,3,3637,买盘
1139,11:18:49,12.12,-0.01,12,14544,卖盘
1140,11:18:57,12.11,-0.01,2,2422,卖盘
1141,11:19:00,12.12,0.01,7,8484,买盘
1142,11:19:04,12.11,-0.01,30,36349,卖盘
1143,11:19:06,12.11,0.0,2,2422,卖盘
1144,11:19:09,12.12,0.01,61,73932,买盘
1145,11:19:12,12.12,0.0,6,7270,买盘
1146,11:19:15,12.12,0.0,70,84840,买盘
1147,11:19:18,12.12,0.0,119,144228,卖盘
1148,11:19:21,12.12,0.0,3,3636,买盘
1149,11:19:24,12.13,0.01,60,72721,买盘
1150,11:19:27,12.13,0.0,2,2426,卖盘
1151,11:19:33,12.13,0.0,16,19408,卖盘
1152,11:19:36,12.13,0.0,51,61863,卖盘
1153,11:19:42,12.12,-0.01,2,2424,卖盘
1154,11:19:45,12.13,0.01,11,13341,买盘
1155,11:19:57,12.13,0.0,10,12138,卖盘
1156,11:20:04,12.13,0.0,18,21834,卖盘
1157,11:20:09,12.14,0.01,131,159034,买盘
1158,11:20:12,12.14,0.0,2,2428,卖盘
1159,11:20:15,12.14,0.0,2,2428,卖盘
1160,11:20:18,12.14,0.0,16,19424,卖盘
1161,11:20:24,12.15,0.01,113,137195,买盘
1162,11:20:30,12.17,0.02,52,63280,买盘
1163,11:20:33,12.15,-0.02,53,64443,卖盘
1164,11:20:39,12.17,0.02,5,6084,买盘
1165,11:20:42,12.15,-0.02,2,2431,卖盘
1166,11:20:45,12.17,0.02,22,26770,买盘
1167,11:20:48,12.17,0.0,20,24340,买盘
1168,11:20:55,12.15,-0.02,3,3645,卖盘
1169,11:20:57,12.15,0.0,7,8505,卖盘
1170,11:21:13,12.14,-0.01,7,8503,卖盘
1171,11:21:15,12.14,0.0,3,3642,卖盘
1172,11:21:25,12.14,0.0,11,13354,卖盘
1173,11:21:28,12.14,0.0,3,3642,卖盘
1174,11:21:34,12.14,0.0,11,13354,卖盘
1175,11:21:39,12.15,0.01,6,7290,买盘
1176,11:21:42,12.14,-0.01,2,2428,卖盘
1177,11:21:45,12.14,0.0,22,26708,卖盘
1178,11:21:48,12.14,0.0,166,201601,买盘
1179,11:21:57,12.14,0.0,8,9712,卖盘
1180,11:22:00,12.16,0.02,5,6078,买盘
1181,11:22:04,12.16,0.0,14,17005,买盘
1182,11:22:06,12.14,-0.02,104,126319,卖盘
1183,11:22:09,12.14,0.0,7,8498,卖盘
1184,11:22:12,12.14,0.0,62,75328,卖盘
1185,11:22:15,12.15,0.01,2,2430,中性盘
1186,11:22:18,12.16,0.01,71,86333,买盘
1187,11:22:27,12.15,-0.01,3,3646,卖盘
1188,11:22:30,12.15,0.0,4,4860,卖盘
1189,11:22:33,12.15,0.0,103,125150,卖盘
1190,11:22:36,12.15,0.0,22,26730,买盘
1191,11:22:39,12.15,0.0,39,47385,买盘
1192,11:22:42,12.15,0.0,2,2430,卖盘
1193,11:22:45,12.15,0.0,4,4860,卖盘
1194,11:22:48,12.15,0.0,3,3645,卖盘
1195,11:22:51,12.15,0.0,2,2430,卖盘
1196,11:22:57,12.15,0.0,2,2430,卖盘
1197,11:23:00,12.16,0.01,4,4864,买盘
1198,11:23:04,12.15,-0.01,11,13365,卖盘
1199,11:23:06,12.15,0.0,1,1215,卖盘
1200,11:23:09,12.15,0.0,2,2430,卖盘
1201,11:23:15,12.14,-0.01,2,2428,卖盘
1202,11:23:18,12.15,0.01,63,76545,买盘
1203,11:23:22,12.14,-0.01,22,26717,卖盘
1204,11:23:24,12.15,0.01,10,12150,中性盘
1205,11:23:27,12.14,-0.01,5,6070,卖盘
1206,11:23:30,12.14,0.0,2,2428,卖盘
1207,11:23:33,12.14,0.0,11,13354,卖盘
1208,11:23:36,12.14,0.0,1,1214,卖盘
1209,11:23:39,12.14,0.0,135,163890,卖盘
1210,11:23:42,12.14,0.0,2,2428,卖盘
1211,11:23:45,12.14,0.0,9,10926,卖盘
1212,11:23:49,12.14,0.0,5,6070,卖盘
1213,11:23:55,12.14,0.0,2,2428,卖盘
1214,11:23:58,12.14,0.0,2,2428,卖盘
1215,11:24:04,12.14,0.0,11,13354,卖盘
1216,11:24:10,12.14,0.0,164,199096,卖盘
1217,11:24:12,12.15,0.01,89,108135,买盘
1218,11:24:15,12.15,0.0,24,29155,卖盘
1219,11:24:24,12.16,0.01,25,30381,买盘
1220,11:24:27,12.14,-0.02,2,2428,卖盘
1221,11:24:33,12.14,0.0,12,14568,卖盘
1222,11:24:36,12.15,0.01,3,3645,买盘
1223,11:24:42,12.14,-0.01,3,3642,卖盘
1224,11:24:45,12.14,0.0,2,2428,卖盘
1225,11:24:48,12.15,0.01,20,24300,买盘
1226,11:24:51,12.15,0.0,11,13364,买盘
1227,11:24:54,12.15,0.0,68,82620,买盘
1228,11:24:57,12.15,0.0,2,2430,卖盘
1229,11:25:00,12.15,0.0,4,4860,卖盘
1230,11:25:04,12.15,0.0,13,15795,卖盘
1231,11:25:09,12.15,0.0,1,1215,卖盘
1232,11:25:15,12.15,0.0,6,7290,卖盘
1233,11:25:19,12.15,0.0,24,29170,卖盘
1234,11:25:21,12.15,0.0,3,3645,买盘
1235,11:25:27,12.14,-0.01,2,2428,卖盘
1236,11:25:30,12.14,0.0,2,2428,卖盘
1237,11:25:33,12.14,0.0,12,14568,卖盘
1238,11:25:36,12.14,0.0,95,115330,卖盘
1239,11:25:39,12.15,0.01,10,12150,买盘
1240,11:25:42,12.14,-0.01,2,2428,卖盘
1241,11:25:45,12.14,0.0,129,156606,卖盘
1242,11:25:48,12.14,0.0,70,84980,卖盘
1243,11:25:54,12.15,0.01,13,15785,买盘
1244,11:25:57,12.14,-0.01,2,2428,卖盘
1245,11:26:00,12.14,0.0,24,29136,卖盘
1246,11:26:04,12.14,0.0,14,16996,卖盘
1247,11:26:07,12.15,0.01,2,2430,买盘
1248,11:26:09,12.15,0.0,1,1215,买盘
1249,11:26:13,12.14,-0.01,3,3642,卖盘
1250,11:26:15,12.14,0.0,2,2428,卖盘
1251,11:26:24,12.14,0.0,67,81338,卖盘
1252,11:26:28,12.14,0.0,2,2428,卖盘
1253,11:26:33,12.14,0.0,17,20641,卖盘
1254,11:26:39,12.14,0.0,19,23084,卖盘
1255,11:26:45,12.14,0.0,4,4856,卖盘
1256,11:26:48,12.14,0.0,1,1214,卖盘
1257,11:26:51,12.15,0.01,6,7290,买盘
1258,11:26:57,12.14,-0.01,2,2428,卖盘
1259,11:27:01,12.14,0.0,1,1214,卖盘
1260,11:27:04,12.15,0.01,24,29149,买盘
1261,11:27:06,12.14,-0.01,38,46132,卖盘
1262,11:27:10,12.15,0.01,24,29160,买盘
1263,11:27:12,12.15,0.0,8,9720,买盘
1264,11:27:15,12.15,0.0,22,26730,买盘
1265,11:27:18,12.19,0.04,3,3657,买盘
1266,11:27:24,12.15,-0.04,1,1215,卖盘
1267,11:27:27,12.15,0.0,2,2430,卖盘
1268,11:27:33,12.15,0.0,5,6075,卖盘
1269,11:27:36,12.15,0.0,6,7290,买盘
1270,11:27:42,12.15,0.0,2,2430,中性盘
1271,11:27:45,12.15,0.0,2,2430,卖盘
1272,11:27:48,12.15,0.0,1,1215,卖盘
1273,11:27:57,12.15,0.0,2,2430,卖盘
1274,11:28:04,12.15,0.0,9,10935,卖盘
1275,11:28:07,12.15,0.0,3,3645,买盘
1276,11:28:12,12.15,0.0,19,23085,卖盘
1277,11:28:21,12.14,-0.01,5,6074,卖盘
1278,11:28:28,12.14,0.0,2,2428,卖盘
1279,11:28:30,12.14,0.0,1,1214,卖盘
1280,11:28:33,12.18,0.04,14,17008,买盘
1281,11:28:36,12.18,0.0,5,6090,买盘
1282,11:28:45,12.18,0.0,6,7296,买盘
1283,11:28:48,12.18,0.0,7,8526,卖盘
1284,11:28:51,12.1,-0.08,1061,1285442,卖盘
1285,11:28:54,12.1,0.0,56,67770,卖盘
1286,11:29:00,12.1,0.0,2,2420,卖盘
1287,11:29:04,12.1,0.0,11,13310,卖盘
1288,11:29:09,12.11,0.01,1,1211,卖盘
1289,11:29:15,12.11,0.0,26,31486,卖盘
1290,11:29:18,12.1,-0.01,2,2421,卖盘
1291,11:29:21,12.11,0.01,1,1211,买盘
1292,11:29:24,12.07,-0.04,517,624900,卖盘
1293,11:29:30,12.07,0.0,2,2414,卖盘
1294,11:29:33,12.09,0.02,55,66427,卖盘
1295,11:29:36,12.06,-0.03,400,482600,卖盘
1296,11:29:42,12.08,0.02,5,6034,中性盘
1297,11:29:45,12.05,-0.03,1407,1692624,卖盘
1298,11:29:48,11.99,-0.06,231,277169,卖盘
1299,11:29:51,12.0,0.01,209,250574,买盘
1300,11:29:54,11.99,-0.01,5,5995,卖盘
1301,11:29:57,11.99,0.0,21,25181,卖盘
1302,11:30:01,11.98,-0.01,46,55191,卖盘
1303,13:00:01,11.99,0.01,14,16786,中性盘
1304,13:00:04,12.0,0.01,1111,1331255,买盘
1305,13:00:07,12.04,0.04,29,34867,买盘
1306,13:00:12,12.06,0.02,37,44557,买盘
1307,13:00:15,12.07,0.01,13,15681,买盘
1308,13:00:22,12.07,0.0,66,79774,卖盘
1309,13:00:24,12.06,-0.01,82,98930,卖盘
1310,13:00:30,12.06,0.0,10,12057,买盘
1311,13:00:33,12.06,0.0,20,24120,买盘
1312,13:00:36,12.05,-0.01,4,4820,卖盘
1313,13:00:42,12.04,-0.01,2,2408,卖盘
1314,13:00:45,12.04,0.0,79,95137,卖盘
1315,13:00:48,12.04,0.0,27,32508,买盘
1316,13:00:51,12.06,0.02,348,419688,买盘
1317,13:00:54,12.1,0.04,1,1210,买盘
1318,13:01:00,12.07,-0.03,2,2414,中性盘
1319,13:01:04,12.1,0.03,15,18114,买盘
1320,13:01:09,12.1,0.0,27,32634,买盘
1321,13:01:12,12.07,-0.03,35,42275,卖盘
1322,13:01:15,12.07,0.0,29,35003,买盘
1323,13:01:18,12.07,0.0,8,9656,买盘
1324,13:01:24,12.07,0.0,9,10863,买盘
1325,13:01:27,12.07,0.0,1,1207,买盘
1326,13:01:30,12.07,0.0,22,26554,买盘
1327,13:01:33,12.07,0.0,38,45866,卖盘
1328,13:01:36,12.06,-0.01,91,109817,卖盘
1329,13:01:39,12.06,0.0,25,30150,卖盘
1330,13:01:45,12.06,0.0,2,2412,卖盘
1331,13:01:48,12.06,0.0,20,24120,卖盘
1332,13:01:51,12.06,0.0,58,69948,卖盘
1333,13:01:54,12.06,0.0,8,9648,买盘
1334,13:02:00,12.05,-0.01,2,2410,卖盘
1335,13:02:04,12.05,0.0,62,74715,卖盘
1336,13:02:07,12.05,0.0,7,8435,买盘
1337,13:02:09,12.06,0.01,84,101304,买盘
1338,13:02:15,12.04,-0.02,2,2408,卖盘
1339,13:02:27,12.04,0.0,2,2408,卖盘
1340,13:02:33,12.03,-0.01,15,18059,卖盘
1341,13:02:36,12.06,0.03,3,3618,买盘
1342,13:02:42,12.06,0.0,10,12049,买盘
1343,13:02:45,12.04,-0.02,8,9632,卖盘
1344,13:02:48,12.04,0.0,7,8428,买盘
1345,13:02:51,12.04,0.0,7,8428,买盘
1346,13:02:57,12.04,0.0,42,50568,买盘
1347,13:03:00,12.04,0.0,50,60198,买盘
1348,13:03:04,12.04,0.0,81,97524,买盘
1349,13:03:06,12.05,0.01,26,31317,买盘
1350,13:03:09,12.05,0.0,20,24100,买盘
1351,13:03:12,12.07,0.02,14,16894,买盘
1352,13:03:15,12.1,0.03,43,52030,买盘
1353,13:03:18,12.1,0.0,1,1210,买盘
1354,13:03:21,12.1,0.0,26,31484,卖盘
1355,13:03:28,12.1,0.0,9,10890,买盘
1356,13:03:30,12.07,-0.03,5,6043,卖盘
1357,13:03:33,12.07,0.0,13,15691,卖盘
1358,13:03:39,12.08,0.01,10,12080,卖盘
1359,13:03:42,12.07,-0.01,7,8449,卖盘
1360,13:03:45,12.05,-0.02,3,3617,卖盘
1361,13:03:48,12.04,-0.01,10,12044,卖盘
1362,13:03:51,12.08,0.04,3,3622,买盘
1363,13:03:57,12.07,-0.01,3,3621,卖盘
1364,13:04:00,12.06,-0.01,2,2412,卖盘
1365,13:04:03,12.07,0.01,18,21726,买盘
1366,13:04:09,12.07,0.0,5,6035,卖盘
1367,13:04:12,12.06,-0.01,8,9648,卖盘
1368,13:04:15,12.07,0.01,4,4828,买盘
1369,13:04:18,12.07,0.0,1,1207,卖盘
1370,13:04:21,12.06,-0.01,1,1206,卖盘
1371,13:04:24,12.07,0.01,2,2414,买盘
1372,13:04:27,12.07,0.0,1,1207,卖盘
1373,13:04:30,12.07,0.0,2,2414,卖盘
1374,13:04:33,12.07,0.0,9,10863,卖盘
1375,13:04:42,12.07,0.0,4,4828,买盘
1376,13:04:45,12.07,0.0,2,2414,卖盘
1377,13:04:51,12.08,0.01,1,1208,买盘
1378,13:04:54,12.09,0.01,3,3627,买盘
1379,13:04:57,12.1,0.01,21,25391,买盘
1380,13:05:00,12.08,-0.02,2,2416,卖盘
1381,13:05:04,12.08,0.0,6,7248,卖盘
1382,13:05:15,12.07,-0.01,2,2414,卖盘
1383,13:05:21,12.08,0.01,3,3624,买盘
1384,13:05:24,12.07,-0.01,5,6038,卖盘
1385,13:05:30,12.07,0.0,2,2414,卖盘
1386,13:05:33,12.07,0.0,11,13277,卖盘
1387,13:05:45,12.07,0.0,2,2414,卖盘
1388,13:05:51,12.08,0.01,10,12080,买盘
1389,13:05:54,12.08,0.0,17,20536,买盘
1390,13:05:58,12.08,0.0,11,13288,卖盘
1391,13:06:00,12.07,-0.01,52,62805,卖盘
1392,13:06:04,12.07,0.0,11,13277,卖盘
1393,13:06:06,12.08,0.01,1,1208,中性盘
1394,13:06:09,12.07,-0.01,18,21726,卖盘
1395,13:06:12,12.07,0.0,8,9656,卖盘
1396,13:06:15,12.07,0.0,6,7242,卖盘
1397,13:06:18,12.08,0.01,30,36227,买盘
1398,13:06:24,12.06,-0.02,8,9648,卖盘
1399,13:06:27,12.06,0.0,1,1206,卖盘
1400,13:06:30,12.06,0.0,2,2412,卖盘
1401,13:06:33,12.06,0.0,11,13266,卖盘
1402,13:06:36,12.06,0.0,5,6030,卖盘
1403,13:06:39,12.07,0.01,26,31376,买盘
1404,13:06:42,12.07,0.0,10,12070,买盘
1405,13:06:45,12.06,-0.01,3,3618,卖盘
1406,13:06:57,12.05,-0.01,9,10845,卖盘
1407,13:07:00,12.06,0.01,2,2412,卖盘
1408,13:07:04,12.06,0.0,11,13266,卖盘
1409,13:07:09,12.06,0.0,3,3618,卖盘
1410,13:07:15,12.06,0.0,2,2412,卖盘
1411,13:07:18,12.06,0.0,6,7236,卖盘
1412,13:07:30,12.07,0.01,72,86902,买盘
1413,13:07:33,12.07,0.0,19,22941,卖盘
1414,13:07:36,12.08,0.01,47,56776,买盘
1415,13:07:39,12.08,0.0,215,259520,买盘
1416,13:07:51,12.08,0.0,11,13288,买盘
1417,13:07:54,12.07,-0.01,6,7244,卖盘
1418,13:08:00,12.11,0.04,23,27849,买盘
1419,13:08:07,12.1,-0.01,6,7265,卖盘
1420,13:08:09,12.11,0.01,2,2421,买盘
1421,13:08:12,12.11,0.0,2,2422,买盘
1422,13:08:15,12.11,0.0,7,8477,买盘
1423,13:08:21,12.12,0.01,5,6060,买盘
1424,13:08:24,12.12,0.0,2,2424,买盘
1425,13:08:27,12.12,0.0,38,46056,买盘
1426,13:08:30,12.11,-0.01,321,388738,卖盘
1427,13:08:36,12.11,0.0,26,31486,买盘
1428,13:08:39,12.11,0.0,24,29061,买盘
1429,13:08:42,12.11,0.0,12,14532,买盘
1430,13:08:45,12.11,0.0,3,3633,买盘
1431,13:08:48,12.11,0.0,17,20587,买盘
1432,13:08:54,12.1,-0.01,13,15730,卖盘
1433,13:08:57,12.1,0.0,9,10890,卖盘
1434,13:09:04,12.1,0.0,3,3630,买盘
1435,13:09:06,12.1,0.0,9,10890,买盘
1436,13:09:12,12.11,0.01,3,3633,买盘
1437,13:09:54,12.09,-0.02,11,13299,卖盘
1438,13:10:04,12.09,0.0,7,8463,卖盘
1439,13:10:06,12.1,0.01,3,3630,卖盘
1440,13:10:24,12.1,0.0,6,7260,买盘
1441,13:10:33,12.1,0.0,7,8470,卖盘
1442,13:10:39,12.1,0.0,37,44770,卖盘
1443,13:10:48,12.09,-0.01,1,1209,卖盘
1444,13:10:51,12.1,0.01,18,21771,买盘
1445,13:11:00,12.09,-0.01,1,1209,卖盘
1446,13:11:04,12.09,0.0,5,6045,卖盘
1447,13:11:06,12.09,0.0,3,3627,买盘
1448,13:11:15,12.1,0.01,85,102845,买盘
1449,13:11:21,12.09,-0.01,1,1209,买盘
1450,13:11:24,12.1,0.01,23,27830,买盘
1451,13:11:27,12.11,0.01,44,53284,买盘
1452,13:11:51,12.1,-0.01,9,10890,买盘
1453,13:11:54,12.08,-0.02,7,8456,卖盘
1454,13:12:04,12.09,0.01,14,16926,买盘
1455,13:12:06,12.1,0.01,5,6050,买盘
1456,13:12:12,12.08,-0.02,17,20550,卖盘
1457,13:12:24,12.09,0.01,66,79794,买盘
1458,13:12:27,12.09,0.0,1,1209,卖盘
1459,13:12:30,12.1,0.01,13,15730,买盘
1460,13:12:33,12.1,0.0,1,1210,买盘
1461,13:12:36,12.1,0.0,167,202070,买盘
1462,13:12:39,12.1,0.0,61,73810,买盘
1463,13:12:42,12.1,0.0,2,2420,卖盘
1464,13:12:45,12.12,0.02,17,20604,买盘
1465,13:12:48,12.12,0.0,9,10908,买盘
1466,13:12:51,12.12,0.0,15,18180,买盘
1467,13:12:54,12.13,0.01,12,14549,买盘
1468,13:13:04,12.14,0.01,11,13358,卖盘
1469,13:13:07,12.14,0.0,9,10926,卖盘
1470,13:13:10,12.15,0.01,38,46170,买盘
1471,13:13:34,12.15,0.0,8,9720,买盘
1472,13:13:42,12.15,0.0,8,9720,买盘
1473,13:13:51,12.15,0.0,15,18225,买盘
1474,13:13:54,12.14,-0.01,7,8498,卖盘
1475,13:13:57,12.15,0.01,16,19440,买盘
1476,13:14:04,12.15,0.0,4,4860,买盘
1477,13:14:07,12.15,0.0,21,25515,买盘
1478,13:14:10,12.16,0.01,16,19459,卖盘
1479,13:14:12,12.16,0.0,12,14592,买盘
1480,13:14:15,12.15,-0.01,1,1215,卖盘
1481,13:14:28,12.16,0.01,31,37696,买盘
1482,13:14:36,12.16,0.0,47,57152,买盘
1483,13:14:39,12.16,0.0,4,4864,买盘
1484,13:14:45,12.17,0.01,2,2434,买盘
1485,13:14:49,12.16,-0.01,3,3648,卖盘
1486,13:14:55,12.15,-0.01,42,51032,卖盘
1487,13:14:58,12.17,0.02,12,14584,买盘
1488,13:15:07,12.17,0.0,35,42593,买盘
1489,13:15:12,12.17,0.0,4,4869,买盘
1490,13:15:22,12.17,0.0,15,18255,卖盘
1491,13:15:25,12.16,-0.01,1,1216,卖盘
1492,13:15:27,12.16,0.0,1,1216,卖盘
1493,13:15:30,12.16,0.0,2,2432,卖盘
1494,13:15:51,12.16,0.0,4,4864,买盘
1495,13:15:54,12.15,-0.01,6,7290,卖盘
1496,13:16:04,12.15,0.0,9,10935,卖盘
1497,13:16:12,12.15,0.0,1,1215,买盘
1498,13:16:15,12.14,-0.01,19,23075,卖盘
1499,13:16:27,12.14,0.0,15,18210,买盘
1500,13:16:30,12.14,0.0,3,3642,买盘
1501,13:16:42,12.14,0.0,3,3642,买盘
1502,13:16:45,12.14,0.0,3,3642,买盘
1503,13:16:54,12.13,-0.01,10,12130,卖盘
1504,13:17:04,12.13,0.0,10,12130,卖盘
1505,13:17:06,12.13,0.0,19,23047,卖盘
1506,13:17:12,12.12,-0.01,20,24251,卖盘
1507,13:17:15,12.14,0.02,3,3642,买盘
1508,13:17:54,12.13,-0.01,10,12130,卖盘
1509,13:18:00,12.14,0.01,1,1214,买盘
1510,13:18:04,12.13,-0.01,16,19423,卖盘
1511,13:18:18,12.13,0.0,3,3639,买盘
1512,13:18:21,12.13,0.0,2,2426,买盘
1513,13:18:24,12.14,0.01,48,58272,买盘
1514,13:18:54,12.13,-0.01,7,8491,卖盘
1515,13:18:57,12.13,0.0,3,3639,买盘
1516,13:19:06,12.15,0.02,14,16990,买盘
1517,13:19:18,12.14,-0.01,3,3642,买盘
1518,13:19:24,12.15,0.01,64,77713,买盘
1519,13:19:36,12.14,-0.01,2,2428,卖盘
1520,13:19:54,12.14,0.0,10,12140,卖盘
1521,13:20:00,12.15,0.01,10,12150,买盘
1522,13:20:09,12.15,0.0,50,60750,买盘
1523,13:20:12,12.14,-0.01,19,23066,卖盘
1524,13:20:18,12.14,0.0,10,12140,买盘
1525,13:20:25,12.13,-0.01,39,47307,卖盘
1526,13:20:36,12.13,0.0,2,2426,买盘
1527,13:20:39,12.13,0.0,52,63026,买盘
1528,13:20:42,12.13,0.0,7,8491,买盘
1529,13:20:45,12.13,0.0,2,2426,买盘
1530,13:20:48,12.13,0.0,31,37573,买盘
1531,13:20:51,12.14,0.01,3,3642,买盘
1532,13:20:57,12.14,0.0,13,15782,买盘
1533,13:21:00,12.15,0.01,13,15795,买盘
1534,13:21:06,12.15,0.0,18,21870,买盘
1535,13:21:09,12.15,0.0,2,2430,买盘
1536,13:21:12,12.16,0.01,3,3648,买盘
1537,13:21:21,12.16,0.0,1,1216,买盘
1538,13:21:24,12.16,0.0,7,8512,卖盘
1539,13:21:28,12.17,0.01,1,1217,中性盘
1540,13:21:30,12.17,0.0,18,21906,卖盘
1541,13:21:36,12.16,-0.01,1,1216,卖盘
1542,13:21:39,12.18,0.02,58,70628,买盘
1543,13:21:48,12.18,0.0,6,7308,买盘
1544,13:22:01,12.21,0.03,222,270950,买盘
1545,13:22:04,12.21,0.0,55,66977,卖盘
1546,13:22:24,12.19,-0.02,9,10979,卖盘
1547,13:22:27,12.22,0.03,36,43984,买盘
1548,13:22:36,12.2,-0.02,11,13427,卖盘
1549,13:22:54,12.19,-0.01,5,6095,卖盘
1550,13:23:04,12.19,0.0,9,10968,买盘
1551,13:23:12,12.19,0.0,1,1219,买盘
1552,13:23:22,12.21,0.02,41,50011,买盘
1553,13:23:24,12.18,-0.03,13,15837,卖盘
1554,13:23:28,12.18,0.0,23,28014,买盘
1555,13:23:34,12.19,0.01,14,17066,卖盘
1556,13:23:48,12.23,0.04,127,155229,买盘
1557,13:24:24,12.22,-0.01,4,4891,卖盘
1558,13:24:40,12.22,0.0,8,9776,买盘
1559,13:24:45,12.23,0.01,12,14668,买盘
1560,13:24:57,12.21,-0.02,1,1221,卖盘
1561,13:25:01,12.21,0.0,2,2442,卖盘
1562,13:25:04,12.21,0.0,7,8547,卖盘
1563,13:25:16,12.21,0.0,4,4884,买盘
1564,13:25:19,12.21,0.0,1,1221,买盘
1565,13:25:22,12.23,0.02,100,122268,买盘
1566,13:25:43,12.23,0.0,23,28129,买盘
1567,13:25:49,12.23,0.0,15,18345,卖盘
1568,13:26:01,12.25,0.02,100,122499,买盘
1569,13:26:10,12.25,0.0,12,14700,买盘
1570,13:26:25,12.24,-0.01,7,8568,卖盘
1571,13:26:34,12.25,0.01,14,17150,卖盘
1572,13:26:37,12.25,0.0,67,82113,卖盘
1573,13:26:40,12.24,-0.01,4,4896,卖盘
1574,13:26:48,12.25,0.01,1,1225,卖盘
1575,13:26:51,12.25,0.0,1,1225,卖盘
1576,13:26:58,12.26,0.01,35,42910,买盘
1577,13:27:03,12.26,0.0,43,52718,卖盘
1578,13:27:07,12.26,0.0,7,8582,卖盘
1579,13:27:09,12.25,-0.01,9,11029,卖盘
1580,13:27:13,12.25,0.0,1,1225,卖盘
1581,13:27:18,12.25,0.0,25,30625,卖盘
1582,13:27:27,12.26,0.01,13,15928,买盘
1583,13:27:40,12.25,-0.01,1,1225,买盘
1584,13:27:43,12.24,-0.01,1,1224,卖盘
1585,13:27:54,12.24,0.0,26,31824,卖盘
1586,13:28:04,12.24,0.0,18,22032,卖盘
1587,13:28:15,12.23,-0.01,4,4892,卖盘
1588,13:28:19,12.24,0.01,10,12240,中性盘
1589,13:28:22,12.25,0.01,3,3675,买盘
1590,13:28:30,12.24,-0.01,13,15915,卖盘
1591,13:28:33,12.24,0.0,3,3672,买盘
1592,13:28:40,12.23,-0.01,18,22014,卖盘
1593,13:28:43,12.24,0.01,36,44064,买盘
1594,13:28:49,12.23,-0.01,1,1223,卖盘
1595,13:28:55,12.23,0.0,15,18347,卖盘
1596,13:28:58,12.24,0.01,1,1224,买盘
1597,13:29:00,12.25,0.01,28,34288,买盘
1598,13:29:04,12.25,0.0,34,41650,买盘
1599,13:29:07,12.26,0.01,102,125018,买盘
1600,13:29:10,12.26,0.0,4,4904,买盘
1601,13:29:28,12.25,-0.01,11,13475,卖盘
1602,13:29:30,12.26,0.01,42,51469,买盘
1603,13:29:39,12.25,-0.01,1,1225,中性盘
1604,13:29:54,12.24,-0.01,14,17136,卖盘
1605,13:30:04,12.24,0.0,22,26936,卖盘
1606,13:30:10,12.26,0.02,122,149561,买盘
1607,13:30:22,12.26,0.0,1,1226,卖盘
1608,13:30:34,12.26,0.0,17,20845,卖盘
1609,13:30:37,12.26,0.0,92,112792,卖盘
1610,13:30:43,12.24,-0.02,2,2448,卖盘
1611,13:30:49,12.22,-0.02,4,4888,卖盘
1612,13:31:07,12.2,-0.02,59,72016,卖盘
1613,13:31:10,12.2,0.0,5,6100,买盘
1614,13:31:13,12.2,0.0,94,114680,买盘
1615,13:31:19,12.22,0.02,3,3666,买盘
1616,13:31:25,12.2,-0.02,5,6100,卖盘
1617,13:31:27,12.22,0.02,13,15874,买盘
1618,13:31:30,12.23,0.01,3,3669,买盘
1619,13:31:34,12.23,0.0,3,3669,买盘
1620,13:31:45,12.22,-0.01,2,2444,卖盘
1621,13:31:48,12.22,0.0,19,23218,卖盘
1622,13:31:52,12.22,0.0,1,1222,买盘
1623,13:31:55,12.22,0.0,14,17108,卖盘
1624,13:32:13,12.21,-0.01,5,6105,卖盘
1625,13:32:24,12.21,0.0,12,14652,卖盘
1626,13:32:37,12.21,0.0,3,3663,买盘
1627,13:32:42,12.2,-0.01,3,3660,卖盘
1628,13:32:54,12.2,0.0,11,13420,卖盘
1629,13:33:00,12.22,0.02,10,12220,买盘
1630,13:33:21,12.19,-0.03,203,247621,卖盘
1631,13:33:25,12.18,-0.01,16,19492,卖盘
1632,13:33:27,12.23,0.05,18,21965,买盘
1633,13:33:30,12.18,-0.05,8,9744,卖盘
1634,13:33:33,12.21,0.03,16,19494,买盘
1635,13:33:39,12.18,-0.03,97,118296,卖盘
1636,13:33:45,12.23,0.05,15,18273,买盘
1637,13:33:48,12.2,-0.03,5,6100,卖盘
1638,13:33:51,12.2,0.0,22,26840,卖盘
1639,13:34:15,12.2,0.0,3,3660,买盘
1640,13:34:25,12.18,-0.02,2,2437,卖盘
1641,13:34:27,12.18,0.0,1,1218,卖盘
1642,13:34:36,12.18,0.0,12,14616,卖盘
1643,13:34:39,12.17,-0.01,8,9742,卖盘
1644,13:35:03,12.18,0.01,12,14616,卖盘
1645,13:35:06,12.2,0.02,4,4880,买盘
1646,13:35:12,12.2,0.0,3,3660,买盘
1647,13:35:19,12.2,0.0,3,3660,买盘
1648,13:35:21,12.2,0.0,4,4880,买盘
1649,13:35:24,12.2,0.0,3,3660,买盘
1650,13:35:33,12.2,0.0,5,6100,卖盘
1651,13:35:36,12.2,0.0,7,8540,买盘
1652,13:35:42,12.2,0.0,2,2440,卖盘
1653,13:36:01,12.2,0.0,18,21960,卖盘
1654,13:36:13,12.19,-0.01,10,12190,卖盘
1655,13:36:15,12.19,0.0,11,13409,买盘
1656,13:36:24,12.17,-0.02,30,36510,卖盘
1657,13:36:33,12.17,0.0,12,14604,卖盘
1658,13:37:04,12.18,0.01,17,20706,卖盘
1659,13:37:18,12.18,0.0,11,13398,卖盘
1660,13:37:43,12.18,0.0,3,3654,买盘
1661,13:37:45,12.18,0.0,23,28014,买盘
1662,13:37:48,12.18,0.0,5,6090,买盘
1663,13:37:51,12.19,0.01,3,3657,买盘
1664,13:38:06,12.19,0.0,12,14628,买盘
1665,13:38:27,12.2,0.01,25,30500,买盘
1666,13:38:33,12.2,0.0,12,14640,卖盘
1667,13:38:45,12.22,0.02,9,10998,卖盘
1668,13:38:48,12.21,-0.01,1,1221,卖盘
1669,13:38:54,12.21,0.0,1,1221,卖盘
1670,13:39:04,12.21,0.0,15,18318,卖盘
1671,13:39:27,12.21,0.0,23,28083,卖盘
1672,13:39:54,12.18,-0.03,11,13398,卖盘
1673,13:39:57,12.18,0.0,4,4872,买盘
1674,13:40:04,12.18,0.0,12,14616,中性盘
1675,13:40:27,12.21,0.03,4,4884,买盘
1676,13:40:48,12.2,-0.01,3,3660,买盘
1677,13:40:54,12.19,-0.01,12,14628,卖盘
1678,13:41:00,12.19,0.0,6,7314,卖盘
1679,13:41:06,12.18,-0.01,2,2436,卖盘
1680,13:41:18,12.18,0.0,4,4872,卖盘
1681,13:41:24,12.18,0.0,11,13398,卖盘
1682,13:41:30,12.19,0.01,4,4875,买盘
1683,13:41:39,12.19,0.0,3,3657,买盘
1684,13:41:48,12.19,0.0,1,1219,买盘
1685,13:41:54,12.18,-0.01,5,6090,卖盘
1686,13:41:57,12.18,0.0,7,8526,买盘
1687,13:42:25,12.17,-0.01,12,14604,卖盘
1688,13:42:30,12.18,0.01,1,1218,买盘
1689,13:42:33,12.18,0.0,12,14616,卖盘
1690,13:42:51,12.19,0.01,3,3657,买盘
1691,13:42:57,12.19,0.0,3,3657,买盘
1692,13:43:25,12.18,-0.01,2,2436,卖盘
1693,13:43:27,12.18,0.0,10,12180,卖盘
1694,13:43:33,12.18,0.0,7,8526,卖盘
1695,13:43:39,12.18,0.0,5,6090,买盘
1696,13:43:45,12.17,-0.01,10,12170,卖盘
1697,13:43:54,12.18,0.01,4,4872,卖盘
1698,13:44:22,12.18,0.0,3,3654,买盘
1699,13:44:25,12.17,-0.01,11,13387,卖盘
1700,13:44:34,12.17,0.0,15,18258,卖盘
1701,13:44:48,12.17,0.0,15,18255,卖盘
1702,13:44:55,12.18,0.01,2,2436,买盘
1703,13:44:57,12.18,0.0,1,1218,卖盘
1704,13:45:24,12.17,-0.01,12,14604,卖盘
1705,13:45:33,12.17,0.0,12,14604,卖盘
1706,13:45:54,12.18,0.01,1,1218,买盘
1707,13:45:57,12.18,0.0,1,1218,卖盘
1708,13:46:00,12.18,0.0,4,4872,卖盘
1709,13:46:03,12.17,-0.01,2,2435,卖盘
1710,13:46:15,12.17,0.0,1,1217,卖盘
1711,13:46:19,12.18,0.01,11,13397,买盘
1712,13:46:25,12.17,-0.01,8,9736,卖盘
1713,13:46:27,12.17,0.0,1,1217,卖盘
1714,13:46:31,12.18,0.01,8,9744,买盘
1715,13:46:34,12.18,0.0,2,2436,卖盘
1716,13:46:43,12.17,-0.01,1,1217,卖盘
1717,13:46:46,12.17,0.0,10,12170,卖盘
1718,13:46:55,12.17,0.0,10,12174,卖盘
1719,13:46:57,12.18,0.01,3,3654,买盘
1720,13:47:04,12.18,0.0,1,1218,买盘
1721,13:47:06,12.18,0.0,3,3654,买盘
1722,13:47:24,12.17,-0.01,12,14604,卖盘
1723,13:47:30,12.18,0.01,1,1218,买盘
1724,13:47:33,12.18,0.0,12,14616,卖盘
1725,13:47:36,12.18,0.0,1,1218,卖盘
1726,13:47:39,12.18,0.0,1,1218,卖盘
1727,13:47:42,12.18,0.0,17,20706,卖盘
1728,13:47:45,12.18,0.0,4,4872,卖盘
1729,13:47:57,12.18,0.0,3,3654,买盘
1730,13:48:09,12.18,0.0,7,8526,买盘
1731,13:48:13,12.18,0.0,10,12180,买盘
1732,13:48:33,12.18,0.0,12,14616,卖盘
1733,13:48:42,12.18,0.0,9,10962,卖盘
1734,13:49:00,12.19,0.01,47,57293,买盘
1735,13:49:04,12.19,0.0,12,14628,卖盘
1736,13:49:12,12.2,0.01,1,1220,买盘
1737,13:49:36,12.19,-0.01,5,6095,卖盘
1738,13:49:45,12.19,0.0,4,4876,卖盘
1739,13:49:48,12.2,0.01,20,24400,买盘
1740,13:50:00,12.21,0.01,3,3663,买盘
1741,13:50:04,12.2,-0.01,4,4880,卖盘
1742,13:50:19,12.2,0.0,5,6100,卖盘
1743,13:50:24,12.2,0.0,12,14640,卖盘
1744,13:50:30,12.19,-0.01,4,4876,卖盘
1745,13:50:33,12.19,0.0,12,14637,卖盘
1746,13:50:45,12.22,0.03,6,7332,买盘
1747,13:50:48,12.2,-0.02,4,4880,卖盘
1748,13:51:00,12.2,0.0,4,4880,卖盘
1749,13:51:04,12.21,0.01,15,18303,中性盘
1750,13:51:12,12.22,0.01,1,1222,买盘
1751,13:51:15,12.2,-0.02,4,4880,卖盘
1752,13:51:30,12.22,0.02,29,35428,买盘
1753,13:51:48,12.2,-0.02,6,7320,卖盘
1754,13:51:51,12.2,0.0,18,21960,卖盘
1755,13:51:54,12.19,-0.01,4,4876,卖盘
1756,13:51:57,12.19,0.0,7,8533,买盘
1757,13:52:00,12.2,0.01,3,3660,买盘
1758,13:52:04,12.2,0.0,17,20740,买盘
1759,13:52:15,12.2,0.0,4,4881,卖盘
1760,13:52:28,12.21,0.01,3,3663,卖盘
1761,13:52:30,12.21,0.0,4,4884,卖盘
1762,13:52:48,12.22,0.01,24,29309,买盘
1763,13:53:01,12.2,-0.02,5,6100,卖盘
1764,13:53:04,12.2,0.0,7,8540,卖盘
1765,13:53:06,12.2,0.0,4,4880,买盘
1766,13:53:15,12.21,0.01,4,4884,卖盘
1767,13:53:30,12.21,0.0,4,4884,卖盘
1768,13:53:33,12.21,0.0,3,3663,卖盘
1769,13:53:45,12.2,-0.01,4,4880,卖盘
1770,13:53:54,12.19,-0.01,23,28043,卖盘
1771,13:54:01,12.18,-0.01,4,4872,卖盘
1772,13:54:03,12.18,0.0,12,14616,卖盘
1773,13:54:06,12.19,0.01,28,34132,买盘
1774,13:54:10,12.19,0.0,2,2438,买盘
1775,13:54:15,12.19,0.0,5,6095,卖盘
1776,13:54:31,12.19,0.0,4,4876,卖盘
1777,13:54:33,12.19,0.0,5,6095,卖盘
1778,13:54:39,12.19,0.0,1,1219,买盘
1779,13:54:43,12.19,0.0,1,1219,买盘
1780,13:54:45,12.19,0.0,9,10967,买盘
1781,13:55:03,12.19,0.0,16,19504,卖盘
1782,13:55:09,12.2,0.01,3,3660,中性盘
1783,13:55:15,12.19,-0.01,4,4876,卖盘
1784,13:55:18,12.2,0.01,7,8540,买盘
1785,13:55:30,12.2,0.0,5,6100,卖盘
1786,13:55:33,12.2,0.0,1,1220,卖盘
1787,13:55:42,12.2,0.0,3,3660,买盘
1788,13:55:49,12.19,-0.01,4,4876,卖盘
1789,13:55:54,12.19,0.0,8,9752,卖盘
1790,13:55:57,12.2,0.01,3,3660,买盘
1791,13:56:00,12.19,-0.01,6,7319,卖盘
1792,13:56:04,12.21,0.02,13,15849,买盘
1793,13:56:15,12.2,-0.01,4,4880,卖盘
1794,13:56:27,12.24,0.04,100,122281,买盘
1795,13:56:34,12.2,-0.04,4,4880,卖盘
1796,13:56:39,12.21,0.01,1,1221,买盘
1797,13:56:45,12.2,-0.01,5,6100,卖盘
1798,13:56:49,12.21,0.01,2,2442,买盘
1799,13:56:55,12.2,-0.01,5,6100,卖盘
1800,13:56:58,12.19,-0.01,7,8533,卖盘
1801,13:57:01,12.19,0.0,4,4876,卖盘
1802,13:57:04,12.19,0.0,8,9757,卖盘
1803,13:57:07,12.19,0.0,4,4876,买盘
1804,13:57:12,12.18,-0.01,6,7320,卖盘
1805,13:57:15,12.19,0.01,3,3657,卖盘
1806,13:57:19,12.19,0.0,1,1219,买盘
1807,13:57:27,12.2,0.01,3,3660,买盘
1808,13:57:30,12.21,0.01,7,8543,买盘
1809,13:57:33,12.21,0.0,4,4884,卖盘
1810,13:57:45,12.2,-0.01,5,6101,卖盘
1811,13:57:55,12.2,0.0,7,8540,卖盘
1812,13:57:58,12.21,0.01,10,12210,买盘
1813,13:58:00,12.21,0.0,4,4884,卖盘
1814,13:58:04,12.21,0.0,7,8547,卖盘
1815,13:58:13,12.21,0.0,4,4884,买盘
1816,13:58:15,12.21,0.0,1,1221,买盘
1817,13:58:18,12.21,0.0,5,6105,卖盘
1818,13:58:27,12.22,0.01,1,1222,卖盘
1819,13:58:31,12.21,-0.01,25,30525,卖盘
1820,13:58:45,12.2,-0.01,4,4880,卖盘
1821,13:58:55,12.2,0.0,4,4880,卖盘
1822,13:59:01,12.19,-0.01,4,4876,卖盘
1823,13:59:04,12.19,0.0,2,2438,卖盘
1824,13:59:06,12.19,0.0,10,12190,卖盘
1825,13:59:15,12.19,0.0,4,4876,卖盘
1826,13:59:30,12.2,0.01,5,6100,卖盘
1827,13:59:33,12.2,0.0,3,3660,卖盘
1828,13:59:45,12.19,-0.01,4,4876,卖盘
1829,13:59:48,12.2,0.01,7,8540,买盘
1830,13:59:54,12.19,-0.01,8,9752,卖盘
1831,13:59:58,12.2,0.01,5,6100,买盘
1832,14:00:01,12.19,-0.01,4,4876,卖盘
1833,14:00:03,12.19,0.0,10,12190,卖盘
1834,14:00:16,12.19,0.0,4,4876,卖盘
1835,14:00:18,12.2,0.01,3,3660,中性盘
1836,14:00:27,12.19,-0.01,2,2438,卖盘
1837,14:00:30,12.19,0.0,8,9752,卖盘
1838,14:00:34,12.19,0.0,11,13409,卖盘
1839,14:00:36,12.18,-0.01,2,2436,卖盘
1840,14:00:42,12.18,0.0,37,45066,卖盘
1841,14:00:45,12.18,0.0,56,68208,卖盘
1842,14:00:49,12.17,-0.01,27,32859,卖盘
1843,14:00:51,12.17,0.0,8,9736,卖盘
1844,14:00:55,12.16,-0.01,14,17035,卖盘
1845,14:00:57,12.16,0.0,2,2432,卖盘
1846,14:01:01,12.16,0.0,4,4864,卖盘
1847,14:01:04,12.16,0.0,16,19456,卖盘
1848,14:01:07,12.16,0.0,4,4864,卖盘
1849,14:01:19,12.16,0.0,7,8508,买盘
1850,14:01:22,12.15,-0.01,4,4860,卖盘
1851,14:01:25,12.16,0.01,16,19456,买盘
1852,14:01:34,12.16,0.0,13,15808,卖盘
1853,14:01:37,12.17,0.01,4,4867,买盘
1854,14:01:46,12.17,0.0,1,1217,买盘
1855,14:01:49,12.17,0.0,5,6081,买盘
1856,14:01:55,12.16,-0.01,15,18251,卖盘
1857,14:02:04,12.16,0.0,4,4864,卖盘
1858,14:02:10,12.16,0.0,3,3648,买盘
1859,14:02:16,12.16,0.0,18,21878,买盘
1860,14:02:18,12.16,0.0,4,4864,卖盘
1861,14:02:21,12.17,0.01,1,1217,卖盘
1862,14:02:24,12.17,0.0,2,2434,卖盘
1863,14:02:34,12.16,-0.01,5,6080,卖盘
1864,14:02:39,12.16,0.0,33,40128,卖盘
1865,14:02:49,12.16,0.0,4,4864,卖盘
1866,14:02:55,12.16,0.0,9,10944,卖盘
1867,14:02:57,12.16,0.0,1,1216,买盘
1868,14:03:01,12.16,0.0,7,8512,卖盘
1869,14:03:04,12.17,0.01,13,15817,买盘
1870,14:03:07,12.16,-0.01,12,14592,买盘
1871,14:03:19,12.18,0.02,7,8518,买盘
1872,14:03:27,12.17,-0.01,3,3651,卖盘
1873,14:03:34,12.16,-0.01,5,6080,卖盘
1874,14:03:49,12.17,0.01,12,14600,买盘
1875,14:03:52,12.17,0.0,4,4868,买盘
1876,14:03:55,12.17,0.0,7,8519,卖盘
1877,14:04:04,12.18,0.01,35,42616,买盘
1878,14:04:07,12.18,0.0,20,24360,买盘
1879,14:04:16,12.18,0.0,18,21920,买盘
1880,14:04:19,12.18,0.0,6,7308,买盘
1881,14:04:28,12.2,0.02,3,3660,买盘
1882,14:04:30,12.2,0.0,14,17057,买盘
1883,14:04:37,12.19,-0.01,4,4876,买盘
1884,14:04:42,12.2,0.01,3,3660,买盘
1885,14:04:48,12.19,-0.01,1,1219,卖盘
1886,14:04:52,12.19,0.0,4,4876,买盘
1887,14:04:54,12.19,0.0,9,10979,卖盘
1888,14:04:57,12.2,0.01,40,48788,买盘
1889,14:05:01,12.17,-0.03,4,4868,中性盘
1890,14:05:04,12.17,0.0,13,15821,卖盘
1891,14:05:16,12.2,0.03,5,6084,买盘
1892,14:05:25,12.2,0.0,2,2440,买盘
1893,14:05:28,12.2,0.0,7,8540,买盘
1894,14:05:31,12.2,0.0,2,2440,买盘
1895,14:05:34,12.2,0.0,5,6088,买盘
1896,14:05:37,12.2,0.0,4,4880,买盘
1897,14:05:39,12.2,0.0,19,23180,买盘
1898,14:05:43,12.2,0.0,11,13420,买盘
1899,14:05:46,12.19,-0.01,4,4878,中性盘
1900,14:05:55,12.21,0.02,2,2442,买盘
1901,14:05:57,12.21,0.0,33,40293,买盘
1902,14:06:00,12.2,-0.01,30,36629,卖盘
1903,14:06:04,12.2,0.0,13,15860,卖盘
1904,14:06:10,12.22,0.02,1,1222,买盘
1905,14:06:13,12.22,0.0,9,10998,买盘
1906,14:06:16,12.22,0.0,24,29328,买盘
1907,14:06:19,12.23,0.01,14,17118,买盘
1908,14:06:22,12.23,0.0,2,2446,买盘
1909,14:06:28,12.23,0.0,3,3669,买盘
1910,14:06:34,12.22,-0.01,4,4888,卖盘
1911,14:06:45,12.22,0.0,5,6110,卖盘
1912,14:06:49,12.22,0.0,4,4888,卖盘
1913,14:06:52,12.22,0.0,4,4888,卖盘
1914,14:06:55,12.22,0.0,33,40346,卖盘
1915,14:06:58,12.22,0.0,11,13442,卖盘
1916,14:07:00,12.22,0.0,4,4888,卖盘
1917,14:07:03,12.22,0.0,13,15886,卖盘
1918,14:07:16,12.22,0.0,4,4888,卖盘
1919,14:07:25,12.22,0.0,5,6110,卖盘
1920,14:07:28,12.23,0.01,7,8561,买盘
1921,14:07:31,12.23,0.0,8,9784,买盘
1922,14:07:34,12.23,0.0,18,22014,卖盘
1923,14:07:46,12.24,0.01,14,17132,买盘
1924,14:07:58,12.23,-0.01,2,2446,卖盘
1925,14:08:04,12.23,0.0,16,19568,卖盘
1926,14:08:19,12.22,-0.01,19,23218,卖盘
1927,14:08:25,12.21,-0.01,1,1221,卖盘
1928,14:08:34,12.22,0.01,17,20774,卖盘
1929,14:08:46,12.24,0.02,6,7344,买盘
1930,14:08:49,12.22,-0.02,5,6110,卖盘
1931,14:08:52,12.24,0.02,4,4896,买盘
1932,14:09:01,12.22,-0.02,4,4888,卖盘
1933,14:09:04,12.22,0.0,17,20782,卖盘
1934,14:09:19,12.22,0.0,4,4888,卖盘
1935,14:09:25,12.22,0.0,4,4888,卖盘
1936,14:09:34,12.22,0.0,31,37893,卖盘
1937,14:09:37,12.24,0.02,4,4893,买盘
1938,14:09:43,12.2,-0.04,67,81790,卖盘
1939,14:09:49,12.23,0.03,15,18303,买盘
1940,14:09:55,12.24,0.01,17,20774,买盘
1941,14:09:58,12.24,0.0,4,4896,买盘
1942,14:10:00,12.19,-0.05,4,4876,中性盘
1943,14:10:04,12.19,0.0,17,20718,卖盘
1944,14:10:06,12.19,0.0,2,2438,买盘
1945,14:10:09,12.24,0.05,4,4896,买盘
1946,14:10:16,12.19,-0.05,4,4876,卖盘
1947,14:10:21,12.21,0.02,4,4884,中性盘
1948,14:10:34,12.21,0.0,9,10989,卖盘
1949,14:10:36,12.21,0.0,13,15873,买盘
1950,14:10:39,12.21,0.0,1,1221,卖盘
1951,14:10:42,12.21,0.0,1,1221,卖盘
1952,14:10:45,12.21,0.0,10,12210,卖盘
1953,14:10:48,12.21,0.0,2,2442,卖盘
1954,14:11:04,12.2,-0.01,2,2440,卖盘
1955,14:11:15,12.19,-0.01,5,6095,卖盘
1956,14:11:18,12.19,0.0,4,4876,卖盘
1957,14:11:25,12.19,0.0,9,10971,卖盘
1958,14:11:28,12.19,0.0,5,6095,买盘
1959,14:11:30,12.19,0.0,1,1219,卖盘
1960,14:11:33,12.19,0.0,7,8533,买盘
1961,14:11:36,12.19,0.0,7,8533,买盘
1962,14:11:40,12.19,0.0,7,8533,买盘
1963,14:11:45,12.18,-0.01,4,4873,卖盘
1964,14:11:49,12.18,0.0,4,4872,卖盘
1965,14:12:01,12.19,0.01,1,1219,卖盘
1966,14:12:04,12.19,0.0,2,2438,买盘
1967,14:12:06,12.18,-0.01,4,4872,卖盘
1968,14:12:16,12.19,0.01,3,3657,买盘
1969,14:12:22,12.18,-0.01,22,26811,卖盘
1970,14:12:34,12.18,0.0,17,20706,卖盘
1971,14:12:37,12.18,0.0,5,6093,卖盘
1972,14:12:51,12.18,0.0,76,92568,卖盘
1973,14:12:54,12.17,-0.01,5,6085,卖盘
1974,14:12:57,12.18,0.01,4,4872,买盘
1975,14:13:01,12.17,-0.01,4,4869,卖盘
1976,14:13:04,12.17,0.0,13,15827,卖盘
1977,14:13:07,12.18,0.01,7,8526,买盘
1978,14:13:15,12.18,0.0,4,4872,卖盘
1979,14:13:18,12.18,0.0,6,7308,卖盘
1980,14:13:31,12.18,0.0,4,4872,卖盘
1981,14:13:33,12.18,0.0,20,24363,卖盘
1982,14:13:39,12.19,0.01,20,24380,买盘
1983,14:13:45,12.18,-0.01,5,6090,卖盘
1984,14:13:48,12.18,0.0,4,4872,卖盘
1985,14:14:01,12.18,0.0,4,4872,卖盘
1986,14:14:04,12.18,0.0,18,21924,卖盘
1987,14:14:18,12.18,0.0,4,4872,卖盘
1988,14:14:24,12.18,0.0,12,14616,卖盘
1989,14:14:30,12.21,0.03,4,4884,买盘
1990,14:14:33,12.19,-0.02,2,2438,卖盘
1991,14:14:37,12.19,0.0,4,4876,买盘
1992,14:14:39,12.19,0.0,2,2438,买盘
1993,14:14:45,12.19,0.0,2,2438,卖盘
1994,14:14:51,12.18,-0.01,4,4872,卖盘
1995,14:14:54,12.18,0.0,13,15834,卖盘
1996,14:14:58,12.19,0.01,3,3657,买盘
1997,14:15:01,12.18,-0.01,5,6090,卖盘
1998,14:15:04,12.18,0.0,12,14616,卖盘
1999,14:15:06,12.18,0.0,4,4872,卖盘
2000,14:15:18,12.18,0.0,9,10962,卖盘
2001,14:15:33,12.18,0.0,16,19488,卖盘
2002,14:15:43,12.19,0.01,3,3657,买盘
2003,14:15:45,12.18,-0.01,4,4872,卖盘
2004,14:15:48,12.18,0.0,6,7313,卖盘
2005,14:15:51,12.18,0.0,3,3654,买盘
2006,14:16:00,12.18,0.0,1,1218,卖盘
2007,14:16:04,12.18,0.0,5,6090,买盘
2008,14:16:06,12.19,0.01,14,17056,买盘
2009,14:16:12,12.21,0.02,3,3661,买盘
2010,14:16:18,12.18,-0.03,3,3654,卖盘
2011,14:16:21,12.18,0.0,2,2436,买盘
2012,14:16:34,12.18,0.0,12,14616,卖盘
2013,14:16:37,12.18,0.0,4,4872,中性盘
2014,14:16:45,12.17,-0.01,4,4871,卖盘
2015,14:17:04,12.17,0.0,16,19476,卖盘
2016,14:17:12,12.23,0.06,11,13433,买盘
2017,14:17:18,12.18,-0.05,4,4872,卖盘
2018,14:17:21,12.23,0.05,1,1223,买盘
2019,14:17:25,12.23,0.0,18,22014,买盘
2020,14:17:34,12.19,-0.04,4,4876,卖盘
2021,14:17:37,12.19,0.0,1,1219,卖盘
2022,14:17:39,12.23,0.04,4,4892,买盘
2023,14:17:46,12.23,0.0,2,2446,买盘
2024,14:17:49,12.19,-0.04,5,6098,卖盘
2025,14:17:52,12.23,0.04,6,7338,买盘
2026,14:17:55,12.23,0.0,2,2446,卖盘
2027,14:18:01,12.23,0.0,6,7322,买盘
2028,14:18:07,12.19,-0.04,1,1219,卖盘
2029,14:18:19,12.19,0.0,4,4876,卖盘
2030,14:18:25,12.19,0.0,12,14628,卖盘
2031,14:18:31,12.23,0.04,21,25683,买盘
2032,14:18:34,12.19,-0.04,15,18331,卖盘
2033,14:18:37,12.19,0.0,1,1219,卖盘
2034,14:18:40,12.2,0.01,1,1220,中性盘
2035,14:18:46,12.21,0.01,4,4884,卖盘
2036,14:18:51,12.22,0.01,3,3666,卖盘
2037,14:18:54,12.22,0.0,1,1222,卖盘
2038,14:18:57,12.21,-0.01,4,4884,卖盘
2039,14:19:04,12.21,0.0,17,20760,卖盘
2040,14:19:06,12.21,0.0,1,1221,卖盘
2041,14:19:09,12.23,0.02,7,8559,买盘
2042,14:19:13,12.21,-0.02,2,2442,卖盘
2043,14:19:15,12.21,0.0,6,7328,卖盘
2044,14:19:18,12.21,0.0,11,13431,卖盘
2045,14:19:22,12.21,0.0,7,8547,卖盘
2046,14:19:24,12.21,0.0,11,13431,卖盘
2047,14:19:27,12.21,0.0,22,26862,卖盘
2048,14:19:30,12.21,0.0,21,25641,卖盘
2049,14:19:33,12.21,0.0,30,36630,卖盘
2050,14:19:37,12.21,0.0,7,8547,卖盘
2051,14:19:39,12.21,0.0,8,9768,卖盘
2052,14:19:42,12.21,0.0,4,4884,卖盘
2053,14:19:46,12.21,0.0,2,2442,卖盘
2054,14:19:49,12.21,0.0,10,12213,卖盘
2055,14:19:51,12.21,0.0,10,12210,卖盘
2056,14:19:54,12.21,0.0,3,3663,卖盘
2057,14:19:57,12.21,0.0,2,2442,卖盘
2058,14:20:03,12.19,-0.02,4,4876,卖盘
2059,14:20:06,12.19,0.0,1,1219,卖盘
2060,14:20:18,12.21,0.02,3,3663,买盘
2061,14:20:21,12.19,-0.02,6,7314,卖盘
2062,14:20:25,12.19,0.0,11,13409,卖盘
2063,14:20:33,12.19,0.0,18,21942,卖盘
2064,14:20:49,12.19,0.0,4,4876,卖盘
2065,14:20:52,12.2,0.01,1,1220,中性盘
2066,14:21:04,12.2,0.0,3,3660,卖盘
2067,14:21:06,12.17,-0.03,430,523557,卖盘
2068,14:21:10,12.17,0.0,7,8517,买盘
2069,14:21:13,12.17,0.0,1,1217,买盘
2070,14:21:15,12.16,-0.01,4,4864,卖盘
2071,14:21:18,12.17,0.01,7,8519,买盘
2072,14:21:21,12.17,0.0,62,75454,买盘
2073,14:21:25,12.17,0.0,9,10953,卖盘
2074,14:21:31,12.17,0.0,5,6085,卖盘
2075,14:21:34,12.17,0.0,13,15821,卖盘
2076,14:21:45,12.21,0.04,4,4884,买盘
2077,14:21:48,12.17,-0.04,7,8531,卖盘
2078,14:22:04,12.17,0.0,17,20693,卖盘
2079,14:22:12,12.21,0.04,5,6105,买盘
2080,14:22:19,12.17,-0.04,4,4868,卖盘
2081,14:22:34,12.18,0.01,17,20693,中性盘
2082,14:22:42,12.21,0.03,3,3663,买盘
2083,14:22:49,12.22,0.01,8,9758,买盘
2084,14:23:07,12.18,-0.04,5,6090,卖盘
2085,14:23:15,12.18,0.0,4,4872,卖盘
2086,14:23:25,12.17,-0.01,13,15821,卖盘
2087,14:23:34,12.17,0.0,17,20689,卖盘
2088,14:23:45,12.21,0.04,10,12198,买盘
2089,14:24:04,12.19,-0.02,2,2438,卖盘
2090,14:24:06,12.19,0.0,4,4876,卖盘
2091,14:24:19,12.19,0.0,3,3657,卖盘
2092,14:24:22,12.19,0.0,6,7314,买盘
2093,14:24:24,12.18,-0.01,13,15834,卖盘
2094,14:24:31,12.18,0.0,4,4872,卖盘
2095,14:24:34,12.18,0.0,13,15834,卖盘
2096,14:24:37,12.18,0.0,1,1218,卖盘
2097,14:24:39,12.19,0.01,10,12190,买盘
2098,14:24:43,12.17,-0.02,349,424756,卖盘
2099,14:24:46,12.16,-0.01,3,3648,卖盘
2100,14:24:49,12.16,0.0,4,4864,卖盘
2101,14:24:51,12.17,0.01,39,47462,买盘
2102,14:25:04,12.16,-0.01,15,18251,卖盘
2103,14:25:19,12.16,0.0,4,4864,卖盘
2104,14:25:24,12.16,0.0,14,17024,卖盘
2105,14:25:33,12.16,0.0,29,35274,卖盘
2106,14:25:37,12.16,0.0,12,14603,卖盘
2107,14:25:46,12.17,0.01,15,18255,买盘
2108,14:25:49,12.16,-0.01,171,208103,卖盘
2109,14:25:58,12.17,0.01,21,25557,卖盘
2110,14:26:01,12.16,-0.01,1,1216,卖盘
2111,14:26:04,12.16,0.0,17,20672,卖盘
2112,14:26:07,12.16,0.0,1,1216,卖盘
2113,14:26:10,12.17,0.01,10,12170,买盘
2114,14:26:15,12.16,-0.01,4,4864,卖盘
2115,14:26:18,12.16,0.0,4,4864,卖盘
2116,14:26:22,12.16,0.0,134,162944,卖盘
2117,14:26:25,12.16,0.0,6,7296,买盘
2118,14:26:28,12.16,0.0,8,9728,买盘
2119,14:26:31,12.16,0.0,14,17024,买盘
2120,14:26:34,12.16,0.0,485,589760,买盘
2121,14:26:36,12.17,0.01,129,156989,买盘
2122,14:26:40,12.21,0.04,14,17076,买盘
2123,14:26:46,12.17,-0.04,10,12194,卖盘
2124,14:26:49,12.21,0.04,9,10989,买盘
2125,14:26:52,12.21,0.0,8,9768,买盘
2126,14:26:55,12.21,0.0,14,17094,买盘
2127,14:26:58,12.22,0.01,92,112382,买盘
2128,14:27:01,12.22,0.0,5,6110,买盘
2129,14:27:04,12.23,0.01,90,110018,买盘
2130,14:27:07,12.23,0.0,25,30567,买盘
2131,14:27:10,12.23,0.0,4,4892,买盘
2132,14:27:13,12.23,0.0,6,7338,买盘
2133,14:27:16,12.23,0.0,3,3669,买盘
2134,14:27:19,12.21,-0.02,4,4884,卖盘
2135,14:27:28,12.25,0.04,4,4900,买盘
2136,14:27:34,12.23,-0.02,4,4892,卖盘
2137,14:27:37,12.23,0.0,1,1223,卖盘
2138,14:27:40,12.23,0.0,1,1223,卖盘
2139,14:27:43,12.25,0.02,4,4900,买盘
2140,14:27:46,12.25,0.0,1,1225,买盘
2141,14:27:52,12.23,-0.02,5,6115,卖盘
2142,14:27:55,12.23,0.0,9,11007,卖盘
2143,14:28:01,12.25,0.02,102,124938,买盘
2144,14:28:04,12.21,-0.04,4,4884,卖盘
2145,14:28:18,12.21,0.0,5,6105,卖盘
2146,14:28:24,12.21,0.0,1,1221,卖盘
2147,14:28:27,12.24,0.03,28,34236,买盘
2148,14:28:30,12.24,0.0,73,89352,卖盘
2149,14:28:34,12.2,-0.04,4,4880,卖盘
2150,14:28:36,12.24,0.04,8,9792,买盘
2151,14:28:39,12.2,-0.04,4,4889,卖盘
2152,14:28:49,12.2,0.0,4,4880,卖盘
2153,14:28:55,12.2,0.0,3,3660,卖盘
2154,14:29:04,12.2,0.0,13,15860,卖盘
2155,14:29:07,12.2,0.0,4,4880,卖盘
2156,14:29:16,12.24,0.04,9,11016,买盘
2157,14:29:19,12.2,-0.04,4,4880,卖盘
2158,14:29:25,12.2,0.0,2,2440,卖盘
2159,14:29:34,12.2,0.0,18,21960,卖盘
2160,14:29:43,12.2,0.0,2,2440,卖盘
2161,14:29:49,12.2,0.0,4,4880,卖盘
2162,14:29:55,12.2,0.0,4,4880,卖盘
2163,14:30:06,12.19,-0.01,4,4876,卖盘
2164,14:30:13,12.2,0.01,2,2440,买盘
2165,14:30:22,12.2,0.0,29,35376,买盘
2166,14:30:28,12.19,-0.01,2,2438,卖盘
2167,14:30:31,12.19,0.0,9,10971,卖盘
2168,14:30:34,12.2,0.01,22,26825,买盘
2169,14:30:37,12.2,0.0,12,14636,买盘
2170,14:30:40,12.2,0.0,2,2440,买盘
2171,14:30:43,12.2,0.0,118,143852,买盘
2172,14:30:46,12.19,-0.01,15,18285,卖盘
2173,14:30:49,12.19,0.0,6,7315,卖盘
2174,14:30:51,12.19,0.0,1,1219,卖盘
2175,14:31:06,12.18,-0.01,4,4872,卖盘
2176,14:31:09,12.17,-0.01,63,76695,卖盘
2177,14:31:12,12.19,0.02,6,7314,买盘
2178,14:31:19,12.17,-0.02,4,4868,卖盘
2179,14:31:22,12.18,0.01,1,1218,卖盘
2180,14:31:25,12.16,-0.02,8,9728,卖盘
2181,14:31:33,12.16,0.0,18,21892,卖盘
2182,14:31:52,12.17,0.01,4,4868,卖盘
2183,14:32:01,12.17,0.0,4,4868,卖盘
2184,14:32:04,12.17,0.0,14,17038,卖盘
2185,14:32:09,12.17,0.0,1,1217,卖盘
2186,14:32:13,12.19,0.02,23,28037,买盘
2187,14:32:19,12.19,0.0,5,6095,卖盘
2188,14:32:33,12.19,0.0,16,19504,卖盘
2189,14:32:37,12.19,0.0,4,4876,卖盘
2190,14:32:49,12.19,0.0,4,4876,卖盘
2191,14:32:57,12.19,0.0,2,2440,卖盘
2192,14:33:04,12.19,0.0,15,18285,卖盘
2193,14:33:07,12.19,0.0,1,1219,买盘
2194,14:33:09,12.19,0.0,4,4876,买盘
2195,14:33:12,12.2,0.01,2,2440,买盘
2196,14:33:19,12.2,0.0,3,3660,卖盘
2197,14:33:22,12.2,0.0,1,1220,买盘
2198,14:33:27,12.21,0.01,2,2442,买盘
2199,14:33:30,12.19,-0.02,15,18285,卖盘
2200,14:33:33,12.19,0.0,19,23161,卖盘
2201,14:33:36,12.21,0.02,5,6105,买盘
2202,14:33:43,12.2,-0.01,51,62366,卖盘
2203,14:33:46,12.24,0.04,7,8568,中性盘
2204,14:33:49,12.21,-0.03,5,6105,中性盘
2205,14:33:52,12.26,0.05,17,20834,买盘
2206,14:34:04,12.21,-0.05,4,4884,卖盘
2207,14:34:07,12.26,0.05,9,11034,买盘
2208,14:34:15,12.23,-0.03,100,122300,中性盘
2209,14:34:18,12.21,-0.02,13,15905,卖盘
2210,14:34:22,12.27,0.06,300,367938,买盘
2211,14:34:28,12.27,0.0,14,17166,买盘
2212,14:34:31,12.25,-0.02,3,3675,卖盘
2213,14:34:37,12.25,0.0,9,11022,买盘
2214,14:34:48,12.21,-0.04,14,17126,卖盘
2215,14:34:52,12.25,0.04,2,2450,买盘
2216,14:34:58,12.25,0.0,6,7350,买盘
2217,14:35:01,12.25,0.0,4,4900,卖盘
2218,14:35:06,12.25,0.0,8,9800,买盘
2219,14:35:19,12.21,-0.04,12,14688,卖盘
2220,14:35:24,12.21,0.0,3,3663,卖盘
2221,14:35:28,12.25,0.04,10,12246,买盘
2222,14:35:37,12.25,0.0,8,9800,买盘
2223,14:35:40,12.21,-0.04,5,6105,卖盘
2224,14:35:43,12.21,0.0,16,19536,卖盘
2225,14:35:46,12.21,0.0,17,20757,卖盘
2226,14:35:49,12.21,0.0,56,68412,卖盘
2227,14:35:52,12.21,0.0,20,24420,卖盘
2228,14:35:54,12.21,0.0,34,41514,卖盘
2229,14:35:58,12.2,-0.01,65,79311,卖盘
2230,14:36:00,12.2,0.0,37,45140,卖盘
2231,14:36:04,12.2,0.0,73,89060,卖盘
2232,14:36:06,12.2,0.0,22,26826,买盘
2233,14:36:09,12.19,-0.01,2,2438,卖盘
2234,14:36:13,12.19,0.0,6,7314,卖盘
2235,14:36:16,12.18,-0.01,1,1218,卖盘
2236,14:36:19,12.19,0.01,13,15843,买盘
2237,14:36:25,12.18,-0.01,5,6090,卖盘
2238,14:36:27,12.19,0.01,9,10971,买盘
2239,14:36:39,12.19,0.0,8,9752,买盘
2240,14:36:43,12.19,0.0,4,4876,买盘
2241,14:36:48,12.19,0.0,9,10971,买盘
2242,14:36:55,12.18,-0.01,4,4872,卖盘
2243,14:36:58,12.19,0.01,9,10971,买盘
2244,14:37:04,12.19,0.0,37,45102,买盘
2245,14:37:09,12.2,0.01,2,2440,买盘
2246,14:37:19,12.21,0.01,9,10989,买盘
2247,14:37:22,12.21,0.0,19,23199,买盘
2248,14:37:25,12.21,0.0,1,1221,买盘
2249,14:37:28,12.24,0.03,9,11016,买盘
2250,14:37:39,12.24,0.0,8,9792,买盘
2251,14:37:45,12.2,-0.04,4,4880,卖盘
2252,14:37:49,12.24,0.04,9,11016,买盘
2253,14:37:55,12.2,-0.04,9,10980,卖盘
2254,14:37:58,12.24,0.04,11,13440,买盘
2255,14:38:01,12.19,-0.05,4,4876,卖盘
2256,14:38:04,12.19,0.0,5,6095,卖盘
2257,14:38:09,12.23,0.04,8,9784,买盘
2258,14:38:15,12.18,-0.05,4,4872,卖盘
2259,14:38:19,12.23,0.05,9,11007,买盘
2260,14:38:22,12.18,-0.05,16,19500,卖盘
2261,14:38:25,12.22,0.04,14,17108,中性盘
2262,14:38:28,12.23,0.01,39,47540,买盘
2263,14:38:31,12.18,-0.05,5,6090,卖盘
2264,14:38:34,12.18,0.0,1,1218,卖盘
2265,14:38:40,12.23,0.05,8,9784,买盘
2266,14:38:46,12.18,-0.05,4,4872,卖盘
2267,14:38:49,12.21,0.03,9,10989,买盘
2268,14:38:52,12.19,-0.02,8,9752,卖盘
2269,14:38:57,12.2,0.01,2,2440,买盘
2270,14:39:01,12.2,0.0,7,8540,卖盘
2271,14:39:09,12.2,0.0,4,4880,买盘
2272,14:39:12,12.2,0.0,2,2440,卖盘
2273,14:39:16,12.2,0.0,2,2440,卖盘
2274,14:39:19,12.21,0.01,9,10987,买盘
2275,14:39:28,12.21,0.0,2,2442,买盘
2276,14:39:31,12.21,0.0,4,4884,卖盘
2277,14:39:33,12.21,0.0,1,1221,卖盘
2278,14:39:39,12.21,0.0,12,14660,卖盘
2279,14:39:49,12.21,0.0,14,17103,卖盘
2280,14:39:52,12.19,-0.02,20,24388,卖盘
2281,14:39:54,12.22,0.03,3,3666,买盘
2282,14:39:58,12.22,0.0,21,25662,卖盘
2283,14:40:04,12.23,0.01,7,8545,买盘
2284,14:40:10,12.19,-0.04,10,12222,卖盘
2285,14:40:18,12.22,0.03,13,15878,买盘
2286,14:40:28,12.22,0.0,9,10998,买盘
2287,14:40:34,12.2,-0.02,4,4880,卖盘
2288,14:40:40,12.2,0.0,10,12208,卖盘
2289,14:40:49,12.21,0.01,8,9768,买盘
2290,14:40:52,12.19,-0.02,4,4878,卖盘
2291,14:40:58,12.22,0.03,9,10998,买盘
2292,14:41:03,12.2,-0.02,5,6100,卖盘
2293,14:41:09,12.2,0.0,11,13436,卖盘
2294,14:41:18,12.22,0.02,14,17098,买盘
2295,14:41:22,12.22,0.0,2,2444,买盘
2296,14:41:28,12.22,0.0,9,10998,买盘
2297,14:41:31,12.2,-0.02,4,4880,卖盘
2298,14:41:40,12.22,0.02,4,4888,买盘
2299,14:41:46,12.22,0.0,4,4888,卖盘
2300,14:41:49,12.23,0.01,9,11007,买盘
2301,14:41:58,12.23,0.0,9,11007,买盘
2302,14:42:04,12.23,0.0,11,13449,买盘
2303,14:42:09,12.23,0.0,14,17122,买盘
2304,14:42:19,12.23,0.0,14,17112,买盘
2305,14:42:28,12.23,0.0,9,11007,买盘
2306,14:42:30,12.21,-0.02,9,11519,卖盘
2307,14:42:33,12.22,0.01,4,4888,买盘
2308,14:42:40,12.23,0.01,11,13453,买盘
2309,14:42:46,12.25,0.02,100,122460,买盘
2310,14:42:49,12.26,0.01,9,11034,买盘
2311,14:42:52,12.23,-0.03,4,4892,卖盘
2312,14:43:01,12.26,0.03,9,11034,买盘
2313,14:43:04,12.23,-0.03,4,4892,卖盘
2314,14:43:10,12.26,0.03,8,9808,买盘
2315,14:43:16,12.23,-0.03,4,4892,卖盘
2316,14:43:19,12.26,0.03,9,11034,买盘
2317,14:43:22,12.25,-0.01,2,2450,买盘
2318,14:43:25,12.26,0.01,3,3678,买盘
2319,14:43:31,12.23,-0.03,14,17149,卖盘
2320,14:43:39,12.26,0.03,8,9808,买盘
2321,14:43:46,12.25,-0.01,4,4900,买盘
2322,14:43:49,12.25,0.0,9,11025,买盘
2323,14:43:52,12.23,-0.02,4,4892,卖盘
2324,14:44:01,12.25,0.02,8,9800,买盘
2325,14:44:03,12.23,-0.02,4,4892,卖盘
2326,14:44:10,12.25,0.02,9,11025,买盘
2327,14:44:13,12.25,0.0,4,4900,买盘
2328,14:44:19,12.25,0.0,9,11025,买盘
2329,14:44:21,12.23,-0.02,4,4892,卖盘
2330,14:44:31,12.25,0.02,8,9800,买盘
2331,14:44:34,12.23,-0.02,4,4892,卖盘
2332,14:44:40,12.26,0.03,9,11029,买盘
2333,14:44:48,12.24,-0.02,9,11016,中性盘
2334,14:44:51,12.23,-0.01,5,6115,卖盘
2335,14:44:55,12.23,0.0,2,2446,卖盘
2336,14:44:58,12.23,0.0,281,343663,卖盘
2337,14:45:01,12.22,-0.01,10,12228,卖盘
2338,14:45:04,12.21,-0.01,4,4359,卖盘
2339,14:45:07,12.21,0.0,6,7326,买盘
2340,14:45:10,12.21,0.0,9,10989,买盘
2341,14:45:15,12.2,-0.01,50,61000,卖盘
2342,14:45:18,12.2,0.0,9,10980,买盘
2343,14:45:22,12.19,-0.01,4,4876,卖盘
2344,14:45:28,12.2,0.01,41,50020,买盘
2345,14:45:31,12.19,-0.01,33,40259,卖盘
2346,14:45:36,12.19,0.0,4,4876,卖盘
2347,14:45:40,12.21,0.02,9,10989,买盘
2348,14:45:48,12.21,0.0,9,10989,买盘
2349,14:45:51,12.2,-0.01,4,4880,卖盘
2350,14:46:01,12.2,0.0,13,15868,卖盘
2351,14:46:07,12.21,0.01,1,1221,买盘
2352,14:46:10,12.21,0.0,7,8547,买盘
2353,14:46:13,12.21,0.0,2,2442,卖盘
2354,14:46:19,12.21,0.0,6,7322,买盘
2355,14:46:31,12.22,0.01,6,7332,买盘
2356,14:46:34,12.21,-0.01,4,4886,卖盘
2357,14:46:39,12.22,0.01,6,7332,买盘
2358,14:46:43,12.22,0.0,2,2444,卖盘
2359,14:46:46,12.22,0.0,15,18330,卖盘
2360,14:46:49,12.22,0.0,7,8554,买盘
2361,14:47:01,12.23,0.01,8,9784,买盘
2362,14:47:07,12.22,-0.01,4,4888,卖盘
2363,14:47:09,12.22,0.0,14,17117,卖盘
2364,14:47:12,12.22,0.0,1,1222,卖盘
2365,14:47:18,12.23,0.01,18,21997,买盘
2366,14:47:34,12.22,-0.01,4,4888,卖盘
2367,14:47:40,12.23,0.01,15,18335,买盘
2368,14:47:49,12.22,-0.01,4,4888,中性盘
2369,14:47:52,12.22,0.0,16,19552,卖盘
2370,14:48:04,12.22,0.0,7,8550,买盘
2371,14:48:07,12.21,-0.01,1,1221,卖盘
2372,14:48:09,12.23,0.02,21,25676,买盘
2373,14:48:13,12.23,0.0,8,9775,买盘
2374,14:48:19,12.22,-0.01,9,10998,买盘
2375,14:48:22,12.22,0.0,1,1222,卖盘
2376,14:48:25,12.21,-0.01,21,25641,卖盘
2377,14:48:28,12.21,0.0,4,4884,买盘
2378,14:48:31,12.2,-0.01,2,2440,卖盘
2379,14:48:34,12.2,0.0,2,2440,买盘
2380,14:48:43,12.2,0.0,3,3660,买盘
2381,14:48:46,12.19,-0.01,5,6097,卖盘
2382,14:48:52,12.2,0.01,12,14640,中性盘
2383,14:49:03,12.19,-0.01,6,7314,卖盘
2384,14:49:10,12.19,0.0,15,18285,卖盘
2385,14:49:13,12.19,0.0,197,240143,卖盘
2386,14:49:18,12.19,0.0,4,4876,卖盘
2387,14:49:28,12.2,0.01,10,12200,买盘
2388,14:49:30,12.22,0.02,3,3666,买盘
2389,14:49:37,12.19,-0.03,4,4876,卖盘
2390,14:49:40,12.2,0.01,1,1220,买盘
2391,14:49:43,12.2,0.0,1,1220,买盘
2392,14:49:48,12.19,-0.01,5,6095,卖盘
2393,14:50:01,12.19,0.0,1,1219,卖盘
2394,14:50:04,12.19,0.0,1,1219,卖盘
2395,14:50:06,12.19,0.0,4,4876,卖盘
2396,14:50:10,12.19,0.0,10,12190,卖盘
2397,14:50:13,12.19,0.0,18,21942,卖盘
2398,14:50:16,12.19,0.0,5,6095,买盘
2399,14:50:18,12.19,0.0,6,7314,卖盘
2400,14:50:22,12.2,0.01,18,21953,买盘
2401,14:50:28,12.18,-0.02,39,47502,卖盘
2402,14:50:31,12.18,0.0,70,85260,卖盘
2403,14:50:43,12.16,-0.02,200,243271,卖盘
2404,14:50:49,12.18,0.02,24,29224,买盘
2405,14:50:51,12.18,0.0,3,3654,买盘
2406,14:50:58,12.18,0.0,5,6090,买盘
2407,14:51:01,12.16,-0.02,8,9734,卖盘
2408,14:51:04,12.18,0.02,1,1218,买盘
2409,14:51:06,12.16,-0.02,1,1216,卖盘
2410,14:51:13,12.17,0.01,1,1217,卖盘
2411,14:51:16,12.16,-0.01,300,364891,卖盘
2412,14:51:21,12.17,0.01,39,47459,买盘
2413,14:51:24,12.16,-0.01,30,36480,卖盘
2414,14:51:31,12.17,0.01,49,59633,买盘
2415,14:51:36,12.16,-0.01,5,6080,卖盘
2416,14:51:40,12.17,0.01,22,26754,买盘
2417,14:51:43,12.16,-0.01,3,3648,卖盘
2418,14:51:46,12.16,0.0,64,77834,卖盘
2419,14:51:52,12.16,0.0,2,2432,卖盘
2420,14:52:07,12.17,0.01,7,8515,买盘
2421,14:52:18,12.17,0.0,25,30420,买盘
2422,14:52:21,12.17,0.0,10,12170,买盘
2423,14:52:31,12.17,0.0,30,36510,买盘
2424,14:52:37,12.16,-0.01,6,7296,卖盘
2425,14:52:40,12.17,0.01,5,6085,买盘
2426,14:52:43,12.17,0.0,10,12170,买盘
2427,14:52:48,12.16,-0.01,5,6080,卖盘
2428,14:52:55,12.17,0.01,2,2434,买盘
2429,14:53:01,12.17,0.0,3,3651,买盘
2430,14:53:04,12.17,0.0,48,58412,买盘
2431,14:53:06,12.17,0.0,15,18255,买盘
2432,14:53:10,12.17,0.0,2,2434,买盘
2433,14:53:19,12.16,-0.01,4,4864,卖盘
2434,14:53:22,12.17,0.01,1,1217,买盘
2435,14:53:33,12.2,0.03,53,64452,买盘
2436,14:53:42,12.18,-0.02,39,47502,卖盘
2437,14:53:52,12.18,0.0,17,20706,卖盘
2438,14:53:55,12.17,-0.01,33,40161,卖盘
2439,14:53:58,12.18,0.01,1,1218,买盘
2440,14:54:00,12.17,-0.01,28,34095,卖盘
2441,14:54:04,12.18,0.01,4,4872,卖盘
2442,14:54:06,12.18,0.0,10,12180,卖盘
2443,14:54:13,12.19,0.01,160,194563,买盘
2444,14:54:19,12.17,-0.02,4,4868,卖盘
2445,14:54:34,12.18,0.01,1,1218,买盘
2446,14:54:43,12.17,-0.01,38,46246,卖盘
2447,14:54:46,12.2,0.03,7,8537,买盘
2448,14:54:54,12.18,-0.02,45,54810,卖盘
2449,14:54:58,12.18,0.0,1,1218,买盘
2450,14:55:00,12.18,0.0,15,18270,买盘
2451,14:55:04,12.18,0.0,3,3652,买盘
2452,14:55:16,12.18,0.0,8,9744,买盘
2453,14:55:22,12.18,0.0,1,1218,买盘
2454,14:55:33,12.18,0.0,9,10962,买盘
2455,14:55:43,12.19,0.01,1,1219,买盘
2456,14:55:52,12.19,0.0,1,1219,买盘
2457,14:56:01,12.18,-0.01,5,6090,卖盘
2458,14:56:04,12.19,0.01,8,9752,买盘
2459,14:56:07,12.18,-0.01,2,2436,卖盘
2460,14:56:13,12.19,0.01,30,36570,买盘
2461,14:56:16,12.18,-0.01,6,7308,卖盘
2462,14:56:18,12.19,0.01,1,1219,买盘
2463,14:56:39,12.2,0.01,34,41478,买盘
2464,14:56:52,12.2,0.0,45,54900,卖盘
2465,14:56:58,12.2,0.0,28,34160,卖盘
2466,15:00:04,12.2,0.0,270,329400,卖盘
