,time,price,change,volume,amount,type
0,09:25:04,10.79,0.04,29,31291,卖盘
1,09:30:04,10.75,-0.04,24,25800,卖盘
2,09:30:07,10.78,0.03,111,119656,买盘
3,09:30:10,10.78,0.0,81,87318,买盘
4,09:30:16,10.76,-0.02,20,21520,卖盘
5,09:30:25,10.76,0.0,39,41964,卖盘
6,09:30:28,10.76,0.0,1,1076,卖盘
7,09:30:40,10.77,0.01,8,8616,买盘
8,09:30:46,10.77,0.0,1,1077,卖盘
9,09:30:52,10.77,0.0,1,1077,卖盘
10,09:30:55,10.77,0.0,10,10770,卖盘
11,09:31:04,10.77,0.0,45,48465,卖盘
12,09:31:07,10.78,0.01,43,46354,买盘
13,09:31:13,10.77,-0.01,41,44157,卖盘
14,09:31:16,10.78,0.01,15,16170,买盘
15,09:31:19,10.77,-0.01,23,24771,卖盘
16,09:31:22,10.77,0.0,24,25848,买盘
17,09:31:33,10.76,-0.01,6,6456,卖盘
18,09:31:46,10.76,0.0,43,46268,卖盘
19,09:31:55,10.76,0.0,9,9684,卖盘
20,09:32:07,10.75,-0.01,36,38700,卖盘
21,09:32:13,10.76,0.01,1,1076,买盘
22,09:32:16,10.77,0.01,12,12913,买盘
23,09:32:19,10.75,-0.02,1,1075,卖盘
24,09:32:22,10.75,0.0,5,5375,卖盘
25,09:32:25,10.76,0.01,71,76400,买盘
26,09:32:28,10.76,0.0,32,34432,卖盘
27,09:32:34,10.77,0.01,36,38772,买盘
28,09:32:37,10.77,0.0,20,21540,买盘
29,09:32:40,10.76,-0.01,11,11846,卖盘
30,09:32:52,10.76,0.0,56,60256,卖盘
31,09:32:58,10.76,0.0,75,80700,卖盘
32,09:33:07,10.76,0.0,30,32280,买盘
33,09:33:12,10.76,0.0,5,5380,买盘
34,09:33:16,10.76,0.0,10,10760,买盘
35,09:33:19,10.76,0.0,12,12912,买盘
36,09:33:25,10.75,-0.01,1,1075,卖盘
37,09:33:28,10.75,0.0,15,16125,卖盘
38,09:33:30,10.76,0.01,50,53800,买盘
39,09:33:34,10.76,0.0,1,1076,买盘
40,09:33:42,10.76,0.0,30,32280,买盘
41,09:33:46,10.75,-0.01,1,1075,卖盘
42,09:33:49,10.76,0.01,20,21520,买盘
43,09:33:52,10.75,-0.01,10,10750,卖盘
44,09:34:04,10.76,0.01,1,1076,买盘
45,09:34:06,10.75,-0.01,3,3225,卖盘
46,09:34:10,10.75,0.0,1,1075,卖盘
47,09:34:13,10.76,0.01,13,13987,买盘
48,09:34:25,10.76,0.0,12,12912,买盘
49,09:34:28,10.76,0.0,22,23662,买盘
50,09:34:31,10.76,0.0,39,41963,买盘
51,09:34:33,10.76,0.0,1,1076,买盘
52,09:34:37,10.75,-0.01,8,8600,卖盘
53,09:34:43,10.76,0.01,15,16140,买盘
54,09:34:46,10.76,0.0,30,32280,买盘
55,09:34:52,10.76,0.0,8,8608,买盘
56,09:34:55,10.76,0.0,16,17215,买盘
57,09:34:58,10.76,0.0,28,30128,买盘
58,09:35:04,10.76,0.0,7,7532,卖盘
59,09:35:07,10.76,0.0,1,1076,卖盘
60,09:35:16,10.76,0.0,5,5380,卖盘
61,09:35:18,10.76,0.0,2,2152,卖盘
62,09:35:34,10.77,0.01,1,1077,买盘
63,09:35:36,10.76,-0.01,25,26924,卖盘
64,09:35:39,10.77,0.01,28,30156,买盘
65,09:35:46,10.77,0.0,7,7539,买盘
66,09:35:55,10.77,0.0,39,42003,买盘
67,09:35:58,10.76,-0.01,1,1076,卖盘
68,09:36:04,10.77,0.01,1,1077,买盘
69,09:36:10,10.75,-0.02,100,107563,卖盘
70,09:36:22,10.75,0.0,1,1075,卖盘
71,09:36:25,10.75,0.0,82,88150,卖盘
72,09:36:34,10.77,0.02,8,8609,买盘
73,09:36:40,10.75,-0.02,20,21507,卖盘
74,09:36:49,10.75,0.0,74,79550,卖盘
75,09:36:52,10.75,0.0,100,107500,卖盘
76,09:36:55,10.73,-0.02,99,106251,卖盘
77,09:37:04,10.75,0.02,1,1075,买盘
78,09:37:07,10.73,-0.02,2,2146,卖盘
79,09:37:10,10.73,0.0,62,66550,买盘
80,09:37:13,10.75,0.02,32,34328,买盘
81,09:37:19,10.72,-0.03,7,7504,卖盘
82,09:37:25,10.73,0.01,5,5365,卖盘
83,09:37:31,10.72,-0.01,77,82544,卖盘
84,09:37:34,10.72,0.0,25,26800,买盘
85,09:37:40,10.72,0.0,12,12864,买盘
86,09:37:43,10.72,0.0,34,36448,买盘
87,09:37:46,10.71,-0.01,105,112455,卖盘
88,09:37:52,10.71,0.0,10,10710,买盘
89,09:37:58,10.71,0.0,5,5355,买盘
90,09:38:04,10.71,0.0,4,4284,买盘
91,09:38:07,10.7,-0.01,83,88810,卖盘
92,09:38:09,10.7,0.0,13,13910,买盘
93,09:38:13,10.7,0.0,9,9630,卖盘
94,09:38:19,10.7,0.0,3,3210,卖盘
95,09:38:22,10.7,0.0,74,79180,卖盘
96,09:38:31,10.71,0.01,10,10710,买盘
97,09:38:34,10.7,-0.01,1,1070,卖盘
98,09:38:48,10.71,0.01,2,2142,卖盘
99,09:38:55,10.71,0.0,9,9647,卖盘
100,09:38:58,10.72,0.01,72,77184,买盘
101,09:39:01,10.71,-0.01,10,10710,卖盘
102,09:39:07,10.72,0.01,53,56816,买盘
103,09:39:10,10.72,0.0,12,12864,买盘
104,09:39:16,10.72,0.0,1,1072,卖盘
105,09:39:19,10.73,0.01,15,16090,买盘
106,09:39:22,10.73,0.0,8,8580,买盘
107,09:39:37,10.73,0.0,12,12876,买盘
108,09:39:40,10.72,-0.01,61,65392,卖盘
109,09:40:01,10.72,0.0,5,5364,卖盘
110,09:40:07,10.72,0.0,45,48240,卖盘
111,09:40:13,10.72,0.0,30,32160,卖盘
112,09:40:16,10.72,0.0,181,194050,卖盘
113,09:40:30,10.71,-0.01,68,72836,卖盘
114,09:40:34,10.72,0.01,50,53600,买盘
115,09:40:37,10.71,-0.01,13,13923,卖盘
116,09:40:40,10.71,0.0,10,10710,卖盘
117,09:40:46,10.71,0.0,30,32130,卖盘
118,09:40:49,10.71,0.0,20,21420,卖盘
119,09:40:52,10.7,-0.01,185,197987,卖盘
120,09:40:55,10.7,0.0,5,5350,卖盘
121,09:41:10,10.68,-0.02,73,77996,卖盘
122,09:41:16,10.68,0.0,4,4272,卖盘
123,09:41:19,10.68,0.0,5,5340,卖盘
124,09:41:25,10.68,0.0,22,23496,卖盘
125,09:41:28,10.68,0.0,10,10680,卖盘
126,09:41:31,10.69,0.01,21,22449,买盘
127,09:41:33,10.69,0.0,30,32070,卖盘
128,09:41:36,10.69,0.0,15,16035,卖盘
129,09:41:43,10.69,0.0,20,21380,卖盘
130,09:41:45,10.69,0.0,40,42760,卖盘
131,09:41:58,10.69,0.0,5,5345,卖盘
132,09:42:01,10.7,0.01,97,103711,买盘
133,09:42:04,10.7,0.0,1,1070,卖盘
134,09:42:07,10.69,-0.01,20,21393,卖盘
135,09:42:16,10.69,0.0,20,21380,卖盘
136,09:42:22,10.69,0.0,1,1069,卖盘
137,09:42:28,10.69,0.0,19,20311,卖盘
138,09:42:31,10.69,0.0,275,293975,卖盘
139,09:42:40,10.7,0.01,13,13902,买盘
140,09:42:43,10.69,-0.01,77,82313,卖盘
141,09:42:46,10.69,0.0,26,27794,买盘
142,09:42:49,10.69,0.0,13,13897,买盘
143,09:42:52,10.69,0.0,56,59864,买盘
144,09:42:55,10.68,-0.01,20,21360,卖盘
145,09:42:58,10.69,0.01,49,52381,买盘
146,09:43:01,10.68,-0.01,138,147430,卖盘
147,09:43:04,10.69,0.01,59,63071,买盘
148,09:43:07,10.69,0.0,98,104697,买盘
149,09:43:10,10.69,0.0,50,53450,卖盘
150,09:43:12,10.69,0.0,171,182742,卖盘
151,09:43:16,10.67,-0.02,156,166638,卖盘
152,09:43:18,10.68,0.01,24,25632,买盘
153,09:43:24,10.67,-0.01,12,12804,卖盘
154,09:43:31,10.68,0.01,32,34176,买盘
155,09:43:34,10.68,0.0,78,83275,卖盘
156,09:43:37,10.67,-0.01,65,69370,卖盘
157,09:43:40,10.68,0.01,12,12816,买盘
158,09:43:43,10.68,0.0,14,14952,卖盘
159,09:43:46,10.68,0.0,8,8544,买盘
160,09:44:01,10.68,0.0,30,32040,卖盘
161,09:44:04,10.69,0.01,10,10690,买盘
162,09:44:19,10.68,-0.01,23,24564,卖盘
163,09:44:28,10.68,0.0,15,16031,卖盘
164,09:44:31,10.69,0.01,33,35277,买盘
165,09:44:34,10.69,0.0,9,9621,买盘
166,09:44:48,10.69,0.0,33,35300,卖盘
167,09:44:52,10.7,0.01,3,3210,买盘
168,09:44:55,10.7,0.0,14,14980,买盘
169,09:44:58,10.7,0.0,8,8560,买盘
170,09:45:04,10.7,0.0,14,14980,买盘
171,09:45:10,10.69,-0.01,36,38491,卖盘
172,09:45:22,10.7,0.01,51,54570,买盘
173,09:45:25,10.7,0.0,10,10700,买盘
174,09:45:33,10.69,-0.01,2,2138,卖盘
175,09:45:36,10.7,0.01,5,5350,买盘
176,09:45:40,10.7,0.0,17,18190,买盘
177,09:45:43,10.7,0.0,10,10700,买盘
178,09:45:46,10.69,-0.01,100,106900,卖盘
179,09:45:49,10.7,0.01,4,4280,买盘
180,09:45:52,10.7,0.0,26,27810,买盘
181,09:45:55,10.69,-0.01,125,133719,卖盘
182,09:45:58,10.69,0.0,27,28881,卖盘
183,09:46:04,10.7,0.01,3,3210,买盘
184,09:46:13,10.7,0.0,37,39590,买盘
185,09:46:16,10.7,0.0,3,3210,买盘
186,09:46:18,10.69,-0.01,44,47060,卖盘
187,09:46:21,10.7,0.01,6,6420,买盘
188,09:46:24,10.7,0.0,5,5350,买盘
189,09:46:28,10.7,0.0,20,21400,买盘
190,09:46:34,10.7,0.0,1,1070,买盘
191,09:46:37,10.7,0.0,4,4280,卖盘
192,09:46:42,10.7,0.0,79,84530,卖盘
193,09:46:45,10.7,0.0,1,1070,卖盘
194,09:46:52,10.71,0.01,36,38556,买盘
195,09:46:55,10.7,-0.01,57,60990,卖盘
196,09:47:04,10.69,-0.01,10,10690,卖盘
197,09:47:06,10.7,0.01,36,38520,买盘
198,09:47:09,10.7,0.0,60,64200,买盘
199,09:47:13,10.7,0.0,46,49220,买盘
200,09:47:16,10.7,0.0,15,16050,买盘
201,09:47:34,10.7,0.0,13,13910,卖盘
202,09:47:52,10.71,0.01,37,39627,买盘
203,09:47:58,10.7,-0.01,37,39615,卖盘
204,09:48:04,10.7,0.0,8,8560,卖盘
205,09:48:06,10.7,0.0,148,158360,卖盘
206,09:48:10,10.71,0.01,21,22491,买盘
207,09:48:13,10.7,-0.01,20,21401,卖盘
208,09:48:15,10.7,0.0,89,95295,卖盘
209,09:48:19,10.7,0.0,24,25680,卖盘
210,09:48:22,10.7,0.0,69,73863,卖盘
211,09:48:25,10.7,0.0,12,12840,卖盘
212,09:48:28,10.71,0.01,19,20349,买盘
213,09:48:31,10.71,0.0,1,1071,买盘
214,09:48:33,10.7,-0.01,18,19260,卖盘
215,09:48:40,10.7,0.0,75,80250,卖盘
216,09:48:49,10.7,0.0,10,10700,卖盘
217,09:48:54,10.71,0.01,39,41769,买盘
218,09:48:57,10.71,0.0,36,38556,买盘
219,09:49:04,10.7,-0.01,10,10700,卖盘
220,09:49:06,10.71,0.01,41,43911,买盘
221,09:49:12,10.7,-0.01,170,181914,卖盘
222,09:49:19,10.7,0.0,18,19260,买盘
223,09:49:22,10.7,0.0,20,21400,买盘
224,09:49:31,10.7,0.0,56,59920,买盘
225,09:49:34,10.7,0.0,33,35298,买盘
226,09:49:39,10.7,0.0,36,38500,买盘
227,09:49:43,10.7,0.0,21,22470,买盘
228,09:49:49,10.7,0.0,91,97370,买盘
229,09:49:55,10.7,0.0,3,3210,买盘
230,09:49:58,10.7,0.0,31,33170,买盘
231,09:50:04,10.68,-0.02,180,192452,卖盘
232,09:50:07,10.68,0.0,31,33129,卖盘
233,09:50:10,10.69,0.01,5,5345,买盘
234,09:50:13,10.69,0.0,3,3207,买盘
235,09:50:16,10.69,0.0,36,38484,买盘
236,09:50:19,10.69,0.0,54,57726,买盘
237,09:50:21,10.69,0.0,25,26725,买盘
238,09:50:28,10.68,-0.01,212,226445,卖盘
239,09:50:34,10.68,0.0,5,5340,买盘
240,09:50:40,10.68,0.0,56,59808,买盘
241,09:50:43,10.68,0.0,27,28836,买盘
242,09:50:49,10.68,0.0,30,32040,卖盘
243,09:50:58,10.68,0.0,3,3204,卖盘
244,09:51:04,10.68,0.0,86,91848,卖盘
245,09:51:07,10.69,0.01,15,16035,买盘
246,09:51:13,10.68,-0.01,31,33126,卖盘
247,09:51:19,10.7,0.02,11,11770,买盘
248,09:51:25,10.69,-0.01,25,26725,卖盘
249,09:51:27,10.7,0.01,23,24605,买盘
250,09:51:31,10.68,-0.02,150,160270,卖盘
251,09:51:37,10.69,0.01,9,9621,中性盘
252,09:52:16,10.68,-0.01,122,130381,卖盘
253,09:52:40,10.69,0.01,6,6414,卖盘
254,09:52:42,10.69,0.0,10,10690,卖盘
255,09:52:46,10.69,0.0,4,4276,卖盘
256,09:52:58,10.69,0.0,10,10690,买盘
257,09:53:07,10.68,-0.01,159,169812,卖盘
258,09:53:37,10.69,0.01,5,5345,买盘
259,09:53:40,10.68,-0.01,65,69420,卖盘
260,09:53:43,10.68,0.0,20,21360,卖盘
261,09:53:46,10.68,0.0,1,1068,买盘
262,09:53:51,10.68,0.0,10,10680,卖盘
263,09:53:58,10.68,0.0,19,20292,卖盘
264,09:54:04,10.68,0.0,48,51264,买盘
265,09:54:06,10.67,-0.01,155,165385,卖盘
266,09:54:16,10.67,0.0,59,62953,卖盘
267,09:54:22,10.67,0.0,5,5335,卖盘
268,09:54:28,10.68,0.01,1,1068,买盘
269,09:54:46,10.66,-0.02,21,22386,卖盘
270,09:54:49,10.67,0.01,2,2134,买盘
271,09:54:52,10.66,-0.01,72,76752,卖盘
272,09:54:54,10.66,0.0,100,106600,卖盘
273,09:54:57,10.65,-0.01,61,64984,卖盘
274,09:55:01,10.65,0.0,70,74550,卖盘
275,09:55:04,10.66,0.01,5,5330,买盘
276,09:55:07,10.65,-0.01,124,132060,卖盘
277,09:55:15,10.65,0.0,51,54315,卖盘
278,09:55:22,10.65,0.0,4,4260,卖盘
279,09:55:25,10.66,0.01,5,5330,买盘
280,09:55:34,10.65,-0.01,49,52185,卖盘
281,09:55:46,10.65,0.0,41,43665,买盘
282,09:55:49,10.64,-0.01,12,12768,卖盘
283,09:55:52,10.65,0.01,57,60705,买盘
284,09:55:55,10.65,0.0,5,5325,中性盘
285,09:55:58,10.64,-0.01,152,161728,卖盘
286,09:56:01,10.65,0.01,5,5325,买盘
287,09:56:07,10.66,0.01,24,25584,买盘
288,09:56:10,10.67,0.01,47,50100,买盘
289,09:56:24,10.66,-0.01,8,8528,卖盘
290,09:56:28,10.66,0.0,3,3198,卖盘
291,09:56:34,10.65,-0.01,185,197208,卖盘
292,09:56:43,10.66,0.01,22,23452,买盘
293,09:56:45,10.66,0.0,26,27716,买盘
294,09:56:48,10.66,0.0,13,13858,卖盘
295,09:56:52,10.66,0.0,14,14924,卖盘
296,09:56:55,10.66,0.0,10,10660,卖盘
297,09:56:58,10.65,-0.01,150,159783,卖盘
298,09:57:01,10.66,0.01,70,74620,买盘
299,09:57:04,10.66,0.0,6,6396,卖盘
300,09:57:07,10.67,0.01,3,3201,买盘
301,09:57:10,10.66,-0.01,19,20254,卖盘
302,09:57:16,10.66,0.0,17,18122,卖盘
303,09:57:22,10.67,0.01,60,63993,买盘
304,09:57:28,10.66,-0.01,22,23452,卖盘
305,09:57:37,10.66,0.0,5,5333,卖盘
306,09:57:43,10.67,0.01,10,10670,买盘
307,09:57:49,10.67,0.0,20,21340,买盘
308,09:57:55,10.66,-0.01,10,10660,卖盘
309,09:57:57,10.67,0.01,166,176816,买盘
310,09:58:01,10.67,0.0,18,19200,买盘
311,09:58:07,10.67,0.0,4,4268,买盘
312,09:58:13,10.66,-0.01,15,15990,卖盘
313,09:58:16,10.66,0.0,3,3198,卖盘
314,09:58:22,10.66,0.0,34,36244,卖盘
315,09:58:25,10.67,0.01,10,10670,买盘
316,09:58:28,10.66,-0.01,22,23452,卖盘
317,09:58:31,10.67,0.01,1,1067,买盘
318,09:58:34,10.68,0.01,87,92837,买盘
319,09:58:37,10.66,-0.02,1,1066,卖盘
320,09:58:42,10.67,0.01,3,3201,中性盘
321,09:58:46,10.66,-0.01,20,21320,卖盘
322,09:58:49,10.66,0.0,52,55432,卖盘
323,09:58:52,10.66,0.0,7,7462,卖盘
324,09:59:04,10.67,0.01,290,309043,买盘
325,09:59:09,10.67,0.0,64,68288,买盘
326,09:59:13,10.67,0.0,4,4268,卖盘
327,09:59:25,10.68,0.01,10,10680,买盘
328,09:59:37,10.68,0.0,5,5340,买盘
329,09:59:40,10.68,0.0,10,10680,买盘
330,09:59:43,10.68,0.0,5,5340,买盘
331,09:59:55,10.67,-0.01,10,10670,卖盘
332,09:59:58,10.68,0.01,13,13884,买盘
333,10:00:04,10.66,-0.02,82,87449,卖盘
334,10:00:10,10.68,0.02,15,16020,买盘
335,10:00:16,10.68,0.0,3,3204,买盘
336,10:00:25,10.68,0.0,22,23496,买盘
337,10:00:31,10.67,-0.01,97,103502,卖盘
338,10:00:46,10.67,0.0,3,3201,卖盘
339,10:00:55,10.67,0.0,5,5335,卖盘
340,10:01:10,10.67,0.0,3,3201,卖盘
341,10:01:13,10.68,0.01,69,73595,买盘
342,10:01:19,10.68,0.0,28,29904,买盘
343,10:01:25,10.68,0.0,50,53400,买盘
344,10:01:31,10.66,-0.02,89,94884,卖盘
345,10:01:33,10.68,0.02,20,21360,买盘
346,10:01:37,10.68,0.0,208,221743,买盘
347,10:01:39,10.68,0.0,25,26700,买盘
348,10:01:42,10.65,-0.03,161,171519,卖盘
349,10:01:58,10.68,0.03,1,1068,卖盘
350,10:02:01,10.65,-0.03,134,142793,卖盘
351,10:02:04,10.69,0.04,18,19232,买盘
352,10:02:19,10.68,-0.01,9,9612,卖盘
353,10:02:22,10.68,0.0,37,39516,卖盘
354,10:02:25,10.66,-0.02,93,99138,卖盘
355,10:02:30,10.66,0.0,24,25584,卖盘
356,10:02:43,10.68,0.02,15,16020,买盘
357,10:02:46,10.66,-0.02,103,109913,卖盘
358,10:02:49,10.68,0.02,62,66216,买盘
359,10:02:52,10.66,-0.02,37,39442,卖盘
360,10:02:58,10.68,0.02,10,10680,买盘
361,10:03:04,10.66,-0.02,12,12792,卖盘
362,10:03:07,10.68,0.02,1,1068,买盘
363,10:03:13,10.66,-0.02,76,81016,卖盘
364,10:03:16,10.66,0.0,155,165230,卖盘
365,10:03:37,10.66,0.0,58,61828,卖盘
366,10:03:43,10.66,0.0,47,50102,卖盘
367,10:03:46,10.67,0.01,50,53350,中性盘
368,10:03:49,10.67,0.0,46,49082,买盘
369,10:03:52,10.68,0.01,9,9600,买盘
370,10:04:01,10.68,0.0,19,20292,买盘
371,10:04:10,10.68,0.0,15,16020,买盘
372,10:04:13,10.68,0.0,76,81168,买盘
373,10:04:18,10.68,0.0,32,34176,卖盘
374,10:04:22,10.69,0.01,3,3207,买盘
375,10:04:31,10.66,-0.03,112,119555,卖盘
376,10:04:40,10.68,0.02,1,1068,买盘
377,10:04:46,10.66,-0.02,80,85303,卖盘
378,10:04:58,10.68,0.02,21,22428,买盘
379,10:05:04,10.67,-0.01,4,4268,卖盘
380,10:05:07,10.68,0.01,5,5340,买盘
381,10:05:16,10.68,0.0,80,85440,买盘
382,10:05:22,10.68,0.0,10,10680,卖盘
383,10:05:28,10.68,0.0,10,10680,卖盘
384,10:05:40,10.67,-0.01,24,25623,卖盘
385,10:06:04,10.69,0.02,60,64129,买盘
386,10:06:06,10.67,-0.02,2,2134,卖盘
387,10:06:13,10.66,-0.01,321,342241,卖盘
388,10:06:25,10.69,0.03,17,18145,买盘
389,10:06:30,10.69,0.0,1,1069,买盘
390,10:06:33,10.67,-0.02,12,12804,卖盘
391,10:06:40,10.69,0.02,5,5345,买盘
392,10:06:43,10.67,-0.02,2,2134,卖盘
393,10:06:46,10.69,0.02,60,64140,买盘
394,10:06:49,10.69,0.0,1,1069,卖盘
395,10:07:10,10.7,0.01,30,32100,买盘
396,10:07:13,10.69,-0.01,26,27794,卖盘
397,10:07:21,10.7,0.01,20,21400,买盘
398,10:07:31,10.7,0.0,37,39580,买盘
399,10:07:40,10.7,0.0,20,21400,买盘
400,10:07:42,10.7,0.0,10,10700,买盘
401,10:07:46,10.7,0.0,10,10700,买盘
402,10:07:49,10.7,0.0,97,103790,买盘
403,10:08:04,10.72,0.02,5,5360,买盘
404,10:08:19,10.72,0.0,57,61104,买盘
405,10:08:37,10.72,0.0,50,53600,买盘
406,10:08:43,10.72,0.0,34,36448,买盘
407,10:08:52,10.72,0.0,10,10720,买盘
408,10:09:04,10.72,0.0,19,20368,买盘
409,10:09:18,10.71,-0.01,42,44982,卖盘
410,10:09:21,10.71,0.0,8,8568,买盘
411,10:09:31,10.71,0.0,28,29988,买盘
412,10:09:46,10.7,-0.01,2,2140,卖盘
413,10:09:48,10.7,0.0,42,44940,卖盘
414,10:10:01,10.7,0.0,13,13910,买盘
415,10:10:04,10.7,0.0,130,139100,买盘
416,10:10:09,10.7,0.0,20,21400,卖盘
417,10:10:13,10.71,0.01,4,4284,买盘
418,10:10:16,10.71,0.0,42,44952,买盘
419,10:10:19,10.71,0.0,12,12852,买盘
420,10:10:22,10.71,0.0,4,4284,买盘
421,10:10:28,10.71,0.0,24,25704,买盘
422,10:10:30,10.71,0.0,7,7497,买盘
423,10:10:42,10.71,0.0,20,21420,买盘
424,10:10:46,10.72,0.01,145,155307,买盘
425,10:11:04,10.72,0.0,10,10715,买盘
426,10:11:10,10.72,0.0,10,10720,买盘
427,10:11:13,10.72,0.0,66,70752,买盘
428,10:11:16,10.68,-0.04,400,428126,卖盘
429,10:11:34,10.72,0.04,10,10720,买盘
430,10:11:37,10.72,0.0,5,5360,买盘
431,10:12:01,10.71,-0.01,30,32130,买盘
432,10:12:25,10.71,0.0,7,7497,买盘
433,10:12:28,10.7,-0.01,10,10700,卖盘
434,10:12:40,10.7,0.0,5,5350,卖盘
435,10:12:43,10.7,0.0,12,12840,卖盘
436,10:12:46,10.7,0.0,12,12840,卖盘
437,10:12:51,10.71,0.01,8,8568,卖盘
438,10:13:04,10.71,0.0,2,2142,卖盘
439,10:13:06,10.71,0.0,30,32143,卖盘
440,10:13:22,10.71,0.0,33,35343,买盘
441,10:13:31,10.71,0.0,82,87822,买盘
442,10:13:34,10.71,0.0,14,14994,卖盘
443,10:13:37,10.71,0.0,10,10710,卖盘
444,10:13:39,10.71,0.0,99,106029,卖盘
445,10:14:01,10.7,-0.01,4,4280,卖盘
446,10:14:04,10.72,0.02,12,12863,买盘
447,10:14:07,10.71,-0.01,12,12852,中性盘
448,10:14:10,10.72,0.01,24,25726,买盘
449,10:14:30,10.71,-0.01,20,21420,卖盘
450,10:14:37,10.72,0.01,13,13936,买盘
451,10:14:40,10.72,0.0,30,32160,买盘
452,10:14:51,10.71,-0.01,9,9639,卖盘
453,10:14:55,10.73,0.02,21,22518,买盘
454,10:15:13,10.72,-0.01,1,1072,卖盘
455,10:15:40,10.72,0.0,3,3216,买盘
456,10:15:46,10.72,0.0,30,32160,买盘
457,10:15:49,10.72,0.0,1,1072,买盘
458,10:15:51,10.72,0.0,8,8576,卖盘
459,10:16:00,10.73,0.01,88,94424,买盘
460,10:16:09,10.73,0.0,20,21460,买盘
461,10:16:21,10.73,0.0,93,99789,买盘
462,10:16:25,10.72,-0.01,17,18224,卖盘
463,10:16:31,10.73,0.01,77,82621,买盘
464,10:16:37,10.73,0.0,37,39701,买盘
465,10:16:46,10.73,0.0,1,1073,买盘
466,10:16:48,10.73,0.0,16,17168,买盘
467,10:16:55,10.73,0.0,20,21460,买盘
468,10:16:58,10.73,0.0,30,32190,买盘
469,10:17:01,10.73,0.0,10,10730,卖盘
470,10:17:04,10.74,0.01,17,18258,买盘
471,10:17:07,10.74,0.0,3,3222,买盘
472,10:17:09,10.74,0.0,1,1074,买盘
473,10:17:16,10.73,-0.01,2,2146,卖盘
474,10:17:19,10.74,0.01,7,7518,买盘
475,10:17:28,10.74,0.0,12,12888,卖盘
476,10:17:31,10.75,0.01,68,73095,买盘
477,10:17:34,10.74,-0.01,8,8592,卖盘
478,10:17:37,10.74,0.0,25,26850,卖盘
479,10:18:07,10.75,0.01,67,72025,买盘
480,10:18:13,10.75,0.0,49,52638,买盘
481,10:18:19,10.75,0.0,85,91375,买盘
482,10:18:31,10.75,0.0,6,6450,卖盘
483,10:18:43,10.75,0.0,23,24725,卖盘
484,10:19:13,10.75,0.0,8,8600,买盘
485,10:19:16,10.75,0.0,185,198875,买盘
486,10:19:22,10.76,0.01,2,2152,买盘
487,10:19:28,10.76,0.0,44,47310,买盘
488,10:19:39,10.76,0.0,11,11836,买盘
489,10:19:43,10.76,0.0,5,5380,买盘
490,10:19:46,10.76,0.0,15,16140,买盘
491,10:19:55,10.76,0.0,10,10760,买盘
492,10:20:04,10.75,-0.01,8,8600,卖盘
493,10:20:10,10.76,0.01,37,39782,买盘
494,10:20:16,10.76,0.0,15,16140,买盘
495,10:20:22,10.75,-0.01,48,51600,卖盘
496,10:20:28,10.76,0.01,139,149512,买盘
497,10:20:30,10.76,0.0,24,25824,卖盘
498,10:20:34,10.76,0.0,8,8608,买盘
499,10:20:40,10.76,0.0,16,17216,卖盘
500,10:20:46,10.77,0.01,30,32304,买盘
501,10:20:48,10.75,-0.02,15,16138,卖盘
502,10:20:58,10.76,0.01,226,243158,买盘
503,10:21:25,10.75,-0.01,30,32260,卖盘
504,10:21:34,10.75,0.0,27,29025,买盘
505,10:21:40,10.74,-0.01,1,1074,卖盘
506,10:21:45,10.75,0.01,8,8600,买盘
507,10:21:55,10.74,-0.01,92,98808,卖盘
508,10:21:58,10.75,0.01,16,17187,买盘
509,10:22:13,10.75,0.0,4,4300,卖盘
510,10:22:22,10.75,0.0,11,11825,买盘
511,10:22:34,10.75,0.0,5,5375,买盘
512,10:22:37,10.75,0.0,13,13975,买盘
513,10:23:31,10.74,-0.01,5,5370,卖盘
514,10:23:40,10.75,0.01,17,18265,买盘
515,10:23:55,10.75,0.0,5,5375,买盘
516,10:24:01,10.75,0.0,5,5375,买盘
517,10:24:04,10.75,0.0,1,1075,买盘
518,10:24:30,10.74,-0.01,3,3222,买盘
519,10:25:28,10.74,0.0,2,2148,买盘
520,10:25:33,10.73,-0.01,197,211393,卖盘
521,10:25:45,10.75,0.02,85,91272,买盘
522,10:25:58,10.76,0.01,91,97837,买盘
523,10:26:01,10.74,-0.02,40,42961,卖盘
524,10:26:07,10.74,0.0,12,12888,卖盘
525,10:26:34,10.74,0.0,79,84843,买盘
526,10:26:46,10.74,0.0,8,8587,买盘
527,10:26:49,10.74,0.0,100,107400,买盘
528,10:27:07,10.74,0.0,14,15036,买盘
529,10:27:31,10.75,0.01,2,2150,买盘
530,10:27:33,10.75,0.0,21,22575,买盘
531,10:27:37,10.75,0.0,16,17200,买盘
532,10:27:39,10.75,0.0,6,6450,买盘
533,10:27:43,10.76,0.01,10,10760,买盘
534,10:27:45,10.76,0.0,6,6456,买盘
535,10:27:49,10.76,0.0,17,18292,买盘
536,10:27:52,10.76,0.0,5,5380,买盘
537,10:27:58,10.77,0.01,132,142104,买盘
538,10:28:07,10.78,0.01,9,9702,买盘
539,10:28:10,10.78,0.0,47,50666,买盘
540,10:28:16,10.78,0.0,27,29106,买盘
541,10:28:19,10.77,-0.01,10,10779,卖盘
542,10:28:25,10.78,0.01,5,5390,卖盘
543,10:28:28,10.78,0.0,13,14026,卖盘
544,10:28:37,10.78,0.0,38,40964,卖盘
545,10:28:45,10.78,0.0,9,9702,卖盘
546,10:28:52,10.78,0.0,14,15092,买盘
547,10:29:01,10.78,0.0,20,21560,买盘
548,10:29:04,10.78,0.0,29,31262,卖盘
549,10:29:07,10.78,0.0,12,12936,买盘
550,10:29:10,10.78,0.0,9,9702,买盘
551,10:29:13,10.78,0.0,14,15092,卖盘
552,10:29:16,10.78,0.0,55,59290,卖盘
553,10:29:19,10.79,0.01,18,19414,买盘
554,10:29:22,10.79,0.0,13,14027,买盘
555,10:29:24,10.78,-0.01,17,18338,卖盘
556,10:29:28,10.79,0.01,37,39923,买盘
557,10:29:31,10.79,0.0,12,12948,买盘
558,10:29:34,10.79,0.0,15,16185,买盘
559,10:29:36,10.79,0.0,17,18355,卖盘
560,10:29:43,10.79,0.0,5,5395,卖盘
561,10:29:46,10.79,0.0,15,16185,卖盘
562,10:29:49,10.79,0.0,136,146744,买盘
563,10:29:52,10.79,0.0,2,2158,买盘
564,10:30:00,10.79,0.0,12,12948,买盘
565,10:30:10,10.79,0.0,2,2158,买盘
566,10:30:13,10.78,-0.01,5,5390,卖盘
567,10:30:16,10.79,0.01,227,244910,买盘
568,10:30:18,10.78,-0.01,28,30202,卖盘
569,10:30:22,10.79,0.01,20,21580,买盘
570,10:30:31,10.79,0.0,63,67977,买盘
571,10:30:34,10.79,0.0,18,19417,买盘
572,10:30:37,10.79,0.0,5,5395,买盘
573,10:30:43,10.79,0.0,5,5395,卖盘
574,10:30:46,10.79,0.0,10,10790,卖盘
575,10:31:04,10.79,0.0,20,21580,买盘
576,10:31:10,10.79,0.0,12,12948,卖盘
577,10:31:19,10.79,0.0,23,24817,卖盘
578,10:31:27,10.79,0.0,20,21578,买盘
579,10:31:34,10.78,-0.01,2,2156,卖盘
580,10:31:37,10.78,0.0,2,2156,卖盘
581,10:31:40,10.78,0.0,30,32340,卖盘
582,10:31:46,10.79,0.01,103,111134,买盘
583,10:31:52,10.78,-0.01,40,43120,卖盘
584,10:31:55,10.79,0.01,39,42062,买盘
585,10:32:01,10.78,-0.01,1,1078,卖盘
586,10:32:03,10.78,0.0,14,15092,卖盘
587,10:32:19,10.79,0.01,51,54979,买盘
588,10:32:22,10.78,-0.01,3,3234,中性盘
589,10:32:27,10.78,0.0,23,24794,买盘
590,10:32:43,10.77,-0.01,14,15091,卖盘
591,10:32:49,10.78,0.01,8,8624,买盘
592,10:33:01,10.77,-0.01,36,38791,卖盘
593,10:33:07,10.78,0.01,3,3234,买盘
594,10:33:16,10.77,-0.01,10,10770,卖盘
595,10:33:22,10.78,0.01,36,38808,买盘
596,10:33:25,10.78,0.0,12,12936,买盘
597,10:33:31,10.78,0.0,24,25872,买盘
598,10:33:34,10.78,0.0,32,34488,买盘
599,10:33:37,10.78,0.0,13,14014,买盘
600,10:33:40,10.78,0.0,22,23716,买盘
601,10:33:43,10.78,0.0,36,38808,买盘
602,10:33:45,10.78,0.0,11,11858,买盘
603,10:33:49,10.78,0.0,12,12936,买盘
604,10:33:58,10.78,0.0,12,12936,买盘
605,10:34:07,10.78,0.0,1,1078,买盘
606,10:34:10,10.78,0.0,2,2156,卖盘
607,10:34:16,10.79,0.01,8,8632,买盘
608,10:34:22,10.79,0.0,10,10790,买盘
609,10:34:25,10.78,-0.01,1,1078,卖盘
610,10:34:27,10.79,0.01,11,11869,买盘
611,10:34:30,10.79,0.0,50,53950,买盘
612,10:34:34,10.79,0.0,5,5395,买盘
613,10:34:43,10.79,0.0,11,11863,买盘
614,10:34:48,10.79,0.0,60,64740,买盘
615,10:34:52,10.79,0.0,62,66898,买盘
616,10:34:58,10.79,0.0,12,12948,卖盘
617,10:35:01,10.79,0.0,5,5395,卖盘
618,10:35:04,10.8,0.01,42,45360,买盘
619,10:35:07,10.8,0.0,22,23748,买盘
620,10:35:16,10.8,0.0,5,5400,买盘
621,10:35:19,10.8,0.0,13,14040,买盘
622,10:35:22,10.8,0.0,15,16200,买盘
623,10:35:24,10.8,0.0,39,42120,买盘
624,10:35:28,10.8,0.0,7,7560,买盘
625,10:35:31,10.8,0.0,45,48600,买盘
626,10:35:40,10.81,0.01,47,50807,买盘
627,10:35:43,10.8,-0.01,12,12962,卖盘
628,10:35:46,10.81,0.01,8,8648,卖盘
629,10:35:49,10.81,0.0,20,21620,卖盘
630,10:35:51,10.82,0.01,91,98462,买盘
631,10:35:55,10.83,0.01,12,12996,买盘
632,10:36:01,10.82,-0.01,6,6494,卖盘
633,10:36:04,10.82,0.0,4,4328,卖盘
634,10:36:09,10.82,0.0,23,24886,卖盘
635,10:36:13,10.82,0.0,2,2164,卖盘
636,10:36:16,10.82,0.0,3,3246,卖盘
637,10:36:19,10.82,0.0,70,75740,卖盘
638,10:36:34,10.82,0.0,13,14065,买盘
639,10:36:37,10.82,0.0,6,6491,买盘
640,10:36:40,10.81,-0.01,28,30268,卖盘
641,10:36:43,10.82,0.01,9,9730,买盘
642,10:36:48,10.81,-0.01,11,11891,买盘
643,10:36:52,10.82,0.01,210,227196,买盘
644,10:36:54,10.82,0.0,38,41116,卖盘
645,10:36:58,10.8,-0.02,1,1080,卖盘
646,10:37:04,10.81,0.01,5,5405,买盘
647,10:37:07,10.82,0.01,59,63785,买盘
648,10:37:19,10.81,-0.01,2,2162,卖盘
649,10:37:22,10.81,0.0,17,18377,卖盘
650,10:37:31,10.81,0.0,10,10810,买盘
651,10:38:01,10.81,0.0,12,12972,买盘
652,10:38:04,10.81,0.0,15,16210,买盘
653,10:38:07,10.81,0.0,1,1081,买盘
654,10:38:19,10.8,-0.01,80,86400,卖盘
655,10:38:22,10.81,0.01,20,21620,买盘
656,10:38:28,10.8,-0.01,32,34560,卖盘
657,10:38:31,10.81,0.01,7,7567,买盘
658,10:38:40,10.8,-0.01,44,47520,卖盘
659,10:38:46,10.81,0.01,50,54050,买盘
660,10:38:49,10.8,-0.01,20,21600,卖盘
661,10:39:01,10.8,0.0,6,6480,卖盘
662,10:39:04,10.81,0.01,40,43240,买盘
663,10:39:10,10.81,0.0,14,15132,买盘
664,10:39:16,10.81,0.0,18,19452,买盘
665,10:39:21,10.81,0.0,12,12972,买盘
666,10:39:37,10.81,0.0,12,12972,买盘
667,10:39:39,10.8,-0.01,20,21600,卖盘
668,10:39:43,10.81,0.01,121,130801,买盘
669,10:39:49,10.81,0.0,20,21620,买盘
670,10:39:55,10.81,0.0,10,10810,买盘
671,10:40:13,10.82,0.01,90,97304,买盘
672,10:40:19,10.82,0.0,12,12984,买盘
673,10:40:28,10.81,-0.01,4,4324,卖盘
674,10:40:31,10.8,-0.01,20,21603,卖盘
675,10:40:37,10.81,0.01,4,4324,卖盘
676,10:40:43,10.81,0.0,5,5405,卖盘
677,10:40:52,10.81,0.0,1,1081,卖盘
678,10:41:10,10.81,0.0,20,21620,买盘
679,10:41:13,10.81,0.0,21,22701,买盘
680,10:41:16,10.81,0.0,28,30268,买盘
681,10:41:19,10.81,0.0,72,77832,卖盘
682,10:41:37,10.81,0.0,13,14053,买盘
683,10:41:46,10.8,-0.01,18,19440,卖盘
684,10:41:49,10.81,0.01,5,5405,买盘
685,10:42:01,10.81,0.0,25,27025,买盘
686,10:42:04,10.81,0.0,3,3243,买盘
687,10:42:07,10.8,-0.01,80,86400,卖盘
688,10:42:16,10.8,0.0,19,20520,卖盘
689,10:42:22,10.8,0.0,6,6480,卖盘
690,10:42:28,10.8,0.0,1,1080,卖盘
691,10:42:31,10.8,0.0,2,2160,卖盘
692,10:42:34,10.81,0.01,10,10810,买盘
693,10:42:40,10.8,-0.01,10,10800,卖盘
694,10:42:49,10.8,0.0,4,4320,卖盘
695,10:42:58,10.8,0.0,50,54000,卖盘
696,10:43:07,10.8,0.0,6,6480,卖盘
697,10:43:10,10.8,0.0,72,77760,卖盘
698,10:43:16,10.8,0.0,2,2160,卖盘
699,10:43:19,10.8,0.0,1,1080,卖盘
700,10:43:22,10.8,0.0,43,46440,卖盘
701,10:43:25,10.8,0.0,1,1080,卖盘
702,10:43:28,10.8,0.0,3,3240,卖盘
703,10:43:31,10.8,0.0,2,2160,卖盘
704,10:43:34,10.81,0.01,14,15131,买盘
705,10:43:37,10.8,-0.01,12,12960,中性盘
706,10:43:40,10.8,0.0,34,36720,买盘
707,10:43:42,10.81,0.01,36,38916,买盘
708,10:43:45,10.81,0.0,48,51888,买盘
709,10:43:48,10.81,0.0,24,25944,买盘
710,10:43:52,10.81,0.0,32,34592,买盘
711,10:44:00,10.81,0.0,100,108100,买盘
712,10:44:13,10.81,0.0,10,10810,买盘
713,10:44:16,10.81,0.0,1,1081,买盘
714,10:44:22,10.81,0.0,22,23782,买盘
715,10:44:31,10.81,0.0,5,5405,买盘
716,10:44:34,10.81,0.0,6,6486,买盘
717,10:44:36,10.81,0.0,21,22701,买盘
718,10:44:49,10.81,0.0,19,20539,卖盘
719,10:44:52,10.82,0.01,12,12984,买盘
720,10:44:58,10.81,-0.01,20,21620,卖盘
721,10:45:04,10.81,0.0,29,31373,卖盘
722,10:45:10,10.81,0.0,12,12972,卖盘
723,10:45:34,10.81,0.0,6,6486,卖盘
724,10:45:40,10.82,0.01,19,20548,买盘
725,10:45:43,10.81,-0.01,20,21620,卖盘
726,10:45:49,10.81,0.0,10,10810,卖盘
727,10:45:52,10.82,0.01,3,3245,买盘
728,10:46:01,10.82,0.0,5,5410,买盘
729,10:46:16,10.81,-0.01,2,2162,卖盘
730,10:46:31,10.81,0.0,23,24863,卖盘
731,10:46:34,10.81,0.0,14,15136,卖盘
732,10:46:46,10.81,0.0,10,10810,卖盘
733,10:46:55,10.81,0.0,10,10810,卖盘
734,10:46:58,10.81,0.0,10,10810,卖盘
735,10:47:01,10.81,0.0,8,8648,卖盘
736,10:47:10,10.81,0.0,36,38916,买盘
737,10:47:13,10.81,0.0,3,3243,卖盘
738,10:47:21,10.81,0.0,10,10810,卖盘
739,10:47:31,10.81,0.0,19,20539,卖盘
740,10:47:46,10.81,0.0,4,4324,卖盘
741,10:48:01,10.81,0.0,2,2162,卖盘
742,10:48:10,10.81,0.0,5,5405,卖盘
743,10:48:13,10.81,0.0,211,228091,卖盘
744,10:48:18,10.81,0.0,10,10810,卖盘
745,10:48:22,10.81,0.0,7,7567,卖盘
746,10:48:25,10.81,0.0,4,4324,卖盘
747,10:48:31,10.81,0.0,31,33511,卖盘
748,10:49:07,10.8,-0.01,4,4320,卖盘
749,10:49:13,10.8,0.0,39,42132,卖盘
750,10:49:22,10.81,0.01,9,9729,买盘
751,10:49:31,10.8,-0.01,1,1080,卖盘
752,10:49:37,10.81,0.01,5,5405,买盘
753,10:49:43,10.8,-0.01,20,21600,卖盘
754,10:49:52,10.8,0.0,50,54000,卖盘
755,10:50:07,10.8,0.0,30,32400,卖盘
756,10:50:13,10.8,0.0,69,74520,卖盘
757,10:50:25,10.8,0.0,35,37812,卖盘
758,10:50:27,10.8,0.0,182,196560,卖盘
759,10:50:40,10.8,0.0,11,11880,买盘
760,10:50:46,10.8,0.0,10,10800,买盘
761,10:50:58,10.79,-0.01,1,1079,卖盘
762,10:51:07,10.79,0.0,6,6474,卖盘
763,10:51:16,10.79,0.0,10,10790,卖盘
764,10:51:19,10.79,0.0,30,32370,卖盘
765,10:51:21,10.79,0.0,10,10790,卖盘
766,10:51:30,10.79,0.0,2,2158,买盘
767,10:51:33,10.78,-0.01,20,21560,卖盘
768,10:51:39,10.78,0.0,31,33418,卖盘
769,10:51:45,10.79,0.01,118,127214,买盘
770,10:52:00,10.78,-0.01,10,10780,卖盘
771,10:52:40,10.78,0.0,1,1078,卖盘
772,10:52:48,10.78,0.0,20,21560,卖盘
773,10:52:57,10.78,0.0,20,21560,卖盘
774,10:53:12,10.78,0.0,5,5390,卖盘
775,10:53:15,10.78,0.0,40,43120,卖盘
776,10:53:22,10.78,0.0,11,11858,卖盘
777,10:53:25,10.78,0.0,34,36642,买盘
778,10:53:34,10.78,0.0,40,43120,买盘
779,10:53:46,10.78,0.0,1,1078,买盘
780,10:54:10,10.79,0.01,17,18338,买盘
781,10:54:16,10.78,-0.01,4,4312,卖盘
782,10:54:22,10.78,0.0,35,37742,卖盘
783,10:54:24,10.79,0.01,12,12948,买盘
784,10:54:28,10.79,0.0,12,12948,买盘
785,10:54:34,10.79,0.0,12,12948,买盘
786,10:54:42,10.79,0.0,24,25896,买盘
787,10:54:52,10.79,0.0,12,12948,买盘
788,10:55:06,10.79,0.0,16,17264,买盘
789,10:55:21,10.79,0.0,4,4316,买盘
790,10:55:28,10.79,0.0,1,1079,买盘
791,10:55:43,10.78,-0.01,30,32340,卖盘
792,10:55:46,10.78,0.0,2,2156,卖盘
793,10:56:01,10.78,0.0,69,74382,卖盘
794,10:56:07,10.79,0.01,20,21580,买盘
795,10:56:16,10.79,0.0,62,66898,买盘
796,10:56:19,10.78,-0.01,1,1078,卖盘
797,10:56:22,10.78,0.0,95,102567,卖盘
798,10:56:25,10.78,0.0,30,32340,卖盘
799,10:56:28,10.79,0.01,2,2158,中性盘
800,10:56:34,10.8,0.01,77,83160,买盘
801,10:56:51,10.79,-0.01,9,9711,卖盘
802,10:56:57,10.8,0.01,38,41040,买盘
803,10:57:04,10.8,0.0,53,57240,买盘
804,10:57:16,10.8,0.0,66,71280,买盘
805,10:57:31,10.8,0.0,64,69120,买盘
806,10:57:40,10.79,-0.01,92,99268,卖盘
807,10:57:46,10.79,0.0,10,10790,买盘
808,10:57:54,10.78,-0.01,41,44198,卖盘
809,10:57:57,10.78,0.0,11,11858,卖盘
810,10:58:16,10.79,0.01,12,12948,买盘
811,10:58:19,10.79,0.0,36,38844,买盘
812,10:58:22,10.79,0.0,50,53950,买盘
813,10:58:25,10.79,0.0,2,2158,买盘
814,10:58:28,10.79,0.0,1,1079,买盘
815,10:58:31,10.8,0.01,24,25910,买盘
816,10:58:33,10.8,0.0,142,153360,买盘
817,10:58:36,10.8,0.0,12,12960,买盘
818,10:59:19,10.8,0.0,10,10800,买盘
819,10:59:33,10.8,0.0,77,83140,买盘
820,10:59:39,10.79,-0.01,5,5395,卖盘
821,10:59:43,10.8,0.01,45,48600,买盘
822,10:59:45,10.8,0.0,3,3240,买盘
823,10:59:51,10.8,0.0,4,4320,买盘
824,10:59:55,10.8,0.0,6,6480,买盘
825,10:59:58,10.8,0.0,46,49680,买盘
826,11:00:01,10.8,0.0,20,21600,卖盘
827,11:00:06,10.8,0.0,2,2160,卖盘
828,11:00:10,10.81,0.01,15,16215,买盘
829,11:00:13,10.8,-0.01,20,21600,卖盘
830,11:00:22,10.81,0.01,104,112446,买盘
831,11:00:31,10.82,0.01,140,151480,买盘
832,11:00:37,10.81,-0.01,11,11891,卖盘
833,11:00:40,10.82,0.01,19,20558,买盘
834,11:01:13,10.81,-0.01,5,5405,卖盘
835,11:01:24,10.81,0.0,42,45402,卖盘
836,11:01:31,10.82,0.01,20,21640,买盘
837,11:01:37,10.82,0.0,29,31378,买盘
838,11:01:46,10.82,0.0,5,5410,买盘
839,11:02:04,10.82,0.0,3,3246,买盘
840,11:02:06,10.82,0.0,67,72494,买盘
841,11:02:10,10.81,-0.01,14,15134,卖盘
842,11:02:19,10.81,0.0,4,4327,卖盘
843,11:02:28,10.81,0.0,118,127536,卖盘
844,11:03:10,10.8,-0.01,30,32400,卖盘
845,11:03:13,10.8,0.0,8,8640,卖盘
846,11:03:19,10.81,0.01,11,11888,买盘
847,11:03:25,10.8,-0.01,17,18360,卖盘
848,11:03:34,10.81,0.01,12,12972,买盘
849,11:03:37,10.81,0.0,12,12972,买盘
850,11:03:46,10.81,0.0,9,9729,买盘
851,11:03:57,10.81,0.0,1,1081,买盘
852,11:04:04,10.8,-0.01,19,20532,卖盘
853,11:04:06,10.81,0.01,77,83172,买盘
854,11:04:22,10.8,-0.01,40,43200,卖盘
855,11:04:28,10.8,0.0,37,39960,卖盘
856,11:04:48,10.8,0.0,9,9720,卖盘
857,11:05:01,10.8,0.0,10,10800,卖盘
858,11:05:16,10.81,0.01,12,12972,买盘
859,11:05:19,10.8,-0.01,12,12960,卖盘
860,11:05:25,10.81,0.01,26,28099,买盘
861,11:05:28,10.81,0.0,60,64860,买盘
862,11:05:30,10.81,0.0,60,64860,买盘
863,11:05:34,10.81,0.0,12,12972,买盘
864,11:05:37,10.81,0.0,21,22701,买盘
865,11:05:43,10.81,0.0,17,18374,买盘
866,11:06:04,10.8,-0.01,20,21600,卖盘
867,11:06:16,10.81,0.01,34,36754,买盘
868,11:06:19,10.8,-0.01,38,41040,卖盘
869,11:06:33,10.8,0.0,20,21600,买盘
870,11:06:40,10.81,0.01,5,5405,买盘
871,11:06:45,10.8,-0.01,16,17280,卖盘
872,11:06:52,10.81,0.01,4,4324,买盘
873,11:07:04,10.81,0.0,20,21620,买盘
874,11:07:06,10.81,0.0,5,5405,买盘
875,11:07:10,10.81,0.0,147,158907,买盘
876,11:07:13,10.81,0.0,48,51886,买盘
877,11:07:16,10.81,0.0,52,56212,买盘
878,11:07:19,10.8,-0.01,300,324000,卖盘
879,11:07:27,10.8,0.0,10,10800,卖盘
880,11:07:31,10.81,0.01,30,32430,买盘
881,11:07:33,10.81,0.0,105,113505,买盘
882,11:07:37,10.81,0.0,50,54050,买盘
883,11:07:40,10.81,0.0,4,4324,买盘
884,11:07:43,10.81,0.0,62,67022,买盘
885,11:07:49,10.81,0.0,62,67022,买盘
886,11:07:51,10.81,0.0,13,14053,买盘
887,11:07:57,10.81,0.0,77,83237,买盘
888,11:08:01,10.81,0.0,8,8648,买盘
889,11:08:04,10.81,0.0,3,3243,买盘
890,11:08:07,10.81,0.0,2,2162,买盘
891,11:08:19,10.81,0.0,38,41048,买盘
892,11:08:24,10.8,-0.01,4,4320,卖盘
893,11:08:33,10.8,0.0,10,10800,卖盘
894,11:08:46,10.81,0.01,65,70427,买盘
895,11:08:49,10.81,0.0,10,10810,卖盘
896,11:08:58,10.81,0.0,8,8648,卖盘
897,11:09:00,10.81,0.0,28,30268,卖盘
898,11:09:18,10.81,0.0,100,108100,卖盘
899,11:09:21,10.81,0.0,206,222686,卖盘
900,11:09:28,10.82,0.01,2,2164,买盘
901,11:09:37,10.82,0.0,255,275910,买盘
902,11:10:13,10.82,0.0,70,75740,买盘
903,11:10:28,10.82,0.0,1,1082,买盘
904,11:10:36,10.82,0.0,66,71412,买盘
905,11:10:42,10.82,0.0,5,5410,买盘
906,11:10:49,10.82,0.0,8,8656,买盘
907,11:10:55,10.82,0.0,10,10820,买盘
908,11:11:07,10.82,0.0,6,6492,买盘
909,11:11:12,10.81,-0.01,27,29187,卖盘
910,11:11:25,10.81,0.0,5,5405,卖盘
911,11:11:28,10.83,0.02,74,80121,买盘
912,11:11:34,10.82,-0.01,29,31378,卖盘
913,11:11:37,10.82,0.0,10,10820,买盘
914,11:11:46,10.82,0.0,87,94134,买盘
915,11:11:49,10.82,0.0,23,24886,买盘
916,11:11:52,10.82,0.0,105,113610,买盘
917,11:11:55,10.81,-0.01,2,2162,卖盘
918,11:12:04,10.81,0.0,14,15134,卖盘
919,11:12:25,10.81,0.0,12,12972,卖盘
920,11:12:30,10.81,0.0,12,12972,卖盘
921,11:12:40,10.81,0.0,34,36754,卖盘
922,11:12:46,10.82,0.01,34,36758,买盘
923,11:12:55,10.81,-0.01,130,140368,卖盘
924,11:13:22,10.81,0.0,12,13134,买盘
925,11:13:31,10.81,0.0,1,1081,卖盘
926,11:13:36,10.81,0.0,10,10810,卖盘
927,11:13:43,10.81,0.0,37,39997,卖盘
928,11:14:01,10.81,0.0,5,5405,卖盘
929,11:14:04,10.81,0.0,7,7405,卖盘
930,11:14:16,10.81,0.0,5,5405,买盘
931,11:14:19,10.81,0.0,5,5405,买盘
932,11:14:34,10.8,-0.01,20,21600,卖盘
933,11:14:49,10.8,0.0,50,54000,卖盘
934,11:14:55,10.8,0.0,40,43200,卖盘
935,11:15:15,10.8,0.0,1,1080,卖盘
936,11:15:18,10.8,0.0,6,6480,卖盘
937,11:15:28,10.8,0.0,23,24840,卖盘
938,11:15:31,10.8,0.0,20,21600,卖盘
939,11:15:46,10.81,0.01,12,12972,买盘
940,11:15:49,10.8,-0.01,10,10800,卖盘
941,11:15:54,10.81,0.01,47,50807,买盘
942,11:16:00,10.81,0.0,44,47564,买盘
943,11:16:04,10.81,0.0,10,10810,买盘
944,11:16:13,10.81,0.0,19,20701,买盘
945,11:16:31,10.81,0.0,6,6486,卖盘
946,11:16:43,10.82,0.01,13,14065,买盘
947,11:16:46,10.82,0.0,12,12984,买盘
948,11:16:49,10.82,0.0,12,12984,买盘
949,11:16:55,10.81,-0.01,30,32430,卖盘
950,11:16:58,10.82,0.01,24,25968,买盘
951,11:17:04,10.81,-0.01,19,20377,卖盘
952,11:17:07,10.82,0.01,12,12973,买盘
953,11:17:15,10.81,-0.01,20,21620,卖盘
954,11:17:49,10.82,0.01,10,10820,买盘
955,11:18:04,10.81,-0.01,10,10810,卖盘
956,11:18:33,10.82,0.01,10,10820,买盘
957,11:18:40,10.82,0.0,30,32460,买盘
958,11:18:43,10.82,0.0,12,12984,买盘
959,11:18:49,10.82,0.0,15,16230,买盘
960,11:18:58,10.82,0.0,12,12984,买盘
961,11:19:07,10.82,0.0,10,10820,买盘
962,11:19:10,10.82,0.0,20,21640,买盘
963,11:19:13,10.82,0.0,26,28132,买盘
964,11:19:19,10.82,0.0,18,19476,买盘
965,11:19:22,10.82,0.0,73,78986,买盘
966,11:19:28,10.82,0.0,48,51936,买盘
967,11:19:31,10.82,0.0,15,16230,买盘
968,11:19:34,10.82,0.0,16,17312,买盘
969,11:19:37,10.82,0.0,23,24876,买盘
970,11:19:40,10.82,0.0,13,14066,买盘
971,11:19:42,10.82,0.0,5,5410,买盘
972,11:19:58,10.82,0.0,13,14066,买盘
973,11:20:15,10.82,0.0,11,11902,买盘
974,11:20:24,10.82,0.0,20,21640,买盘
975,11:20:31,10.82,0.0,119,128758,买盘
976,11:20:37,10.82,0.0,5,5410,买盘
977,11:20:42,10.82,0.0,14,15148,买盘
978,11:20:45,10.83,0.01,128,138570,买盘
979,11:20:58,10.82,-0.01,20,21640,买盘
980,11:21:25,10.82,0.0,26,28132,卖盘
981,11:21:28,10.83,0.01,10,10830,买盘
982,11:21:34,10.82,-0.01,27,29214,卖盘
983,11:21:46,10.83,0.01,10,10830,买盘
984,11:21:52,10.82,-0.01,10,10820,卖盘
985,11:22:01,10.82,0.0,2,2164,卖盘
986,11:22:07,10.82,0.0,5,5410,卖盘
987,11:22:10,10.82,0.0,10,10820,卖盘
988,11:22:25,10.83,0.01,12,12996,买盘
989,11:22:28,10.83,0.0,78,84444,买盘
990,11:22:31,10.83,0.0,133,144039,买盘
991,11:22:34,10.83,0.0,24,25992,买盘
992,11:22:36,10.83,0.0,2,2166,买盘
993,11:22:49,10.83,0.0,247,267501,买盘
994,11:22:52,10.83,0.0,10,10830,买盘
995,11:22:55,10.83,0.0,1,1083,买盘
996,11:22:58,10.83,0.0,14,15324,买盘
997,11:23:16,10.83,0.0,23,24929,卖盘
998,11:23:19,10.84,0.01,10,10840,买盘
999,11:23:31,10.84,0.0,20,21680,买盘
1000,11:23:34,10.84,0.0,101,109484,买盘
1001,11:23:37,10.83,-0.01,31,33596,卖盘
1002,11:23:49,10.84,0.01,22,23848,买盘
1003,11:23:52,10.84,0.0,71,76964,买盘
1004,11:24:10,10.85,0.01,5,5425,买盘
1005,11:24:13,10.85,0.0,1,1085,买盘
1006,11:24:18,10.84,-0.01,5,5420,卖盘
1007,11:24:21,10.85,0.01,4,4340,买盘
1008,11:24:24,10.85,0.0,203,220255,买盘
1009,11:24:31,10.85,0.0,10,10850,买盘
1010,11:24:34,10.84,-0.01,5,5420,卖盘
1011,11:24:36,10.85,0.01,359,389515,买盘
1012,11:24:49,10.86,0.01,5,5430,买盘
1013,11:24:55,10.86,0.0,300,325800,买盘
1014,11:24:58,10.85,-0.01,10,10850,卖盘
1015,11:25:04,10.86,0.01,9,9770,买盘
1016,11:25:07,10.85,-0.01,4,4340,卖盘
1017,11:25:12,10.86,0.01,5,5430,买盘
1018,11:25:16,10.86,0.0,50,54300,买盘
1019,11:25:27,10.86,0.0,5,5430,买盘
1020,11:25:31,10.86,0.0,1,1086,买盘
1021,11:25:34,10.86,0.0,1,1086,买盘
1022,11:25:37,10.86,0.0,5,5430,买盘
1023,11:25:40,10.86,0.0,5,5430,卖盘
1024,11:25:49,10.86,0.0,22,23892,买盘
1025,11:25:55,10.87,0.01,100,108622,买盘
1026,11:26:07,10.87,0.0,41,44558,买盘
1027,11:26:09,10.86,-0.01,17,18462,卖盘
1028,11:26:19,10.86,0.0,14,15204,卖盘
1029,11:26:22,10.86,0.0,62,67382,卖盘
1030,11:26:25,10.87,0.01,25,27170,买盘
1031,11:26:34,10.86,-0.01,80,86880,卖盘
1032,11:26:37,10.86,0.0,71,77145,卖盘
1033,11:26:46,10.87,0.01,25,27175,买盘
1034,11:26:49,10.87,0.0,59,64085,买盘
1035,11:26:58,10.87,0.0,20,21740,买盘
1036,11:27:01,10.87,0.0,15,16305,买盘
1037,11:27:04,10.87,0.0,3,3261,买盘
1038,11:27:07,10.86,-0.01,10,10860,卖盘
1039,11:27:16,10.86,0.0,13,14128,卖盘
1040,11:27:19,10.86,0.0,5,5430,卖盘
1041,11:27:28,10.87,0.01,10,10870,买盘
1042,11:27:31,10.86,-0.01,10,10860,卖盘
1043,11:27:34,10.87,0.01,18,19566,买盘
1044,11:27:40,10.87,0.0,10,10865,买盘
1045,11:27:43,10.87,0.0,17,18479,买盘
1046,11:27:49,10.87,0.0,12,13044,买盘
1047,11:27:52,10.86,-0.01,62,67344,卖盘
1048,11:27:57,10.87,0.01,26,28262,买盘
1049,11:28:04,10.87,0.0,12,13044,买盘
1050,11:28:13,10.86,-0.01,50,54300,卖盘
1051,11:28:16,10.86,0.0,6,6516,卖盘
1052,11:28:19,10.86,0.0,3,3258,卖盘
1053,11:28:22,10.87,0.01,50,54350,买盘
1054,11:28:24,10.87,0.0,2,2174,买盘
1055,11:28:34,10.86,-0.01,1,1086,卖盘
1056,11:28:43,10.87,0.01,27,29349,买盘
1057,11:28:45,10.87,0.0,2,2174,买盘
1058,11:29:01,10.87,0.0,149,161963,买盘
1059,11:29:04,10.86,-0.01,4,4344,卖盘
1060,11:29:22,10.86,0.0,93,100998,卖盘
1061,11:29:40,10.87,0.01,53,57611,买盘
1062,11:29:43,10.87,0.0,24,26088,买盘
1063,11:29:46,10.87,0.0,21,22815,买盘
1064,11:29:49,10.86,-0.01,25,27172,卖盘
1065,11:29:54,10.87,0.01,12,13044,买盘
1066,11:30:01,10.87,0.0,12,13044,买盘
1067,13:00:07,10.86,-0.01,346,376107,卖盘
1068,13:00:10,10.87,0.01,34,36958,买盘
1069,13:00:13,10.87,0.0,15,16305,买盘
1070,13:00:16,10.86,-0.01,12,13032,卖盘
1071,13:00:22,10.86,0.0,40,43440,卖盘
1072,13:00:28,10.88,0.02,419,455856,买盘
1073,13:00:31,10.88,0.0,12,13056,卖盘
1074,13:00:34,10.88,0.0,12,13056,卖盘
1075,13:00:36,10.88,0.0,18,19584,卖盘
1076,13:00:49,10.89,0.01,30,32660,买盘
1077,13:00:58,10.87,-0.02,180,195839,卖盘
1078,13:01:28,10.88,0.01,5,5440,买盘
1079,13:01:45,10.88,0.0,273,296824,买盘
1080,13:01:54,10.87,-0.01,8,8696,买盘
1081,13:02:21,10.86,-0.01,11,11946,卖盘
1082,13:02:39,10.86,0.0,50,54300,卖盘
1083,13:02:42,10.87,0.01,2,2174,买盘
1084,13:03:07,10.87,0.0,166,180312,买盘
1085,13:03:16,10.86,-0.01,10,10860,卖盘
1086,13:03:34,10.86,0.0,6,6516,卖盘
1087,13:03:40,10.87,0.01,11,11957,买盘
1088,13:03:43,10.87,0.0,5,5435,买盘
1089,13:03:49,10.86,-0.01,30,32580,卖盘
1090,13:04:16,10.86,0.0,2,2172,卖盘
1091,13:04:25,10.86,0.0,10,10860,卖盘
1092,13:04:31,10.86,0.0,1,1086,卖盘
1093,13:04:37,10.86,0.0,5,5430,卖盘
1094,13:05:07,10.86,0.0,140,152040,卖盘
1095,13:05:28,10.85,-0.01,5,5425,卖盘
1096,13:05:37,10.86,0.01,10,10860,买盘
1097,13:05:52,10.85,-0.01,20,21700,卖盘
1098,13:06:13,10.85,0.0,9,9765,卖盘
1099,13:06:24,10.86,0.01,10,10860,买盘
1100,13:06:27,10.85,-0.01,13,14105,卖盘
1101,13:06:49,10.85,0.0,5,5425,卖盘
1102,13:06:51,10.85,0.0,3,3255,卖盘
1103,13:06:55,10.85,0.0,2,2170,卖盘
1104,13:06:58,10.85,0.0,15,16275,卖盘
1105,13:07:22,10.85,0.0,10,10850,卖盘
1106,13:07:28,10.85,0.0,1,1085,卖盘
1107,13:07:43,10.85,0.0,10,10850,卖盘
1108,13:07:46,10.86,0.01,54,58622,买盘
1109,13:08:01,10.86,0.0,5,5430,买盘
1110,13:08:04,10.86,0.0,35,38010,买盘
1111,13:08:13,10.85,-0.01,13,14105,卖盘
1112,13:08:19,10.85,0.0,10,10850,卖盘
1113,13:08:22,10.86,0.01,2,2172,买盘
1114,13:08:28,10.86,0.0,20,21720,买盘
1115,13:08:30,10.86,0.0,6,6515,买盘
1116,13:08:40,10.85,-0.01,50,54250,卖盘
1117,13:08:46,10.86,0.01,29,31494,买盘
1118,13:08:49,10.85,-0.01,3,3255,卖盘
1119,13:08:57,10.85,0.0,19,20615,卖盘
1120,13:09:01,10.85,0.0,41,44485,卖盘
1121,13:09:07,10.85,0.0,20,21700,卖盘
1122,13:09:10,10.85,0.0,20,21700,卖盘
1123,13:09:13,10.85,0.0,10,10850,卖盘
1124,13:09:18,10.85,0.0,49,53165,卖盘
1125,13:09:22,10.85,0.0,24,26040,卖盘
1126,13:09:24,10.85,0.0,30,32550,卖盘
1127,13:09:30,10.85,0.0,2,2170,买盘
1128,13:09:43,10.84,-0.01,2,2168,卖盘
1129,13:09:55,10.84,0.0,12,13008,卖盘
1130,13:10:13,10.84,0.0,23,24932,卖盘
1131,13:10:15,10.84,0.0,6,6504,卖盘
1132,13:10:19,10.84,0.0,25,27100,卖盘
1133,13:10:34,10.84,0.0,6,6504,卖盘
1134,13:11:10,10.85,0.01,56,60760,买盘
1135,13:11:16,10.84,-0.01,1,1084,卖盘
1136,13:11:25,10.84,0.0,15,16260,卖盘
1137,13:11:28,10.84,0.0,13,14092,卖盘
1138,13:11:43,10.84,0.0,16,17344,卖盘
1139,13:11:46,10.85,0.01,10,10850,买盘
1140,13:11:55,10.84,-0.01,9,9756,卖盘
1141,13:12:04,10.84,0.0,6,6504,卖盘
1142,13:12:28,10.85,0.01,2,2170,买盘
1143,13:12:40,10.84,-0.01,100,108400,卖盘
1144,13:13:10,10.85,0.01,168,182280,买盘
1145,13:13:31,10.85,0.0,51,55335,卖盘
1146,13:14:01,10.85,0.0,5,5425,卖盘
1147,13:14:04,10.85,0.0,98,106418,卖盘
1148,13:14:07,10.86,0.01,18,19548,买盘
1149,13:14:10,10.85,-0.01,104,112940,卖盘
1150,13:14:13,10.86,0.01,38,41268,买盘
1151,13:14:37,10.86,0.0,4,4344,卖盘
1152,13:14:43,10.87,0.01,2,2174,买盘
1153,13:15:05,10.87,0.0,3,3261,买盘
1154,13:15:19,10.86,-0.01,1,1086,卖盘
1155,13:15:22,10.87,0.01,20,21740,买盘
1156,13:15:34,10.86,-0.01,5,5430,卖盘
1157,13:15:37,10.86,0.0,6,6516,卖盘
1158,13:15:43,10.86,0.0,10,10860,卖盘
1159,13:15:55,10.86,0.0,5,5430,卖盘
1160,13:16:01,10.86,0.0,8,8688,卖盘
1161,13:16:07,10.86,0.0,24,26064,卖盘
1162,13:16:09,10.86,0.0,8,8688,卖盘
1163,13:16:22,10.86,0.0,5,5430,卖盘
1164,13:16:25,10.86,0.0,5,5430,卖盘
1165,13:16:28,10.86,0.0,3,3258,卖盘
1166,13:16:31,10.86,0.0,12,13032,卖盘
1167,13:16:49,10.85,-0.01,10,10850,卖盘
1168,13:16:58,10.86,0.01,22,23877,买盘
1169,13:17:15,10.85,-0.01,10,10850,卖盘
1170,13:17:27,10.85,0.0,63,68355,卖盘
1171,13:17:43,10.85,0.0,1,1085,卖盘
1172,13:17:55,10.85,0.0,14,15190,卖盘
1173,13:18:00,10.85,0.0,24,26040,卖盘
1174,13:18:13,10.85,0.0,50,54250,卖盘
1175,13:18:15,10.85,0.0,5,5425,卖盘
1176,13:18:24,10.85,0.0,1,1085,卖盘
1177,13:18:34,10.85,0.0,1,1085,卖盘
1178,13:18:43,10.86,0.01,8,8688,买盘
1179,13:18:45,10.85,-0.01,5,5425,卖盘
1180,13:18:49,10.85,0.0,110,119350,卖盘
1181,13:19:01,10.85,0.0,42,45570,卖盘
1182,13:19:09,10.85,0.0,49,53165,卖盘
1183,13:19:13,10.86,0.01,6,6516,买盘
1184,13:19:22,10.86,0.0,10,10860,买盘
1185,13:19:25,10.85,-0.01,5,5425,卖盘
1186,13:19:34,10.85,0.0,10,10850,卖盘
1187,13:19:39,10.86,0.01,3,3258,买盘
1188,13:20:04,10.85,-0.01,2,2170,卖盘
1189,13:20:16,10.86,0.01,8,8683,买盘
1190,13:20:25,10.86,0.0,2,2172,买盘
1191,13:20:28,10.85,-0.01,110,120218,卖盘
1192,13:20:42,10.86,0.01,14,14322,买盘
1193,13:21:13,10.84,-0.02,54,58536,卖盘
1194,13:21:19,10.84,0.0,1,1084,买盘
1195,13:21:28,10.84,0.0,3,3252,买盘
1196,13:22:01,10.85,0.01,10,10850,买盘
1197,13:22:15,10.84,-0.01,9,9756,卖盘
1198,13:22:28,10.85,0.01,10,10850,买盘
1199,13:22:34,10.85,0.0,5,5425,买盘
1200,13:22:37,10.84,-0.01,6,6504,卖盘
1201,13:22:39,10.84,0.0,6,6504,卖盘
1202,13:22:43,10.85,0.01,30,32550,买盘
1203,13:22:49,10.84,-0.01,12,13008,卖盘
1204,13:23:01,10.84,0.0,12,13008,卖盘
1205,13:23:04,10.85,0.01,36,39036,中性盘
1206,13:23:07,10.84,-0.01,67,72636,卖盘
1207,13:23:10,10.84,0.0,12,13008,卖盘
1208,13:23:22,10.86,0.02,100,108586,买盘
1209,13:24:36,10.84,-0.02,13,14092,卖盘
1210,13:24:49,10.84,0.0,11,11924,卖盘
1211,13:24:58,10.85,0.01,13,14096,买盘
1212,13:25:24,10.84,-0.01,3,3252,买盘
1213,13:25:43,10.83,-0.01,5,5415,卖盘
1214,13:26:10,10.83,0.0,18,19494,卖盘
1215,13:26:21,10.83,0.0,1,1083,卖盘
1216,13:26:46,10.83,0.0,1,1083,卖盘
1217,13:26:55,10.82,-0.01,106,114792,卖盘
1218,13:27:07,10.84,0.02,28,30352,买盘
1219,13:27:28,10.83,-0.01,5,5415,卖盘
1220,13:27:57,10.84,0.01,73,79071,买盘
1221,13:28:07,10.84,0.0,30,32520,买盘
1222,13:28:18,10.83,-0.01,23,24909,卖盘
1223,13:28:37,10.83,0.0,2,2166,卖盘
1224,13:28:43,10.84,0.01,13,14087,买盘
1225,13:29:01,10.84,0.0,2,2168,卖盘
1226,13:29:37,10.83,-0.01,3,3249,卖盘
1227,13:29:51,10.83,0.0,53,57399,买盘
1228,13:29:58,10.83,0.0,12,12996,卖盘
1229,13:30:37,10.83,0.0,10,10832,卖盘
1230,13:30:40,10.83,0.0,5,5415,卖盘
1231,13:30:49,10.83,0.0,1,1083,卖盘
1232,13:31:31,10.84,0.01,20,21670,买盘
1233,13:31:34,10.83,-0.01,5,5415,卖盘
1234,13:31:52,10.84,0.01,7,7588,买盘
1235,13:32:15,10.84,0.0,33,35772,买盘
1236,13:32:22,10.84,0.0,1,1084,买盘
1237,13:32:28,10.84,0.0,10,10840,卖盘
1238,13:32:40,10.84,0.0,1,1084,卖盘
1239,13:32:55,10.84,0.0,36,39024,卖盘
1240,13:33:07,10.84,0.0,9,9756,卖盘
1241,13:33:37,10.84,0.0,47,50948,卖盘
1242,13:33:58,10.83,-0.01,10,10830,卖盘
1243,13:34:16,10.83,0.0,9,9747,卖盘
1244,13:34:25,10.83,0.0,44,47652,卖盘
1245,13:34:37,10.84,0.01,5,5420,买盘
1246,13:34:40,10.83,-0.01,46,49818,卖盘
1247,13:34:49,10.83,0.0,14,15162,买盘
1248,13:35:10,10.84,0.01,55,59599,买盘
1249,13:35:28,10.82,-0.02,57,61689,卖盘
1250,13:35:40,10.83,0.01,10,10830,买盘
1251,13:35:51,10.84,0.01,74,80216,买盘
1252,13:36:04,10.83,-0.01,6,6498,卖盘
1253,13:36:13,10.83,0.0,2,2166,买盘
1254,13:36:16,10.83,0.0,49,53067,买盘
1255,13:36:22,10.82,-0.01,12,12984,卖盘
1256,13:36:34,10.83,0.01,99,107217,买盘
1257,13:36:40,10.82,-0.01,4,4328,卖盘
1258,13:37:06,10.82,0.0,5,5410,卖盘
1259,13:37:42,10.82,0.0,15,16230,卖盘
1260,13:37:51,10.82,0.0,243,262926,卖盘
1261,13:39:04,10.81,-0.01,34,36754,卖盘
1262,13:39:13,10.81,0.0,6,6486,卖盘
1263,13:39:19,10.81,0.0,9,9729,卖盘
1264,13:39:22,10.82,0.01,2,2164,买盘
1265,13:39:33,10.82,0.0,10,10820,买盘
1266,13:39:37,10.82,0.0,61,66002,买盘
1267,13:39:43,10.81,-0.01,16,17296,卖盘
1268,13:39:45,10.82,0.01,22,23804,买盘
1269,13:39:52,10.82,0.0,15,16230,卖盘
1270,13:40:01,10.82,0.0,3,3246,卖盘
1271,13:40:07,10.82,0.0,19,20558,卖盘
1272,13:40:13,10.82,0.0,2,2164,买盘
1273,13:40:22,10.82,0.0,8,8656,卖盘
1274,13:40:27,10.82,0.0,22,23804,买盘
1275,13:40:36,10.82,0.0,19,20558,卖盘
1276,13:40:57,10.82,0.0,12,12984,卖盘
1277,13:41:04,10.82,0.0,25,27050,卖盘
1278,13:42:12,10.82,0.0,54,58428,卖盘
1279,13:42:16,10.82,0.0,5,5410,买盘
1280,13:42:22,10.82,0.0,15,16230,买盘
1281,13:42:25,10.82,0.0,7,7574,买盘
1282,13:42:27,10.82,0.0,1,1082,买盘
1283,13:42:31,10.82,0.0,20,21640,买盘
1284,13:42:55,10.81,-0.01,6,6486,卖盘
1285,13:43:04,10.82,0.01,5,5410,买盘
1286,13:43:22,10.82,0.0,79,85478,买盘
1287,13:44:10,10.82,0.0,46,49772,卖盘
1288,13:44:28,10.82,0.0,100,108200,卖盘
1289,13:44:49,10.82,0.0,13,14066,卖盘
1290,13:44:54,10.82,0.0,34,36788,卖盘
1291,13:45:04,10.82,0.0,10,10820,买盘
1292,13:45:40,10.83,0.01,200,216536,买盘
1293,13:45:46,10.81,-0.02,54,58374,卖盘
1294,13:45:55,10.85,0.04,542,587915,买盘
1295,13:46:52,10.84,-0.01,2,2168,买盘
1296,13:47:10,10.84,0.0,6,6504,买盘
1297,13:47:16,10.84,0.0,60,65040,买盘
1298,13:47:28,10.84,0.0,14,15176,买盘
1299,13:47:31,10.84,0.0,6,6504,卖盘
1300,13:47:46,10.84,0.0,8,8672,买盘
1301,13:48:01,10.84,0.0,7,7588,买盘
1302,13:48:04,10.84,0.0,10,10840,买盘
1303,13:48:07,10.83,-0.01,24,25992,卖盘
1304,13:48:10,10.83,0.0,10,10830,买盘
1305,13:48:22,10.83,0.0,6,6498,买盘
1306,13:48:46,10.83,0.0,10,10830,卖盘
1307,13:49:07,10.83,0.0,4,4332,卖盘
1308,13:49:18,10.83,0.0,3,3249,买盘
1309,13:49:28,10.82,-0.01,30,32460,卖盘
1310,13:49:31,10.83,0.01,1,1083,买盘
1311,13:49:37,10.83,0.0,7,7581,买盘
1312,13:50:31,10.83,0.0,10,10830,买盘
1313,13:50:34,10.83,0.0,3,3249,买盘
1314,13:50:40,10.82,-0.01,1,1082,卖盘
1315,13:50:52,10.82,0.0,4,4328,卖盘
1316,13:50:55,10.83,0.01,50,54150,买盘
1317,13:51:27,10.82,-0.01,13,14066,卖盘
1318,13:51:45,10.82,0.0,10,10820,卖盘
1319,13:52:04,10.83,0.01,5,5415,买盘
1320,13:52:09,10.83,0.0,12,12996,买盘
1321,13:52:19,10.83,0.0,12,12996,买盘
1322,13:52:25,10.83,0.0,12,12996,买盘
1323,13:52:28,10.83,0.0,12,12996,买盘
1324,13:52:34,10.83,0.0,1,1083,买盘
1325,13:52:37,10.83,0.0,2,2166,买盘
1326,13:52:40,10.83,0.0,9,9747,买盘
1327,13:52:46,10.83,0.0,13,14079,买盘
1328,13:52:49,10.83,0.0,9,9747,买盘
1329,13:52:52,10.83,0.0,1,1083,买盘
1330,13:52:55,10.83,0.0,6,6498,买盘
1331,13:52:58,10.83,0.0,3,3249,买盘
1332,13:53:01,10.83,0.0,25,27075,买盘
1333,13:53:13,10.84,0.01,4,4336,买盘
1334,13:54:12,10.83,-0.01,10,10830,卖盘
1335,13:54:22,10.84,0.01,25,27100,买盘
1336,13:54:31,10.84,0.0,30,32520,买盘
1337,13:54:34,10.84,0.0,2,2168,买盘
1338,13:54:49,10.84,0.0,1,1084,买盘
1339,13:54:58,10.84,0.0,101,109484,买盘
1340,13:55:07,10.84,0.0,4,4336,买盘
1341,13:55:13,10.84,0.0,11,11924,买盘
1342,13:55:15,10.84,0.0,50,54200,卖盘
1343,13:55:34,10.84,0.0,20,21680,卖盘
1344,13:55:39,10.85,0.01,70,75950,买盘
1345,13:55:45,10.84,-0.01,2,2168,卖盘
1346,13:56:10,10.85,0.01,19,20615,买盘
1347,13:56:15,10.84,-0.01,1,1084,卖盘
1348,13:56:31,10.85,0.01,10,10850,买盘
1349,13:56:45,10.84,-0.01,53,57452,卖盘
1350,13:56:54,10.84,0.0,8,8672,卖盘
1351,13:57:06,10.85,0.01,5,5425,买盘
1352,13:57:10,10.84,-0.01,5,5420,卖盘
1353,13:57:27,10.85,0.01,8,8680,买盘
1354,13:57:30,10.84,-0.01,1,1084,卖盘
1355,13:57:36,10.85,0.01,107,116088,买盘
1356,13:57:55,10.84,-0.01,10,10840,卖盘
1357,13:58:07,10.85,0.01,7,7595,买盘
1358,13:58:25,10.85,0.0,44,47740,买盘
1359,13:58:31,10.85,0.0,2,2170,买盘
1360,13:58:42,10.85,0.0,12,13020,买盘
1361,13:58:48,10.85,0.0,4,4340,买盘
1362,13:59:01,10.84,-0.01,5,5420,卖盘
1363,13:59:04,10.85,0.01,50,54250,买盘
1364,13:59:18,10.85,0.0,10,10850,买盘
1365,13:59:22,10.85,0.0,20,21700,买盘
1366,13:59:39,10.86,0.01,99,107511,买盘
1367,13:59:55,10.85,-0.01,10,10850,卖盘
1368,14:00:04,10.85,0.0,3,3255,卖盘
1369,14:00:07,10.86,0.01,16,17376,买盘
1370,14:00:09,10.85,-0.01,4,4340,卖盘
1371,14:00:16,10.86,0.01,1,1086,买盘
1372,14:00:19,10.85,-0.01,7,7595,卖盘
1373,14:00:34,10.85,0.0,7,7595,买盘
1374,14:00:40,10.85,0.0,14,15190,买盘
1375,14:00:48,10.85,0.0,6,6510,卖盘
1376,14:01:10,10.85,0.0,30,32550,卖盘
1377,14:01:21,10.85,0.0,5,5425,卖盘
1378,14:01:55,10.85,0.0,50,54250,买盘
1379,14:02:25,10.85,0.0,32,34720,买盘
1380,14:02:28,10.85,0.0,18,19530,买盘
1381,14:02:51,10.85,0.0,3,3255,买盘
1382,14:02:54,10.84,-0.01,10,10840,卖盘
1383,14:03:22,10.84,0.0,2,2168,卖盘
1384,14:03:28,10.84,0.0,1,1084,卖盘
1385,14:03:36,10.84,0.0,6,6504,卖盘
1386,14:03:43,10.84,0.0,40,43360,卖盘
1387,14:04:21,10.84,0.0,10,10840,卖盘
1388,14:04:30,10.84,0.0,58,62872,卖盘
1389,14:04:58,10.84,0.0,15,16260,卖盘
1390,14:05:04,10.84,0.0,31,33616,卖盘
1391,14:05:28,10.84,0.0,1,1084,卖盘
1392,14:05:46,10.84,0.0,5,5420,卖盘
1393,14:06:07,10.83,-0.01,20,21669,卖盘
1394,14:06:16,10.83,0.0,9,9747,卖盘
1395,14:06:34,10.83,0.0,10,10830,卖盘
1396,14:06:45,10.84,0.01,2,2168,买盘
1397,14:06:52,10.84,0.0,1,1084,卖盘
1398,14:07:01,10.84,0.0,6,6504,卖盘
1399,14:07:04,10.84,0.0,7,7588,卖盘
1400,14:07:19,10.84,0.0,4,4336,卖盘
1401,14:07:34,10.84,0.0,28,30352,买盘
1402,14:07:40,10.84,0.0,12,13008,买盘
1403,14:08:49,10.84,0.0,10,10840,买盘
1404,14:09:01,10.84,0.0,19,20596,买盘
1405,14:09:27,10.83,-0.01,3,3249,卖盘
1406,14:09:55,10.83,0.0,1,1083,卖盘
1407,14:10:13,10.83,0.0,7,7581,卖盘
1408,14:10:22,10.84,0.01,7,7588,买盘
1409,14:10:37,10.84,0.0,1,1084,买盘
1410,14:10:43,10.84,0.0,6,6504,买盘
1411,14:10:57,10.85,0.01,1,1085,买盘
1412,14:11:10,10.83,-0.02,27,29259,卖盘
1413,14:11:19,10.85,0.02,60,65090,买盘
1414,14:11:55,10.85,0.0,12,13020,买盘
1415,14:11:58,10.85,0.0,5,5425,买盘
1416,14:12:12,10.85,0.0,10,10850,买盘
1417,14:12:22,10.85,0.0,5,5425,买盘
1418,14:12:25,10.85,0.0,2,2170,买盘
1419,14:12:37,10.85,0.0,11,11935,买盘
1420,14:13:22,10.84,-0.01,4,4336,卖盘
1421,14:13:43,10.83,-0.01,20,21660,卖盘
1422,14:14:07,10.84,0.01,6,6504,买盘
1423,14:14:13,10.84,0.0,9,9756,卖盘
1424,14:14:22,10.84,0.0,9,9756,买盘
1425,14:14:40,10.83,-0.01,50,54150,卖盘
1426,14:14:51,10.84,0.01,10,10840,买盘
1427,14:15:04,10.84,0.0,10,10840,买盘
1428,14:15:07,10.84,0.0,20,21680,买盘
1429,14:15:21,10.85,0.01,3,3255,买盘
1430,14:15:34,10.84,-0.01,28,30352,卖盘
1431,14:16:07,10.83,-0.01,12,12996,卖盘
1432,14:16:31,10.84,0.01,1,1084,买盘
1433,14:16:37,10.83,-0.01,12,12996,卖盘
1434,14:17:00,10.83,0.0,2,2166,卖盘
1435,14:17:22,10.84,0.01,16,17344,买盘
1436,14:17:30,10.84,0.0,20,21680,买盘
1437,14:17:37,10.83,-0.01,20,21675,卖盘
1438,14:17:46,10.84,0.01,9,9756,卖盘
1439,14:17:52,10.84,0.0,10,10840,卖盘
1440,14:17:55,10.84,0.0,1,1084,卖盘
1441,14:18:04,10.84,0.0,4,4336,买盘
1442,14:18:06,10.84,0.0,1,1084,卖盘
1443,14:18:24,10.83,-0.01,40,43320,卖盘
1444,14:19:01,10.84,0.01,20,21680,买盘
1445,14:19:22,10.84,0.0,2,2168,买盘
1446,14:19:48,10.84,0.0,18,19512,买盘
1447,14:20:18,10.83,-0.01,2,2166,卖盘
1448,14:20:25,10.83,0.0,40,43320,卖盘
1449,14:20:27,10.83,0.0,2,2166,卖盘
1450,14:20:31,10.83,0.0,15,16245,卖盘
1451,14:20:37,10.83,0.0,13,14079,卖盘
1452,14:20:43,10.83,0.0,5,5415,卖盘
1453,14:20:49,10.83,0.0,10,10830,卖盘
1454,14:20:52,10.83,0.0,107,115881,卖盘
1455,14:20:55,10.83,0.0,69,74727,买盘
1456,14:21:10,10.83,0.0,31,33573,买盘
1457,14:21:22,10.84,0.01,5,5420,买盘
1458,14:21:25,10.83,-0.01,111,120213,卖盘
1459,14:21:37,10.83,0.0,32,34656,卖盘
1460,14:21:55,10.83,0.0,56,60648,卖盘
1461,14:22:01,10.83,0.0,18,19494,买盘
1462,14:22:33,10.83,0.0,24,25992,买盘
1463,14:22:37,10.82,-0.01,3,3246,卖盘
1464,14:22:49,10.83,0.01,118,127791,买盘
1465,14:23:01,10.83,0.0,3,3249,卖盘
1466,14:23:07,10.83,0.0,2,2166,卖盘
1467,14:23:13,10.83,0.0,1,1083,卖盘
1468,14:23:16,10.83,0.0,10,10830,卖盘
1469,14:23:46,10.83,0.0,77,83396,卖盘
1470,14:23:54,10.84,0.01,45,48780,买盘
1471,14:24:00,10.83,-0.01,10,10830,卖盘
1472,14:24:10,10.83,0.0,6,6498,卖盘
1473,14:24:19,10.83,0.0,4,4332,买盘
1474,14:24:22,10.82,-0.01,18,19476,卖盘
1475,14:24:37,10.83,0.01,1,1083,买盘
1476,14:25:07,10.83,0.0,5,5415,买盘
1477,14:25:15,10.82,-0.01,12,12984,卖盘
1478,14:25:22,10.82,0.0,2,2164,卖盘
1479,14:25:30,10.82,0.0,5,5410,卖盘
1480,14:25:37,10.82,0.0,60,64920,卖盘
1481,14:25:42,10.83,0.01,12,12996,买盘
1482,14:25:55,10.82,-0.01,25,27050,卖盘
1483,14:26:07,10.82,0.0,55,59510,卖盘
1484,14:26:31,10.82,0.0,45,48690,卖盘
1485,14:26:37,10.82,0.0,95,102790,卖盘
1486,14:27:09,10.82,0.0,10,10820,买盘
1487,14:27:28,10.82,0.0,7,7574,买盘
1488,14:27:31,10.82,0.0,64,69248,买盘
1489,14:28:10,10.82,0.0,35,37870,卖盘
1490,14:28:22,10.82,0.0,5,5410,卖盘
1491,14:28:25,10.82,0.0,27,29214,卖盘
1492,14:28:33,10.82,0.0,24,25968,卖盘
1493,14:28:52,10.83,0.01,10,10830,买盘
1494,14:29:09,10.83,0.0,5,5415,买盘
1495,14:29:18,10.83,0.0,15,16245,买盘
1496,14:29:31,10.83,0.0,6,6498,买盘
1497,14:29:43,10.83,0.0,13,14079,买盘
1498,14:30:01,10.83,0.0,24,25992,买盘
1499,14:30:13,10.83,0.0,10,10830,买盘
1500,14:30:22,10.83,0.0,12,12996,买盘
1501,14:30:54,10.82,-0.01,10,10820,卖盘
1502,14:30:57,10.83,0.01,1,1083,买盘
1503,14:31:01,10.83,0.0,80,86640,买盘
1504,14:31:07,10.83,0.0,10,10830,买盘
1505,14:31:10,10.83,0.0,247,267501,买盘
1506,14:31:28,10.83,0.0,1,1083,卖盘
1507,14:31:37,10.84,0.01,28,30352,买盘
1508,14:31:45,10.83,-0.01,20,21660,卖盘
1509,14:32:07,10.83,0.0,2,2166,卖盘
1510,14:32:09,10.83,0.0,2,2166,卖盘
1511,14:32:31,10.83,0.0,5,5415,卖盘
1512,14:32:37,10.84,0.01,29,31436,买盘
1513,14:33:01,10.84,0.0,82,88888,买盘
1514,14:33:07,10.83,-0.01,1,1083,卖盘
1515,14:33:25,10.83,0.0,26,28158,卖盘
1516,14:33:46,10.84,0.01,3,3252,买盘
1517,14:33:49,10.83,-0.01,1,1083,卖盘
1518,14:33:54,10.83,0.0,9,9747,卖盘
1519,14:33:57,10.83,0.0,12,12996,卖盘
1520,14:34:04,10.83,0.0,10,10830,卖盘
1521,14:34:16,10.83,0.0,10,10830,卖盘
1522,14:34:19,10.83,0.0,14,15162,卖盘
1523,14:34:22,10.83,0.0,12,12996,卖盘
1524,14:34:31,10.83,0.0,5,5415,卖盘
1525,14:35:04,10.83,0.0,11,11913,卖盘
1526,14:35:19,10.83,0.0,7,7581,卖盘
1527,14:35:28,10.84,0.01,3,3252,买盘
1528,14:35:31,10.83,-0.01,320,346560,卖盘
1529,14:35:40,10.82,-0.01,171,185033,卖盘
1530,14:35:49,10.83,0.01,10,10830,买盘
1531,14:36:01,10.82,-0.01,20,21640,卖盘
1532,14:36:16,10.82,0.0,18,19476,卖盘
1533,14:36:19,10.82,0.0,11,11902,卖盘
1534,14:36:40,10.81,-0.01,160,173009,卖盘
1535,14:37:01,10.81,0.0,136,147016,卖盘
1536,14:37:07,10.8,-0.01,454,490320,卖盘
1537,14:37:13,10.8,0.0,5,5400,买盘
1538,14:37:15,10.8,0.0,2,2160,买盘
1539,14:37:28,10.8,0.0,16,17280,买盘
1540,14:37:40,10.79,-0.01,160,172640,卖盘
1541,14:37:49,10.79,0.0,124,133917,卖盘
1542,14:37:58,10.8,0.01,29,31309,买盘
1543,14:38:06,10.79,-0.01,21,22659,卖盘
1544,14:38:10,10.79,0.0,45,48555,买盘
1545,14:38:25,10.78,-0.01,5,5390,卖盘
1546,14:38:31,10.78,0.0,131,141218,卖盘
1547,14:38:39,10.77,-0.01,161,173437,卖盘
1548,14:38:55,10.77,0.0,160,172362,卖盘
1549,14:38:57,10.8,0.03,10,10800,买盘
1550,14:39:07,10.78,-0.02,6,6470,卖盘
1551,14:39:19,10.78,0.0,11,11868,卖盘
1552,14:39:31,10.78,0.0,1,1078,卖盘
1553,14:39:37,10.78,0.0,9,9702,卖盘
1554,14:39:40,10.77,-0.01,160,172419,卖盘
1555,14:39:46,10.78,0.01,10,10780,买盘
1556,14:39:49,10.77,-0.01,42,45234,卖盘
1557,14:40:01,10.78,0.01,5,5390,买盘
1558,14:40:04,10.77,-0.01,11,11847,卖盘
1559,14:40:07,10.78,0.01,63,67900,买盘
1560,14:40:16,10.78,0.0,2,2156,买盘
1561,14:40:22,10.78,0.0,22,23711,买盘
1562,14:40:30,10.78,0.0,22,23716,买盘
1563,14:40:33,10.78,0.0,10,10780,买盘
1564,14:40:39,10.77,-0.01,160,172385,卖盘
1565,14:40:42,10.78,0.01,14,15092,买盘
1566,14:40:46,10.78,0.0,31,33418,买盘
1567,14:40:52,10.77,-0.01,1,1077,卖盘
1568,14:40:55,10.78,0.01,15,16170,买盘
1569,14:40:58,10.78,0.0,18,19404,卖盘
1570,14:41:04,10.78,0.0,16,17244,卖盘
1571,14:41:07,10.78,0.0,6,6468,买盘
1572,14:41:10,10.78,0.0,17,18326,卖盘
1573,14:41:25,10.78,0.0,245,264110,卖盘
1574,14:41:34,10.78,0.0,64,68992,买盘
1575,14:41:39,10.76,-0.02,160,172301,卖盘
1576,14:41:43,10.78,0.02,205,220614,买盘
1577,14:41:45,10.78,0.0,10,10780,买盘
1578,14:41:58,10.78,0.0,10,10780,买盘
1579,14:42:01,10.78,0.0,1,1078,买盘
1580,14:42:04,10.77,-0.01,624,671485,卖盘
1581,14:42:06,10.77,0.0,3,3231,买盘
1582,14:42:10,10.77,0.0,9,9693,买盘
1583,14:42:12,10.75,-0.02,504,541800,卖盘
1584,14:42:16,10.75,0.0,30,32250,买盘
1585,14:42:21,10.77,0.02,40,43048,买盘
1586,14:42:27,10.75,-0.02,5,5375,卖盘
1587,14:42:34,10.75,0.0,10,10750,卖盘
1588,14:42:37,10.74,-0.01,146,156836,卖盘
1589,14:42:43,10.74,0.0,78,83772,买盘
1590,14:42:49,10.74,0.0,2,2148,买盘
1591,14:42:52,10.74,0.0,88,94469,买盘
1592,14:42:55,10.74,0.0,1,1074,买盘
1593,14:42:58,10.73,-0.01,4,4292,卖盘
1594,14:43:00,10.74,0.01,33,35442,买盘
1595,14:43:04,10.73,-0.01,20,21460,卖盘
1596,14:43:10,10.74,0.01,6,6444,买盘
1597,14:43:13,10.74,0.0,12,12888,买盘
1598,14:43:28,10.74,0.0,38,40792,买盘
1599,14:43:31,10.74,0.0,177,190098,买盘
1600,14:43:34,10.76,0.02,12,12909,买盘
1601,14:43:37,10.74,-0.02,40,42960,卖盘
1602,14:43:40,10.73,-0.01,160,171756,卖盘
1603,14:43:43,10.74,0.01,10,10740,卖盘
1604,14:43:46,10.74,0.0,3,3222,卖盘
1605,14:43:48,10.74,0.0,20,21480,卖盘
1606,14:43:55,10.76,0.02,2,2151,买盘
1607,14:43:58,10.76,0.0,10,10760,买盘
1608,14:44:01,10.75,-0.01,4,4300,卖盘
1609,14:44:19,10.74,-0.01,503,540574,卖盘
1610,14:44:24,10.75,0.01,10,10750,卖盘
1611,14:44:28,10.75,0.0,15,16125,买盘
1612,14:44:33,10.76,0.01,40,43001,买盘
1613,14:44:46,10.75,-0.01,5,5375,卖盘
1614,14:45:01,10.76,0.01,20,21520,买盘
1615,14:45:04,10.75,-0.01,14,15050,卖盘
1616,14:45:16,10.75,0.0,58,62395,卖盘
1617,14:45:37,10.75,0.0,15,16125,卖盘
1618,14:45:39,10.75,0.0,2,2150,卖盘
1619,14:45:46,10.76,0.01,5,5380,买盘
1620,14:45:52,10.75,-0.01,10,10750,卖盘
1621,14:45:58,10.75,0.0,7,7525,卖盘
1622,14:46:01,10.75,0.0,14,15050,卖盘
1623,14:46:04,10.75,0.0,20,21509,卖盘
1624,14:46:13,10.76,0.01,5,5380,买盘
1625,14:46:16,10.75,-0.01,10,10750,卖盘
1626,14:46:19,10.75,0.0,4,4300,卖盘
1627,14:46:24,10.76,0.01,100,107600,买盘
1628,14:46:28,10.75,-0.01,3,3225,卖盘
1629,14:46:31,10.75,0.0,3,3226,卖盘
1630,14:46:40,10.76,0.01,10,10760,买盘
1631,14:46:46,10.76,0.0,3,3228,买盘
1632,14:46:52,10.76,0.0,28,30128,买盘
1633,14:46:58,10.75,-0.01,23,24745,卖盘
1634,14:47:01,10.76,0.01,71,76391,买盘
1635,14:47:04,10.75,-0.01,39,41939,卖盘
1636,14:47:07,10.75,0.0,2,2150,卖盘
1637,14:47:10,10.75,0.0,10,10750,卖盘
1638,14:47:13,10.76,0.01,77,82806,买盘
1639,14:47:18,10.76,0.0,3,3228,买盘
1640,14:47:22,10.76,0.0,8,8608,买盘
1641,14:47:25,10.76,0.0,26,27976,买盘
1642,14:47:37,10.76,0.0,52,55952,卖盘
1643,14:47:45,10.76,0.0,62,66712,卖盘
1644,14:47:49,10.76,0.0,11,11836,卖盘
1645,14:48:04,10.76,0.0,10,10760,卖盘
1646,14:48:07,10.76,0.0,1,1076,卖盘
1647,14:48:16,10.76,0.0,4,4304,卖盘
1648,14:48:22,10.76,0.0,8,8608,卖盘
1649,14:48:25,10.77,0.01,3,3231,买盘
1650,14:48:28,10.76,-0.01,2,2152,卖盘
1651,14:48:33,10.76,0.0,24,25824,卖盘
1652,14:48:40,10.76,0.0,3,3228,买盘
1653,14:48:42,10.76,0.0,53,57028,买盘
1654,14:48:46,10.76,0.0,43,46235,买盘
1655,14:48:52,10.75,-0.01,8,8601,卖盘
1656,14:49:04,10.75,0.0,11,11825,卖盘
1657,14:49:07,10.76,0.01,12,12912,买盘
1658,14:49:16,10.75,-0.01,10,10755,卖盘
1659,14:49:19,10.76,0.01,18,19368,买盘
1660,14:49:22,10.75,-0.01,20,21500,卖盘
1661,14:49:24,10.76,0.01,122,131272,买盘
1662,14:49:30,10.76,0.0,35,37660,卖盘
1663,14:49:52,10.76,0.0,8,8608,卖盘
1664,14:49:57,10.76,0.0,10,10760,卖盘
1665,14:50:01,10.76,0.0,10,10760,卖盘
1666,14:50:04,10.76,0.0,11,11836,卖盘
1667,14:50:10,10.76,0.0,30,32280,卖盘
1668,14:50:15,10.77,0.01,9,9693,买盘
1669,14:50:19,10.76,-0.01,46,49540,卖盘
1670,14:50:39,10.76,0.0,10,10760,卖盘
1671,14:50:43,10.76,0.0,44,47344,卖盘
1672,14:50:45,10.76,0.0,3,3228,卖盘
1673,14:50:49,10.76,0.0,1,1076,卖盘
1674,14:50:52,10.77,0.01,140,150780,买盘
1675,14:50:55,10.77,0.0,11,11847,卖盘
1676,14:50:58,10.76,-0.01,44,47361,卖盘
1677,14:51:04,10.76,0.0,11,11836,卖盘
1678,14:51:13,10.77,0.01,38,40956,卖盘
1679,14:51:16,10.77,0.0,22,23694,卖盘
1680,14:51:21,10.76,-0.01,68,73168,卖盘
1681,14:51:30,10.76,0.0,2,2152,卖盘
1682,14:51:34,10.76,0.0,52,55952,卖盘
1683,14:51:37,10.76,0.0,12,12912,卖盘
1684,14:51:43,10.76,0.0,13,13988,卖盘
1685,14:51:46,10.76,0.0,7,7532,卖盘
1686,14:51:52,10.76,0.0,12,12912,卖盘
1687,14:51:54,10.76,0.0,16,17216,卖盘
1688,14:51:58,10.76,0.0,16,17216,卖盘
1689,14:52:01,10.77,0.01,2,2154,买盘
1690,14:52:04,10.76,-0.01,36,38736,卖盘
1691,14:52:07,10.76,0.0,30,32280,卖盘
1692,14:52:13,10.77,0.01,44,47388,买盘
1693,14:52:15,10.76,-0.01,20,21520,卖盘
1694,14:52:19,10.77,0.01,30,32310,买盘
1695,14:52:22,10.76,-0.01,6,6456,卖盘
1696,14:52:31,10.77,0.01,11,11846,买盘
1697,14:52:40,10.76,-0.01,30,32280,卖盘
1698,14:52:49,10.77,0.01,44,47354,买盘
1699,14:52:55,10.77,0.0,10,10770,买盘
1700,14:52:58,10.77,0.0,32,34464,买盘
1701,14:53:10,10.76,-0.01,15,16154,卖盘
1702,14:53:15,10.77,0.01,36,38772,买盘
1703,14:53:19,10.76,-0.01,46,49526,卖盘
1704,14:53:22,10.77,0.01,61,65697,买盘
1705,14:53:34,10.76,-0.01,4,4306,卖盘
1706,14:53:42,10.77,0.01,20,21530,买盘
1707,14:53:46,10.77,0.0,2,2154,买盘
1708,14:53:52,10.77,0.0,20,21540,买盘
1709,14:53:55,10.77,0.0,10,10770,买盘
1710,14:54:07,10.77,0.0,32,34464,买盘
1711,14:54:10,10.77,0.0,2,2154,买盘
1712,14:54:13,10.76,-0.01,43,46288,卖盘
1713,14:54:16,10.77,0.01,3,3231,买盘
1714,14:54:18,10.77,0.0,17,18304,买盘
1715,14:54:22,10.77,0.0,27,29079,卖盘
1716,14:54:24,10.77,0.0,6,6462,卖盘
1717,14:54:28,10.77,0.0,5,5385,卖盘
1718,14:54:34,10.77,0.0,46,49542,买盘
1719,14:54:37,10.77,0.0,21,22617,买盘
1720,14:54:43,10.77,0.0,158,170119,买盘
1721,14:54:46,10.77,0.0,30,32310,卖盘
1722,14:54:51,10.77,0.0,15,16155,卖盘
1723,14:55:04,10.77,0.0,16,17232,卖盘
1724,14:55:10,10.77,0.0,42,45234,卖盘
1725,14:55:13,10.77,0.0,1,1077,卖盘
1726,14:55:15,10.77,0.0,22,23673,买盘
1727,14:55:19,10.78,0.01,143,154153,买盘
1728,14:55:22,10.77,-0.01,10,10770,卖盘
1729,14:55:25,10.77,0.0,27,29079,卖盘
1730,14:55:31,10.78,0.01,17,18318,买盘
1731,14:55:34,10.77,-0.01,19,20472,卖盘
1732,14:55:43,10.77,0.0,1,1077,卖盘
1733,14:55:45,10.78,0.01,4,4312,买盘
1734,14:55:49,10.77,-0.01,120,129340,卖盘
1735,14:55:52,10.77,0.0,9,9693,买盘
1736,14:55:58,10.77,0.0,30,32310,买盘
1737,14:56:01,10.77,0.0,151,162627,买盘
1738,14:56:04,10.77,0.0,41,44157,卖盘
1739,14:56:13,10.78,0.01,17,18326,买盘
1740,14:56:16,10.78,0.0,20,21560,买盘
1741,14:56:25,10.77,-0.01,10,10770,卖盘
1742,14:56:34,10.78,0.01,41,44198,买盘
1743,14:56:43,10.79,0.01,39,42067,买盘
1744,14:56:52,10.78,-0.01,10,10780,卖盘
1745,14:57:01,10.78,0.0,1,1078,卖盘
1746,15:00:05,10.76,-0.02,1097,1180372,卖盘
