,time,price,change,volume,amount,type
0,09:25:05,9.66,-0.09,271,261786,卖盘
1,09:30:04,9.68,0.02,511,494151,买盘
2,09:30:06,9.68,0.0,67,64871,卖盘
3,09:30:13,9.68,0.0,50,48884,卖盘
4,09:30:15,9.69,0.01,20,19370,买盘
5,09:30:18,9.69,0.0,1,969,买盘
6,09:30:21,9.69,0.0,5,4845,买盘
7,09:30:30,9.69,0.0,3,2907,买盘
8,09:30:39,9.68,-0.01,22,21303,卖盘
9,09:30:43,9.69,0.01,9,8721,买盘
10,09:30:51,9.68,-0.01,5,4840,买盘
11,09:30:58,9.7,0.02,435,421712,买盘
12,09:31:03,9.7,0.0,1,970,卖盘
13,09:31:06,9.7,0.0,8,7760,卖盘
14,09:31:09,9.7,0.0,6,5820,卖盘
15,09:31:12,9.7,0.0,3,2910,卖盘
16,09:31:15,9.7,0.0,24,23297,卖盘
17,09:31:18,9.7,0.0,5,4850,卖盘
18,09:31:22,9.7,0.0,8,7760,卖盘
19,09:31:24,9.7,0.0,24,23280,卖盘
20,09:31:36,9.69,-0.01,3,2907,卖盘
21,09:31:40,9.69,0.0,17,16473,卖盘
22,09:31:42,9.69,0.0,1,969,卖盘
23,09:31:45,9.68,-0.01,5,4840,卖盘
24,09:31:48,9.66,-0.02,16,15464,卖盘
25,09:31:54,9.66,0.0,1,966,卖盘
26,09:31:57,9.66,0.0,10,9660,卖盘
27,09:32:00,9.67,0.01,1,967,卖盘
28,09:32:04,9.67,0.0,10,9670,买盘
29,09:32:06,9.67,0.0,90,86983,买盘
30,09:32:09,9.67,0.0,22,21273,买盘
31,09:32:12,9.66,-0.01,5,4830,卖盘
32,09:32:21,9.66,0.0,24,23184,卖盘
33,09:32:24,9.66,0.0,11,10626,卖盘
34,09:32:33,9.67,0.01,7,6764,买盘
35,09:32:36,9.67,0.0,18,17389,买盘
36,09:32:39,9.66,-0.01,4,3864,卖盘
37,09:32:42,9.66,0.0,10,9660,卖盘
38,09:32:45,9.67,0.01,61,58987,买盘
39,09:33:00,9.68,0.01,12,11607,买盘
40,09:33:04,9.67,-0.01,31,29977,卖盘
41,09:33:09,9.67,0.0,1,967,卖盘
42,09:33:21,9.67,0.0,4,3868,卖盘
43,09:33:24,9.66,-0.01,55,53131,卖盘
44,09:33:27,9.68,0.02,41,39651,买盘
45,09:33:30,9.67,-0.01,2,1934,卖盘
46,09:33:36,9.67,0.0,40,38686,卖盘
47,09:33:39,9.68,0.01,13,12581,买盘
48,09:33:42,9.67,-0.01,31,30007,卖盘
49,09:33:48,9.67,0.0,2,1934,卖盘
50,09:33:51,9.67,0.0,8,7842,卖盘
51,09:34:01,9.67,0.0,56,54050,卖盘
52,09:34:06,9.66,-0.01,8,7728,卖盘
53,09:34:09,9.66,0.0,1,966,卖盘
54,09:34:12,9.66,0.0,18,17775,卖盘
55,09:34:15,9.65,-0.01,127,122246,卖盘
56,09:34:18,9.66,0.01,13,12558,买盘
57,09:34:21,9.66,0.0,23,22604,买盘
58,09:34:24,9.65,-0.01,503,485012,卖盘
59,09:34:30,9.65,0.0,86,82940,买盘
60,09:34:33,9.64,-0.01,3,2892,卖盘
61,09:34:36,9.64,0.0,84,80976,卖盘
62,09:34:39,9.63,-0.01,2,1926,卖盘
63,09:34:43,9.63,0.0,9,8667,卖盘
64,09:34:45,9.61,-0.02,10,9610,卖盘
65,09:34:51,9.6,-0.01,1003,963402,卖盘
66,09:34:54,9.6,0.0,1,960,卖盘
67,09:34:58,9.6,0.0,91,87360,卖盘
68,09:35:00,9.61,0.01,28,26908,买盘
69,09:35:04,9.61,0.0,57,54777,卖盘
70,09:35:07,9.6,-0.01,71,68195,卖盘
71,09:35:09,9.6,0.0,1,960,卖盘
72,09:35:12,9.61,0.01,42,40362,买盘
73,09:35:19,9.62,0.01,26,25012,买盘
74,09:35:21,9.62,0.0,20,19230,买盘
75,09:35:25,9.61,-0.01,122,117253,卖盘
76,09:35:27,9.63,0.02,553,532000,买盘
77,09:35:30,9.63,0.0,17,16371,买盘
78,09:35:33,9.63,0.0,4,3852,买盘
79,09:35:37,9.63,0.0,49,47184,买盘
80,09:35:39,9.63,0.0,5,4815,买盘
81,09:35:42,9.63,0.0,8,7704,买盘
82,09:35:45,9.62,-0.01,29,27926,卖盘
83,09:35:48,9.62,0.0,21,20308,买盘
84,09:35:51,9.61,-0.01,57,54830,卖盘
85,09:35:54,9.62,0.01,30,28860,中性盘
86,09:35:58,9.61,-0.01,7,6732,卖盘
87,09:36:03,9.62,0.01,1,962,卖盘
88,09:36:06,9.63,0.01,12,11556,卖盘
89,09:36:09,9.64,0.01,2,1927,买盘
90,09:36:13,9.64,0.0,8,7712,买盘
91,09:36:24,9.64,0.0,5,4824,卖盘
92,09:36:27,9.64,0.0,27,26070,卖盘
93,09:36:30,9.65,0.01,74,71410,买盘
94,09:36:33,9.64,-0.01,95,91646,卖盘
95,09:36:39,9.65,0.01,39,37619,买盘
96,09:36:42,9.64,-0.01,30,28908,买盘
97,09:36:45,9.64,0.0,90,86759,买盘
98,09:36:48,9.64,0.0,47,45310,卖盘
99,09:36:54,9.64,0.0,10,9640,买盘
100,09:37:01,9.63,-0.01,35,33705,卖盘
101,09:37:04,9.63,0.0,8,7704,买盘
102,09:37:12,9.62,-0.01,17,16354,卖盘
103,09:37:16,9.62,0.0,1,962,卖盘
104,09:37:18,9.63,0.01,1,963,买盘
105,09:37:24,9.62,-0.01,6,5772,卖盘
106,09:37:27,9.62,0.0,8,7696,卖盘
107,09:37:33,9.62,0.0,128,123136,卖盘
108,09:37:39,9.62,0.0,9,8656,买盘
109,09:37:42,9.62,0.0,102,98124,买盘
110,09:37:54,9.62,0.0,6,5772,买盘
111,09:38:01,9.62,0.0,21,20202,买盘
112,09:38:04,9.62,0.0,8,7695,买盘
113,09:38:06,9.61,-0.01,14,13456,卖盘
114,09:38:09,9.61,0.0,1,961,卖盘
115,09:38:12,9.62,0.01,10,9620,买盘
116,09:38:15,9.61,-0.01,40,38440,卖盘
117,09:38:27,9.61,0.0,6,5766,卖盘
118,09:38:33,9.62,0.01,10,9620,买盘
119,09:38:39,9.61,-0.01,1,961,卖盘
120,09:38:42,9.61,0.0,25,24025,卖盘
121,09:38:45,9.62,0.01,5,4810,买盘
122,09:38:51,9.61,-0.01,3,2883,卖盘
123,09:38:54,9.62,0.01,51,49061,买盘
124,09:38:57,9.62,0.0,20,19240,买盘
125,09:39:00,9.62,0.0,18,17316,买盘
126,09:39:04,9.62,0.0,38,36556,买盘
127,09:39:18,9.62,0.0,38,36590,卖盘
128,09:39:21,9.63,0.01,1,963,买盘
129,09:39:24,9.63,0.0,63,60669,买盘
130,09:39:28,9.63,0.0,48,46224,买盘
131,09:39:30,9.62,-0.01,15,14434,卖盘
132,09:39:36,9.64,0.02,2,1928,买盘
133,09:39:49,9.64,0.0,5,4820,买盘
134,09:39:52,9.64,0.0,1,964,买盘
135,09:39:55,9.64,0.0,13,12532,买盘
136,09:40:04,9.64,0.0,6,5783,买盘
137,09:40:09,9.64,0.0,16,15424,买盘
138,09:40:18,9.64,0.0,1,964,买盘
139,09:40:24,9.64,0.0,45,43380,买盘
140,09:40:30,9.64,0.0,23,22172,买盘
141,09:40:33,9.66,0.02,210,202740,买盘
142,09:40:37,9.66,0.0,20,19320,卖盘
143,09:40:39,9.63,-0.03,48,46301,卖盘
144,09:40:43,9.63,0.0,41,39488,卖盘
145,09:40:51,9.66,0.03,60,57960,买盘
146,09:41:09,9.66,0.0,10,9660,买盘
147,09:41:12,9.66,0.0,16,15446,买盘
148,09:41:15,9.64,-0.02,74,71367,卖盘
149,09:41:22,9.66,0.02,10,9660,买盘
150,09:41:39,9.64,-0.02,30,28958,卖盘
151,09:41:45,9.64,0.0,4,3856,卖盘
152,09:41:48,9.64,0.0,5,4820,卖盘
153,09:41:51,9.65,0.01,43,41473,买盘
154,09:41:58,9.64,-0.01,41,39524,买盘
155,09:42:04,9.64,0.0,22,21207,买盘
156,09:42:06,9.64,0.0,45,43380,买盘
157,09:42:09,9.64,0.0,4,3856,卖盘
158,09:42:12,9.64,0.0,51,49154,买盘
159,09:42:16,9.63,-0.01,33,31779,卖盘
160,09:42:18,9.63,0.0,3,2889,卖盘
161,09:42:21,9.64,0.01,7,6748,买盘
162,09:42:24,9.64,0.0,9,8676,买盘
163,09:42:27,9.64,0.0,2,1928,买盘
164,09:42:30,9.63,-0.01,22,21203,卖盘
165,09:42:33,9.64,0.01,6,5784,买盘
166,09:42:36,9.63,-0.01,37,35636,卖盘
167,09:42:39,9.64,0.01,74,71336,买盘
168,09:42:42,9.64,0.0,7,6748,买盘
169,09:42:48,9.65,0.01,46,44390,买盘
170,09:42:52,9.65,0.0,1,965,买盘
171,09:42:54,9.65,0.0,1,965,买盘
172,09:43:00,9.65,0.0,2,1930,买盘
173,09:43:04,9.65,0.0,10,9650,买盘
174,09:43:06,9.65,0.0,10,9650,买盘
175,09:43:09,9.65,0.0,13,12545,买盘
176,09:43:13,9.66,0.01,9,8694,买盘
177,09:43:19,9.66,0.0,39,37647,买盘
178,09:43:21,9.66,0.0,10,9660,买盘
179,09:43:27,9.66,0.0,11,10626,买盘
180,09:43:34,9.66,0.0,12,11592,买盘
181,09:43:36,9.66,0.0,85,82110,买盘
182,09:43:39,9.66,0.0,37,35742,卖盘
183,09:43:45,9.66,0.0,17,16422,卖盘
184,09:43:48,9.66,0.0,4,3864,买盘
185,09:43:51,9.66,0.0,1,966,买盘
186,09:44:04,9.65,-0.01,45,43425,卖盘
187,09:44:06,9.65,0.0,106,102290,卖盘
188,09:44:09,9.65,0.0,56,54024,买盘
189,09:44:12,9.65,0.0,3,2895,买盘
190,09:44:21,9.65,0.0,59,56935,买盘
191,09:44:24,9.65,0.0,5,4825,买盘
192,09:44:27,9.64,-0.01,5,4820,卖盘
193,09:44:31,9.64,0.0,11,10604,卖盘
194,09:44:36,9.64,0.0,44,42431,卖盘
195,09:44:45,9.65,0.01,5,4825,买盘
196,09:44:48,9.65,0.0,6,5790,买盘
197,09:45:00,9.65,0.0,5,4825,卖盘
198,09:45:03,9.64,-0.01,33,31822,卖盘
199,09:45:09,9.66,0.02,16,15451,买盘
200,09:45:13,9.64,-0.02,48,46272,卖盘
201,09:45:16,9.65,0.01,30,28950,卖盘
202,09:45:21,9.64,-0.01,12,11568,卖盘
203,09:45:24,9.65,0.01,24,23160,买盘
204,09:45:30,9.65,0.0,1,965,买盘
205,09:45:36,9.64,-0.01,41,39524,卖盘
206,09:45:39,9.64,0.0,70,67520,卖盘
207,09:45:42,9.65,0.01,85,82025,买盘
208,09:45:57,9.65,0.0,8,7720,卖盘
209,09:46:01,9.64,-0.01,12,11568,卖盘
210,09:46:04,9.64,0.0,34,32776,卖盘
211,09:46:06,9.64,0.0,87,83868,卖盘
212,09:46:09,9.64,0.0,10,9640,中性盘
213,09:46:15,9.64,0.0,358,344785,买盘
214,09:46:18,9.64,0.0,100,96400,买盘
215,09:46:27,9.63,-0.01,73,70256,买盘
216,09:46:33,9.62,-0.01,146,140452,卖盘
217,09:46:39,9.61,-0.01,7,6730,卖盘
218,09:46:42,9.62,0.01,30,28860,买盘
219,09:46:48,9.61,-0.01,23,22106,卖盘
220,09:46:51,9.61,0.0,56,53826,卖盘
221,09:46:54,9.62,0.01,14,13468,买盘
222,09:47:04,9.61,-0.01,12,11532,卖盘
223,09:47:06,9.62,0.01,63,60573,买盘
224,09:47:18,9.61,-0.01,71,68261,卖盘
225,09:47:24,9.62,0.01,70,67294,买盘
226,09:47:27,9.62,0.0,10,9620,卖盘
227,09:47:30,9.63,0.01,97,93295,买盘
228,09:47:33,9.62,-0.01,3,2886,卖盘
229,09:47:36,9.61,-0.01,292,280698,卖盘
230,09:47:39,9.62,0.01,1,962,买盘
231,09:47:42,9.62,0.0,3,2886,买盘
232,09:47:46,9.61,-0.01,41,39428,卖盘
233,09:47:51,9.62,0.01,3,2886,卖盘
234,09:47:58,9.61,-0.01,71,68663,卖盘
235,09:48:01,9.61,0.0,2,1922,买盘
236,09:48:04,9.6,-0.01,13,12481,卖盘
237,09:48:06,9.6,0.0,50,48000,卖盘
238,09:48:09,9.61,0.01,22,21140,买盘
239,09:48:12,9.6,-0.01,10,9600,卖盘
240,09:48:16,9.6,0.0,270,259230,卖盘
241,09:48:18,9.61,0.01,15,14415,买盘
242,09:48:21,9.61,0.0,105,100869,买盘
243,09:48:24,9.6,-0.01,115,110413,卖盘
244,09:48:27,9.61,0.01,42,40362,买盘
245,09:48:30,9.6,-0.01,30,28800,卖盘
246,09:48:33,9.6,0.0,12,11520,卖盘
247,09:48:36,9.6,0.0,104,99840,卖盘
248,09:48:40,9.61,0.01,15,14415,买盘
249,09:48:43,9.6,-0.01,2,1920,卖盘
250,09:48:45,9.61,0.01,30,28830,买盘
251,09:48:48,9.61,0.0,17,16337,买盘
252,09:48:51,9.61,0.0,41,38969,买盘
253,09:48:54,9.61,0.0,2,1922,卖盘
254,09:49:04,9.61,0.0,12,11532,卖盘
255,09:49:21,9.62,0.01,24,23088,买盘
256,09:49:27,9.62,0.0,34,32708,卖盘
257,09:49:30,9.62,0.0,12,11544,卖盘
258,09:49:33,9.62,0.0,19,18278,卖盘
259,09:49:37,9.62,0.0,34,32708,卖盘
260,09:49:39,9.62,0.0,72,69236,卖盘
261,09:49:42,9.61,-0.01,10,9610,卖盘
262,09:49:48,9.62,0.01,17,16354,买盘
263,09:49:57,9.62,0.0,35,33670,卖盘
264,09:50:06,9.62,0.0,12,11544,卖盘
265,09:50:21,9.62,0.0,22,21164,卖盘
266,09:50:27,9.62,0.0,41,39442,卖盘
267,09:50:33,9.63,0.01,2,1926,买盘
268,09:50:36,9.62,-0.01,12,11544,卖盘
269,09:50:39,9.63,0.01,16,15408,买盘
270,09:50:45,9.63,0.0,2,1926,买盘
271,09:50:48,9.62,-0.01,104,100048,卖盘
272,09:50:52,9.63,0.01,30,28890,买盘
273,09:50:58,9.62,-0.01,62,59674,卖盘
274,09:51:04,9.63,0.01,31,29853,买盘
275,09:51:06,9.62,-0.01,12,11544,卖盘
276,09:51:12,9.63,0.01,112,107815,买盘
277,09:51:15,9.63,0.0,30,28890,买盘
278,09:51:37,9.62,-0.01,12,11544,卖盘
279,09:51:39,9.63,0.01,43,41409,买盘
280,09:51:48,9.63,0.0,30,28890,买盘
281,09:51:51,9.63,0.0,56,53928,买盘
282,09:51:54,9.63,0.0,30,28890,买盘
283,09:51:57,9.62,-0.01,61,58683,卖盘
284,09:52:00,9.62,0.0,41,39442,卖盘
285,09:52:06,9.62,0.0,12,11544,卖盘
286,09:52:09,9.62,0.0,1,962,卖盘
287,09:52:12,9.62,0.0,25,24065,卖盘
288,09:52:19,9.62,0.0,43,41366,卖盘
289,09:52:21,9.63,0.01,52,50076,买盘
290,09:52:33,9.63,0.0,738,709004,买盘
291,09:52:36,9.61,-0.02,12,11542,卖盘
292,09:52:39,9.63,0.02,6,5778,买盘
293,09:52:42,9.63,0.0,3,2889,买盘
294,09:52:48,9.63,0.0,2,1926,买盘
295,09:52:51,9.67,0.04,75,72395,买盘
296,09:53:01,9.65,-0.02,4,3860,买盘
297,09:53:06,9.63,-0.02,17,16381,卖盘
298,09:53:16,9.65,0.02,2,1930,卖盘
299,09:53:21,9.65,0.0,34,32810,卖盘
300,09:53:24,9.65,0.0,5,4825,卖盘
301,09:53:30,9.65,0.0,17,16405,买盘
302,09:53:34,9.65,0.0,42,40530,卖盘
303,09:53:39,9.64,-0.01,22,21208,卖盘
304,09:53:43,9.64,0.0,72,69408,卖盘
305,09:53:57,9.64,0.0,51,49114,买盘
306,09:54:04,9.63,-0.01,151,145413,卖盘
307,09:54:06,9.62,-0.01,14,13468,卖盘
308,09:54:10,9.62,0.0,16,15392,卖盘
309,09:54:12,9.62,0.0,31,29821,买盘
310,09:54:15,9.62,0.0,25,24050,买盘
311,09:54:18,9.62,0.0,2,1924,卖盘
312,09:54:21,9.61,-0.01,33,31729,卖盘
313,09:54:34,9.61,0.0,37,35617,卖盘
314,09:54:39,9.61,0.0,12,11532,卖盘
315,09:54:49,9.62,0.01,26,25012,买盘
316,09:54:52,9.61,-0.01,10,9614,卖盘
317,09:54:54,9.63,0.02,45,43335,买盘
318,09:54:57,9.61,-0.02,26,24986,卖盘
319,09:55:04,9.63,0.02,20,19260,买盘
320,09:55:07,9.63,0.0,29,27927,买盘
321,09:55:09,9.63,0.0,42,40434,买盘
322,09:55:12,9.63,0.0,9,8667,买盘
323,09:55:16,9.63,0.0,5,4815,买盘
324,09:55:18,9.62,-0.01,70,67376,卖盘
325,09:55:21,9.63,0.01,89,85707,买盘
326,09:55:27,9.61,-0.02,47,45230,卖盘
327,09:55:39,9.63,0.02,18,17334,卖盘
328,09:56:09,9.63,0.0,1,809,卖盘
329,09:56:12,9.63,0.0,20,19414,卖盘
330,09:56:15,9.65,0.02,300,289262,买盘
331,09:56:19,9.65,0.0,1,1119,买盘
332,09:56:22,9.62,-0.03,85,81800,卖盘
333,09:56:30,9.65,0.03,20,19300,买盘
334,09:56:33,9.65,0.0,20,19300,买盘
335,09:56:48,9.65,0.0,3,2895,卖盘
336,09:56:57,9.66,0.01,19,18354,买盘
337,09:57:04,9.65,-0.01,10,9650,卖盘
338,09:57:12,9.65,0.0,7,6755,买盘
339,09:57:15,9.65,0.0,164,158260,买盘
340,09:57:19,9.66,0.01,2,1932,买盘
341,09:57:21,9.65,-0.01,34,32810,卖盘
342,09:57:24,9.66,0.01,15,14490,买盘
343,09:57:27,9.66,0.0,45,43470,买盘
344,09:57:30,9.66,0.0,6,5796,卖盘
345,09:57:33,9.66,0.0,10,9660,卖盘
346,09:57:37,9.65,-0.01,25,24127,卖盘
347,09:57:39,9.66,0.01,1,966,买盘
348,09:57:48,9.66,0.0,25,24145,买盘
349,09:58:03,9.66,0.0,4,3864,买盘
350,09:58:12,9.66,0.0,6,5796,买盘
351,09:58:18,9.65,-0.01,3,2895,卖盘
352,09:58:21,9.65,0.0,34,32810,卖盘
353,09:58:33,9.65,0.0,491,473815,卖盘
354,09:58:45,9.65,0.0,1,965,买盘
355,09:58:49,9.65,0.0,31,29914,买盘
356,09:59:04,9.65,0.0,51,49173,卖盘
357,09:59:06,9.65,0.0,68,65620,卖盘
358,09:59:12,9.65,0.0,5,4825,买盘
359,09:59:18,9.65,0.0,30,28950,买盘
360,09:59:21,9.64,-0.01,67,64623,卖盘
361,09:59:27,9.65,0.01,30,28950,买盘
362,09:59:30,9.65,0.0,83,80095,买盘
363,09:59:33,9.65,0.0,13,12542,买盘
364,09:59:42,9.65,0.0,56,54040,买盘
365,09:59:46,9.64,-0.01,320,308480,卖盘
366,09:59:48,9.65,0.01,135,130275,买盘
367,09:59:54,9.65,0.0,30,28950,买盘
368,09:59:57,9.65,0.0,149,143785,买盘
369,10:00:00,9.65,0.0,10,9650,卖盘
370,10:00:13,9.66,0.01,11,10626,买盘
371,10:00:21,9.65,-0.01,48,46334,卖盘
372,10:00:24,9.68,0.03,142,137381,买盘
373,10:00:27,9.64,-0.04,41,39541,卖盘
374,10:00:30,9.68,0.04,10,9680,买盘
375,10:00:37,9.68,0.0,45,43553,买盘
376,10:00:42,9.68,0.0,43,41621,买盘
377,10:00:45,9.68,0.0,5,4840,买盘
378,10:00:48,9.64,-0.04,62,59862,卖盘
379,10:01:15,9.67,0.03,20,19340,买盘
380,10:01:18,9.66,-0.01,41,39606,卖盘
381,10:01:21,9.66,0.0,33,31878,卖盘
382,10:01:30,9.67,0.01,61,58947,买盘
383,10:01:34,9.67,0.0,20,19340,买盘
384,10:01:42,9.67,0.0,9,8701,买盘
385,10:01:48,9.65,-0.02,65,62735,卖盘
386,10:01:54,9.65,0.0,4,3859,买盘
387,10:01:57,9.64,-0.01,36,34738,卖盘
388,10:02:00,9.65,0.01,45,43425,买盘
389,10:02:03,9.65,0.0,30,28950,买盘
390,10:02:06,9.65,0.0,30,28950,买盘
391,10:02:09,9.65,0.0,50,48250,买盘
392,10:02:12,9.65,0.0,30,28950,买盘
393,10:02:19,9.65,0.0,43,41495,买盘
394,10:02:21,9.64,-0.01,146,140885,卖盘
395,10:02:27,9.64,0.0,39,37605,卖盘
396,10:03:04,9.65,0.01,10,9650,卖盘
397,10:03:09,9.66,0.01,15,14490,买盘
398,10:03:21,9.65,-0.01,35,33775,卖盘
399,10:03:24,9.65,0.0,2,1930,卖盘
400,10:03:33,9.64,-0.01,44,42446,卖盘
401,10:03:45,9.65,0.01,6,5790,买盘
402,10:03:54,9.64,-0.01,11,10604,卖盘
403,10:04:06,9.65,0.01,32,30880,买盘
404,10:04:22,9.64,-0.01,45,43380,卖盘
405,10:04:27,9.65,0.01,20,19300,买盘
406,10:04:33,9.64,-0.01,11,10604,卖盘
407,10:04:39,9.65,0.01,30,28950,买盘
408,10:04:45,9.65,0.0,4,3860,买盘
409,10:04:49,9.64,-0.01,1,964,卖盘
410,10:04:52,9.65,0.01,6,5789,买盘
411,10:04:57,9.64,-0.01,24,23136,卖盘
412,10:05:06,9.65,0.01,30,28950,买盘
413,10:05:18,9.65,0.0,41,39554,买盘
414,10:05:21,9.64,-0.01,33,31812,卖盘
415,10:05:33,9.65,0.01,30,28950,买盘
416,10:05:45,9.64,-0.01,11,10604,卖盘
417,10:05:51,9.65,0.01,12,11580,买盘
418,10:05:54,9.65,0.0,19,18335,买盘
419,10:06:00,9.64,-0.01,20,19280,卖盘
420,10:06:09,9.64,0.0,4,3856,卖盘
421,10:06:12,9.64,0.0,21,20244,卖盘
422,10:06:16,9.65,0.01,30,28950,买盘
423,10:06:18,9.65,0.0,32,30880,买盘
424,10:06:27,9.64,-0.01,22,21208,卖盘
425,10:06:39,9.65,0.01,30,28950,买盘
426,10:06:42,9.64,-0.01,32,30848,卖盘
427,10:06:48,9.64,0.0,11,10604,卖盘
428,10:06:54,9.64,0.0,11,10604,卖盘
429,10:06:57,9.65,0.01,32,30865,买盘
430,10:07:00,9.64,-0.01,5,4820,中性盘
431,10:07:18,9.64,0.0,11,10604,卖盘
432,10:07:21,9.64,0.0,99,95466,卖盘
433,10:07:24,9.64,0.0,6,5784,卖盘
434,10:07:27,9.65,0.01,53,51137,买盘
435,10:07:30,9.65,0.0,12,11580,卖盘
436,10:07:33,9.65,0.0,63,60795,卖盘
437,10:07:42,9.65,0.0,48,46320,卖盘
438,10:07:48,9.65,0.0,11,10615,卖盘
439,10:07:57,9.66,0.01,12,11592,买盘
440,10:08:04,9.65,-0.01,4,3860,卖盘
441,10:08:06,9.65,0.0,11,10615,卖盘
442,10:08:18,9.65,0.0,16,15440,卖盘
443,10:08:21,9.65,0.0,215,207475,卖盘
444,10:08:30,9.65,0.0,69,66585,买盘
445,10:08:34,9.65,0.0,14,13510,卖盘
446,10:08:36,9.64,-0.01,94,90700,卖盘
447,10:08:39,9.64,0.0,370,356680,卖盘
448,10:08:42,9.65,0.01,30,28950,买盘
449,10:08:49,9.63,-0.02,41,39532,卖盘
450,10:08:57,9.63,0.0,39,37557,卖盘
451,10:09:00,9.64,0.01,23,22172,买盘
452,10:09:03,9.64,0.0,1,964,卖盘
453,10:09:06,9.64,0.0,6,5784,卖盘
454,10:09:21,9.63,-0.01,12,11557,卖盘
455,10:09:24,9.63,0.0,11,10593,卖盘
456,10:09:30,9.63,0.0,35,33705,卖盘
457,10:09:37,9.65,0.02,532,513340,买盘
458,10:09:48,9.65,0.0,2,1930,卖盘
459,10:09:54,9.65,0.0,11,10615,卖盘
460,10:09:57,9.65,0.0,11,10615,卖盘
461,10:10:04,9.65,0.0,34,32810,卖盘
462,10:10:06,9.65,0.0,300,289500,卖盘
463,10:10:09,9.66,0.01,20,19305,买盘
464,10:10:13,9.65,-0.01,44,42460,卖盘
465,10:10:15,9.65,0.0,81,78165,卖盘
466,10:10:31,9.64,-0.01,42,40488,卖盘
467,10:10:34,9.64,0.0,548,528272,卖盘
468,10:10:36,9.63,-0.01,19,18297,卖盘
469,10:10:45,9.64,0.01,30,28920,中性盘
470,10:10:54,9.63,-0.01,2,1926,卖盘
471,10:10:57,9.64,0.01,30,28920,买盘
472,10:11:03,9.64,0.0,41,39513,买盘
473,10:11:06,9.63,-0.01,20,19260,卖盘
474,10:11:13,9.64,0.01,30,28920,买盘
475,10:11:18,9.64,0.0,30,28920,买盘
476,10:11:27,9.64,0.0,34,32776,买盘
477,10:11:30,9.63,-0.01,50,48151,卖盘
478,10:11:33,9.64,0.01,1,964,买盘
479,10:11:45,9.64,0.0,18,17352,买盘
480,10:11:48,9.64,0.0,30,28920,买盘
481,10:11:54,9.64,0.0,30,28920,买盘
482,10:12:04,9.64,0.0,30,28920,买盘
483,10:12:06,9.63,-0.01,11,10593,卖盘
484,10:12:18,9.64,0.01,6,5779,买盘
485,10:12:27,9.63,-0.01,20,19260,卖盘
486,10:12:30,9.63,0.0,31,29853,卖盘
487,10:12:33,9.64,0.01,1,964,买盘
488,10:12:39,9.63,-0.01,11,10593,卖盘
489,10:12:42,9.64,0.01,2,1928,买盘
490,10:13:00,9.64,0.0,30,28920,买盘
491,10:13:03,9.64,0.0,3,2892,买盘
492,10:13:06,9.64,0.0,30,28920,买盘
493,10:13:09,9.64,0.0,41,39513,买盘
494,10:13:15,9.64,0.0,30,28920,买盘
495,10:13:19,9.64,0.0,30,28920,买盘
496,10:13:24,9.64,0.0,35,33736,买盘
497,10:13:27,9.63,-0.01,11,10593,卖盘
498,10:13:31,9.63,0.0,33,31779,卖盘
499,10:13:36,9.63,0.0,2,1926,卖盘
500,10:13:39,9.63,0.0,11,10593,卖盘
501,10:13:42,9.63,0.0,2,1926,卖盘
502,10:13:49,9.63,0.0,10,9630,卖盘
503,10:13:54,9.64,0.01,41,39513,买盘
504,10:14:00,9.65,0.01,394,380175,买盘
505,10:14:04,9.65,0.0,7,6755,卖盘
506,10:14:09,9.66,0.01,36,34776,买盘
507,10:14:12,9.65,-0.01,11,10615,卖盘
508,10:14:21,9.66,0.01,11,10625,买盘
509,10:14:25,9.65,-0.01,11,10615,卖盘
510,10:14:27,9.65,0.0,2,1930,卖盘
511,10:14:30,9.65,0.0,32,30880,卖盘
512,10:14:33,9.65,0.0,69,66585,卖盘
513,10:14:42,9.65,0.0,11,10615,卖盘
514,10:14:48,9.65,0.0,10,9650,卖盘
515,10:14:54,9.66,0.01,2,1932,买盘
516,10:15:04,9.65,-0.01,11,10615,卖盘
517,10:15:15,9.66,0.01,28,27026,买盘
518,10:15:18,9.65,-0.01,11,10615,卖盘
519,10:15:27,9.66,0.01,20,19320,买盘
520,10:15:31,9.65,-0.01,35,33775,卖盘
521,10:15:36,9.65,0.0,11,10615,卖盘
522,10:15:48,9.65,0.0,11,10615,卖盘
523,10:15:51,9.65,0.0,13,12545,卖盘
524,10:15:57,9.65,0.0,32,30880,卖盘
525,10:16:07,9.65,0.0,5,4825,卖盘
526,10:16:15,9.65,0.0,12,11580,卖盘
527,10:16:24,9.65,0.0,242,233530,卖盘
528,10:16:27,9.65,0.0,1,965,买盘
529,10:16:33,9.64,-0.01,33,31812,卖盘
530,10:16:45,9.64,0.0,11,10604,卖盘
531,10:16:51,9.65,0.01,30,28950,买盘
532,10:16:54,9.64,-0.01,11,10604,卖盘
533,10:17:00,9.65,0.01,49,47285,买盘
534,10:17:06,9.65,0.0,63,60795,买盘
535,10:17:15,9.65,0.0,11,10615,卖盘
536,10:17:18,9.65,0.0,79,76235,卖盘
537,10:17:27,9.64,-0.01,14,13496,卖盘
538,10:17:33,9.64,0.0,33,31812,卖盘
539,10:17:39,9.65,0.01,1,965,买盘
540,10:17:42,9.64,-0.01,34,32776,卖盘
541,10:17:45,9.64,0.0,17,16393,卖盘
542,10:17:51,9.65,0.01,30,28950,买盘
543,10:18:00,9.64,-0.01,5,4820,卖盘
544,10:18:03,9.64,0.0,11,10604,卖盘
545,10:18:12,9.65,0.01,17,16405,买盘
546,10:18:18,9.64,-0.01,10,9640,卖盘
547,10:18:24,9.64,0.0,11,10604,卖盘
548,10:18:27,9.64,0.0,11,10604,卖盘
549,10:18:30,9.65,0.01,30,28950,买盘
550,10:18:36,9.64,-0.01,11,10604,卖盘
551,10:18:45,9.64,0.0,33,31812,卖盘
552,10:18:48,9.64,0.0,82,79048,卖盘
553,10:18:51,9.65,0.01,7,6755,买盘
554,10:18:57,9.64,-0.01,22,21208,卖盘
555,10:19:06,9.65,0.01,70,67550,买盘
556,10:19:09,9.64,-0.01,11,10609,卖盘
557,10:19:18,9.65,0.01,1,965,买盘
558,10:19:21,9.65,0.0,6,5790,买盘
559,10:19:24,9.64,-0.01,22,21208,卖盘
560,10:19:28,9.65,0.01,2,1930,买盘
561,10:19:46,9.64,-0.01,34,32776,卖盘
562,10:19:57,9.64,0.0,11,10604,卖盘
563,10:20:04,9.64,0.0,11,10604,卖盘
564,10:20:06,9.64,0.0,12,11569,卖盘
565,10:20:15,9.64,0.0,40,38560,卖盘
566,10:20:27,9.64,0.0,11,10604,卖盘
567,10:20:30,9.64,0.0,84,80976,卖盘
568,10:20:33,9.64,0.0,22,21208,卖盘
569,10:20:36,9.65,0.01,10,9650,买盘
570,10:20:45,9.64,-0.01,31,29884,卖盘
571,10:21:00,9.64,0.0,11,10604,卖盘
572,10:21:04,9.64,0.0,9,8676,卖盘
573,10:21:06,9.64,0.0,30,28920,买盘
574,10:21:15,9.64,0.0,31,29883,买盘
575,10:21:27,9.64,0.0,30,28920,买盘
576,10:21:30,9.63,-0.01,1,963,卖盘
577,10:21:36,9.64,0.01,30,28920,买盘
578,10:21:39,9.63,-0.01,11,10593,卖盘
579,10:21:42,9.63,0.0,11,10593,卖盘
580,10:21:45,9.63,0.0,82,78966,卖盘
581,10:21:54,9.64,0.01,10,9640,买盘
582,10:21:57,9.63,-0.01,148,142524,卖盘
583,10:22:06,9.63,0.0,17,16371,卖盘
584,10:22:12,9.63,0.0,11,10593,卖盘
585,10:22:15,9.63,0.0,34,32772,卖盘
586,10:22:21,9.64,0.01,30,28920,买盘
587,10:22:31,9.63,-0.01,14,13482,卖盘
588,10:22:33,9.63,0.0,52,50077,卖盘
589,10:22:36,9.63,0.0,11,10593,卖盘
590,10:22:42,9.63,0.0,32,30816,卖盘
591,10:22:45,9.63,0.0,31,29853,卖盘
592,10:22:51,9.63,0.0,11,10593,卖盘
593,10:22:54,9.63,0.0,1,963,卖盘
594,10:22:57,9.63,0.0,52,50076,卖盘
595,10:23:03,9.64,0.01,25,24081,买盘
596,10:23:09,9.63,-0.01,86,82818,卖盘
597,10:23:12,9.63,0.0,56,53928,卖盘
598,10:23:15,9.63,0.0,43,41409,卖盘
599,10:23:27,9.63,0.0,30,28890,买盘
600,10:23:30,9.63,0.0,37,35631,买盘
601,10:23:33,9.63,0.0,14,13482,卖盘
602,10:23:42,9.62,-0.01,50,48130,卖盘
603,10:23:45,9.62,0.0,32,30784,卖盘
604,10:23:52,9.63,0.01,19,18297,买盘
605,10:24:00,9.63,0.0,11,10593,卖盘
606,10:24:04,9.62,-0.01,7,6734,卖盘
607,10:24:09,9.63,0.01,30,28890,买盘
608,10:24:19,9.63,0.0,54,51953,买盘
609,10:24:24,9.62,-0.01,11,10582,卖盘
610,10:24:27,9.63,0.01,30,28890,买盘
611,10:24:30,9.64,0.01,6,5780,买盘
612,10:24:39,9.63,-0.01,30,28890,买盘
613,10:24:45,9.63,0.0,62,59674,买盘
614,10:24:48,9.63,0.0,6,5778,买盘
615,10:24:52,9.63,0.0,17,16372,买盘
616,10:25:10,9.63,0.0,6,5778,卖盘
617,10:25:18,9.63,0.0,11,10593,卖盘
618,10:25:33,9.64,0.01,30,28920,买盘
619,10:25:36,9.64,0.0,30,28920,买盘
620,10:25:39,9.64,0.0,40,38560,买盘
621,10:25:45,9.64,0.0,74,71275,买盘
622,10:25:58,9.64,0.0,5,4820,买盘
623,10:26:00,9.64,0.0,7,6748,买盘
624,10:26:09,9.64,0.0,2,1928,买盘
625,10:26:21,9.63,-0.01,11,10593,卖盘
626,10:26:27,9.64,0.01,40,38560,买盘
627,10:26:42,9.63,-0.01,8,7704,卖盘
628,10:26:45,9.63,0.0,34,32742,卖盘
629,10:26:51,9.63,0.0,41,39513,卖盘
630,10:26:57,9.63,0.0,5,4815,卖盘
631,10:27:09,9.63,0.0,20,19260,卖盘
632,10:27:12,9.64,0.01,30,28920,买盘
633,10:27:24,9.63,-0.01,8,7704,卖盘
634,10:27:27,9.63,0.0,12,11556,卖盘
635,10:27:39,9.63,0.0,8,7704,卖盘
636,10:27:42,9.63,0.0,69,66447,卖盘
637,10:27:45,9.62,-0.01,64,61626,卖盘
638,10:27:54,9.62,0.0,42,40439,卖盘
639,10:28:27,9.64,0.02,57,54921,买盘
640,10:28:39,9.65,0.01,192,185225,买盘
641,10:28:46,9.65,0.0,41,39565,卖盘
642,10:28:51,9.65,0.0,1,965,卖盘
643,10:28:54,9.65,0.0,11,10615,卖盘
644,10:29:18,9.65,0.0,11,10615,卖盘
645,10:29:21,9.65,0.0,6,5791,卖盘
646,10:29:24,9.65,0.0,10,9650,卖盘
647,10:29:30,9.65,0.0,24,23160,卖盘
648,10:29:33,9.65,0.0,11,10615,卖盘
649,10:29:45,9.64,-0.01,32,30857,卖盘
650,10:30:00,9.64,0.0,11,10604,卖盘
651,10:30:04,9.64,0.0,18,17352,卖盘
652,10:30:15,9.64,0.0,39,37596,卖盘
653,10:30:18,9.64,0.0,28,27009,卖盘
654,10:30:33,9.64,0.0,25,24100,卖盘
655,10:30:45,9.64,0.0,33,31812,卖盘
656,10:30:54,9.65,0.01,5,4825,买盘
657,10:31:00,9.64,-0.01,11,10604,卖盘
658,10:31:04,9.64,0.0,19,18316,卖盘
659,10:31:06,9.64,0.0,2,1928,卖盘
660,10:31:09,9.64,0.0,2,1928,卖盘
661,10:31:15,9.65,0.01,22,21202,买盘
662,10:31:24,9.63,-0.02,2,1926,卖盘
663,10:31:27,9.64,0.01,30,28920,买盘
664,10:31:30,9.63,-0.01,17,16377,卖盘
665,10:31:42,9.63,0.0,6,5778,卖盘
666,10:31:45,9.64,0.01,48,46254,买盘
667,10:31:48,9.63,-0.01,34,32742,卖盘
668,10:31:51,9.64,0.01,30,28920,买盘
669,10:31:57,9.64,0.0,41,39513,买盘
670,10:32:06,9.63,-0.01,57,54891,卖盘
671,10:32:09,9.63,0.0,49,47187,卖盘
672,10:32:12,9.64,0.01,13,12524,买盘
673,10:32:15,9.63,-0.01,11,10593,卖盘
674,10:32:18,9.64,0.01,30,28920,买盘
675,10:32:21,9.64,0.0,30,28920,买盘
676,10:32:27,9.63,-0.01,11,10593,卖盘
677,10:32:31,9.64,0.01,30,28920,买盘
678,10:32:36,9.64,0.0,40,38560,买盘
679,10:32:45,9.63,-0.01,34,32742,卖盘
680,10:32:51,9.64,0.01,30,28920,买盘
681,10:32:54,9.64,0.0,2,1928,买盘
682,10:32:57,9.63,-0.01,41,39513,卖盘
683,10:33:03,9.63,0.0,19,18297,卖盘
684,10:33:12,9.63,0.0,11,10593,卖盘
685,10:33:21,9.64,0.01,30,28920,买盘
686,10:33:27,9.63,-0.01,11,10593,卖盘
687,10:33:33,9.64,0.01,1,964,买盘
688,10:33:42,9.63,-0.01,11,10593,卖盘
689,10:33:45,9.64,0.01,30,28920,买盘
690,10:33:49,9.64,0.0,64,61662,买盘
691,10:33:57,9.64,0.0,30,28920,买盘
692,10:34:03,9.65,0.01,128,123440,买盘
693,10:34:10,9.65,0.0,11,10615,卖盘
694,10:34:12,9.65,0.0,30,28950,卖盘
695,10:34:18,9.65,0.0,147,141875,卖盘
696,10:34:21,9.65,0.0,17,16405,卖盘
697,10:34:24,9.63,-0.02,3,2889,卖盘
698,10:34:27,9.63,0.0,26,25038,卖盘
699,10:34:30,9.63,0.0,3,2889,卖盘
700,10:34:39,9.63,0.0,11,10593,卖盘
701,10:34:45,9.64,0.01,39,37596,卖盘
702,10:34:48,9.63,-0.01,32,30816,卖盘
703,10:34:51,9.63,0.0,26,25038,卖盘
704,10:34:57,9.64,0.01,2,1928,买盘
705,10:35:03,9.65,0.01,300,289446,买盘
706,10:35:06,9.64,-0.01,44,42402,买盘
707,10:35:09,9.63,-0.01,39,37557,卖盘
708,10:35:18,9.63,0.0,14,13482,卖盘
709,10:35:27,9.63,0.0,30,28890,买盘
710,10:35:30,9.63,0.0,5,4815,买盘
711,10:35:34,9.62,-0.01,17,16360,卖盘
712,10:35:39,9.63,0.01,30,28890,买盘
713,10:35:42,9.63,0.0,4,3852,买盘
714,10:35:45,9.62,-0.01,31,29836,卖盘
715,10:35:48,9.62,0.0,3,2886,卖盘
716,10:36:04,9.63,0.01,30,28890,卖盘
717,10:36:15,9.63,0.0,3,2889,卖盘
718,10:36:18,9.63,0.0,7,6741,买盘
719,10:36:33,9.62,-0.01,11,10582,卖盘
720,10:36:40,9.63,0.01,5,4815,买盘
721,10:36:42,9.63,0.0,3,2889,卖盘
722,10:36:45,9.62,-0.01,35,33672,卖盘
723,10:36:57,9.63,0.01,11,10593,中性盘
724,10:37:00,9.64,0.01,10,9640,买盘
725,10:37:12,9.63,-0.01,11,10593,卖盘
726,10:37:15,9.63,0.0,8,7704,卖盘
727,10:37:27,9.62,-0.01,11,10582,卖盘
728,10:37:30,9.62,0.0,19,18278,卖盘
729,10:37:39,9.63,0.01,5,4815,买盘
730,10:37:45,9.62,-0.01,11,10582,卖盘
731,10:37:48,9.62,0.0,32,30784,卖盘
732,10:37:54,9.63,0.01,30,28890,买盘
733,10:37:58,9.62,-0.01,169,162578,卖盘
734,10:38:00,9.63,0.01,30,28890,买盘
735,10:38:03,9.62,-0.01,74,71188,卖盘
736,10:38:06,9.62,0.0,97,93344,卖盘
737,10:38:09,9.61,-0.01,3,2883,卖盘
738,10:38:15,9.62,0.01,30,28860,买盘
739,10:38:18,9.62,0.0,3,2886,买盘
740,10:38:21,9.62,0.0,9,8655,买盘
741,10:38:24,9.61,-0.01,44,42284,卖盘
742,10:38:27,9.61,0.0,1,961,卖盘
743,10:38:30,9.61,0.0,5,4805,卖盘
744,10:38:39,9.62,0.01,62,59612,买盘
745,10:38:45,9.61,-0.01,1,961,卖盘
746,10:38:49,9.62,0.01,35,33636,买盘
747,10:38:52,9.61,-0.01,201,193162,卖盘
748,10:39:00,9.62,0.01,254,244043,买盘
749,10:39:03,9.61,-0.01,30,28830,中性盘
750,10:39:12,9.61,0.0,30,28830,买盘
751,10:39:15,9.6,-0.01,27,25920,卖盘
752,10:39:18,9.6,0.0,64,61440,卖盘
753,10:39:21,9.6,0.0,45,43200,卖盘
754,10:39:24,9.6,0.0,262,251520,卖盘
755,10:39:27,9.6,0.0,6,5760,买盘
756,10:39:30,9.59,-0.01,3,2877,卖盘
757,10:39:33,9.6,0.01,30,28800,买盘
758,10:39:36,9.6,0.0,280,268472,中性盘
759,10:39:43,9.59,-0.01,427,411247,买盘
760,10:39:48,9.58,-0.01,31,29705,卖盘
761,10:39:52,9.59,0.01,1,959,卖盘
762,10:40:00,9.59,0.0,3,2878,卖盘
763,10:40:04,9.6,0.01,25,23976,买盘
764,10:40:06,9.59,-0.01,54,51786,卖盘
765,10:40:09,9.6,0.01,30,28800,买盘
766,10:40:18,9.58,-0.02,27,25866,卖盘
767,10:40:24,9.6,0.02,30,28800,买盘
768,10:40:45,9.6,0.0,30,28773,买盘
769,10:40:48,9.58,-0.02,31,29713,卖盘
770,10:40:54,9.6,0.02,35,33595,买盘
771,10:41:04,9.59,-0.01,2,1918,卖盘
772,10:41:09,9.59,0.0,46,44144,卖盘
773,10:41:15,9.59,0.0,27,25893,卖盘
774,10:41:24,9.59,0.0,20,19180,卖盘
775,10:41:48,9.59,0.0,34,32606,卖盘
776,10:41:51,9.6,0.01,27,25920,中性盘
777,10:42:04,9.59,-0.01,62,59522,卖盘
778,10:42:06,9.6,0.01,4,3840,买盘
779,10:42:12,9.6,0.0,31,29760,买盘
780,10:42:15,9.59,-0.01,5,4795,卖盘
781,10:42:21,9.6,0.01,10,9600,卖盘
782,10:42:25,9.6,0.0,27,25920,卖盘
783,10:42:42,9.61,0.01,5,4805,买盘
784,10:42:48,9.6,-0.01,32,30720,卖盘
785,10:42:51,9.6,0.0,32,30725,卖盘
786,10:43:04,9.6,0.0,18,17280,卖盘
787,10:43:06,9.61,0.01,29,27848,买盘
788,10:43:21,9.61,0.0,27,25947,卖盘
789,10:43:36,9.6,-0.01,40,38400,卖盘
790,10:43:42,9.61,0.01,32,30752,买盘
791,10:43:45,9.61,0.0,30,28830,买盘
792,10:43:48,9.6,-0.01,102,97950,卖盘
793,10:43:51,9.61,0.01,30,28830,买盘
794,10:43:54,9.61,0.0,12,11532,买盘
795,10:43:57,9.61,0.0,30,28830,买盘
796,10:44:19,9.6,-0.01,58,55730,卖盘
797,10:44:24,9.6,0.0,19,18240,卖盘
798,10:44:27,9.61,0.01,30,28830,买盘
799,10:44:30,9.61,0.0,1,961,买盘
800,10:44:33,9.61,0.0,1,961,买盘
801,10:44:39,9.61,0.0,33,31713,买盘
802,10:44:42,9.61,0.0,11,10571,买盘
803,10:44:45,9.61,0.0,2,1922,买盘
804,10:44:48,9.6,-0.01,40,38416,卖盘
805,10:45:03,9.6,0.0,19,18243,卖盘
806,10:45:09,9.65,0.05,109,104943,买盘
807,10:45:12,9.65,0.0,41,39565,卖盘
808,10:45:22,9.62,-0.03,7,6734,中性盘
809,10:45:42,9.65,0.03,3,2895,买盘
810,10:45:48,9.62,-0.03,39,37533,卖盘
811,10:46:15,9.62,0.0,19,18279,卖盘
812,10:46:24,9.64,0.02,5,4820,买盘
813,10:46:33,9.64,0.0,1,964,买盘
814,10:46:42,9.65,0.01,108,104142,买盘
815,10:46:45,9.65,0.0,26,25090,卖盘
816,10:46:48,9.62,-0.03,31,29906,卖盘
817,10:47:15,9.63,0.01,19,18297,卖盘
818,10:47:18,9.63,0.0,2,1926,卖盘
819,10:47:48,9.62,-0.01,35,33673,卖盘
820,10:48:06,9.63,0.01,1,963,买盘
821,10:48:15,9.65,0.02,96,92457,买盘
822,10:48:18,9.65,0.0,10,9650,卖盘
823,10:48:30,9.65,0.0,12,11580,买盘
824,10:48:33,9.65,0.0,23,22195,卖盘
825,10:48:42,9.66,0.01,1,966,买盘
826,10:48:45,9.63,-0.03,36,34678,卖盘
827,10:48:48,9.63,0.0,34,32742,卖盘
828,10:49:00,9.65,0.02,10,9650,买盘
829,10:49:15,9.64,-0.01,1,964,买盘
830,10:49:27,9.64,0.0,20,19280,买盘
831,10:49:39,9.64,0.0,2,1928,买盘
832,10:49:48,9.63,-0.01,33,31779,卖盘
833,10:49:51,9.63,0.0,12,11556,卖盘
834,10:50:03,9.64,0.01,41,39506,买盘
835,10:50:09,9.64,0.0,10,9640,买盘
836,10:50:15,9.63,-0.01,1,963,卖盘
837,10:50:30,9.63,0.0,5,4815,卖盘
838,10:50:37,9.64,0.01,22,21208,买盘
839,10:50:39,9.64,0.0,15,14460,买盘
840,10:50:51,9.64,0.0,40,38529,买盘
841,10:51:04,9.64,0.0,87,83868,卖盘
842,10:51:06,9.64,0.0,13,12532,卖盘
843,10:51:09,9.65,0.01,5,4825,买盘
844,10:51:15,9.65,0.0,300,289369,买盘
845,10:51:30,9.65,0.0,76,73327,买盘
846,10:51:33,9.65,0.0,2,1930,卖盘
847,10:51:52,9.63,-0.02,32,30816,卖盘
848,10:51:54,9.63,0.0,39,37557,卖盘
849,10:52:04,9.63,0.0,19,18297,卖盘
850,10:52:06,9.63,0.0,9,8667,卖盘
851,10:52:09,9.62,-0.01,1,962,卖盘
852,10:52:12,9.62,0.0,63,60606,卖盘
853,10:52:15,9.62,0.0,37,35594,卖盘
854,10:52:18,9.62,0.0,44,42328,卖盘
855,10:52:31,9.62,0.0,31,29822,买盘
856,10:52:33,9.61,-0.01,1,961,卖盘
857,10:52:37,9.61,0.0,3,2883,卖盘
858,10:52:40,9.62,0.01,29,27898,买盘
859,10:52:51,9.61,-0.01,34,32674,卖盘
860,10:52:57,9.62,0.01,4,3848,买盘
861,10:53:09,9.61,-0.01,4,3844,卖盘
862,10:53:12,9.62,0.01,32,30784,买盘
863,10:53:15,9.62,0.0,30,28860,买盘
864,10:53:18,9.62,0.0,58,56276,买盘
865,10:53:21,9.62,0.0,1,962,买盘
866,10:53:37,9.62,0.0,6,5772,买盘
867,10:53:42,9.61,-0.01,11,10571,卖盘
868,10:53:52,9.61,0.0,32,30752,卖盘
869,10:54:04,9.61,0.0,28,26908,卖盘
870,10:54:12,9.61,0.0,91,87451,卖盘
871,10:54:33,9.61,0.0,1,961,卖盘
872,10:54:36,9.61,0.0,15,14415,卖盘
873,10:54:48,9.62,0.01,30,28860,买盘
874,10:54:51,9.62,0.0,61,58651,买盘
875,10:55:21,9.62,0.0,6,5772,买盘
876,10:55:36,9.62,0.0,30,28860,买盘
877,10:55:51,9.61,-0.01,35,33635,卖盘
878,10:55:57,9.61,0.0,30,28840,卖盘
879,10:56:00,9.62,0.01,5,4810,买盘
880,10:56:04,9.61,-0.01,44,41804,卖盘
881,10:56:09,9.61,0.0,30,28830,买盘
882,10:56:13,9.61,0.0,30,28830,买盘
883,10:56:15,9.61,0.0,30,28830,买盘
884,10:56:21,9.61,0.0,30,28830,买盘
885,10:56:24,9.61,0.0,35,33635,买盘
886,10:56:27,9.61,0.0,16,15376,买盘
887,10:56:30,9.61,0.0,8,7688,买盘
888,10:56:33,9.61,0.0,9,8649,买盘
889,10:56:36,9.61,0.0,30,28830,买盘
890,10:56:39,9.61,0.0,35,33635,买盘
891,10:56:43,9.61,0.0,32,30752,买盘
892,10:56:46,9.61,0.0,59,56699,买盘
893,10:56:48,9.61,0.0,76,73036,买盘
894,10:56:51,9.6,-0.01,48,46095,卖盘
895,10:57:03,9.61,0.01,25,24006,买盘
896,10:57:06,9.61,0.0,30,28830,买盘
897,10:57:09,9.61,0.0,1,961,买盘
898,10:57:12,9.61,0.0,5,5286,买盘
899,10:57:36,9.61,0.0,16,14896,卖盘
900,10:57:48,9.61,0.0,6,6246,买盘
901,10:57:51,9.61,0.0,32,30752,卖盘
902,10:57:54,9.62,0.01,1,962,买盘
903,10:58:06,9.61,-0.01,57,54777,卖盘
904,10:58:09,9.61,0.0,5,4324,卖盘
905,10:58:21,9.6,-0.01,100,96000,卖盘
906,10:58:24,9.6,0.0,15,14400,卖盘
907,10:58:30,9.61,0.01,5,4805,买盘
908,10:58:45,9.6,-0.01,13,12480,卖盘
909,10:58:51,9.6,0.0,33,31680,卖盘
910,10:58:54,9.6,0.0,500,480000,卖盘
911,10:58:57,9.6,0.0,382,366720,卖盘
912,10:59:06,9.59,-0.01,1,959,卖盘
913,10:59:09,9.59,0.0,29,27878,卖盘
914,10:59:33,9.59,0.0,5,4795,卖盘
915,10:59:39,9.59,0.0,39,37401,卖盘
916,10:59:42,9.59,0.0,16,15344,卖盘
917,10:59:45,9.59,0.0,85,81515,卖盘
918,10:59:48,9.59,0.0,9,8564,卖盘
919,10:59:51,9.58,-0.01,17,16286,卖盘
920,10:59:54,9.58,0.0,206,197348,卖盘
921,10:59:57,9.58,0.0,11,10538,卖盘
922,11:00:00,9.56,-0.02,340,325321,卖盘
923,11:00:04,9.56,0.0,293,280108,卖盘
924,11:00:06,9.55,-0.01,233,222595,卖盘
925,11:00:09,9.55,0.0,48,45840,卖盘
926,11:00:12,9.55,0.0,481,459355,卖盘
927,11:00:15,9.52,-0.03,226,215406,卖盘
928,11:00:25,9.52,0.0,148,140898,卖盘
929,11:00:28,9.52,0.0,29,27608,卖盘
930,11:00:31,9.52,0.0,112,106624,卖盘
931,11:00:33,9.53,0.01,71,67654,买盘
932,11:00:36,9.53,0.0,40,38120,卖盘
933,11:00:39,9.51,-0.02,302,287334,卖盘
934,11:00:42,9.51,0.0,15,14279,卖盘
935,11:00:45,9.52,0.01,3,2855,中性盘
936,11:00:48,9.53,0.01,228,216838,买盘
937,11:00:51,9.53,0.0,11,10483,买盘
938,11:00:54,9.51,-0.02,3,2853,卖盘
939,11:00:57,9.5,-0.01,90,85566,卖盘
940,11:01:00,9.52,0.02,35,33320,卖盘
941,11:01:04,9.52,0.0,3,2857,卖盘
942,11:01:06,9.53,0.01,11,10482,买盘
943,11:01:09,9.53,0.0,14,13342,买盘
944,11:01:12,9.52,-0.01,34,32368,卖盘
945,11:01:18,9.52,0.0,23,21901,卖盘
946,11:01:21,9.53,0.01,9,8577,买盘
947,11:01:24,9.53,0.0,4,3812,买盘
948,11:01:27,9.53,0.0,81,77176,买盘
949,11:01:30,9.53,0.0,25,23825,买盘
950,11:01:33,9.53,0.0,25,23825,买盘
951,11:01:36,9.52,-0.01,45,42893,卖盘
952,11:01:39,9.54,0.02,7,6678,买盘
953,11:01:42,9.52,-0.02,35,33340,卖盘
954,11:01:45,9.54,0.02,1,954,买盘
955,11:01:48,9.54,0.0,32,30545,买盘
956,11:01:51,9.53,-0.01,33,31469,卖盘
957,11:02:00,9.54,0.01,11,10494,卖盘
958,11:02:06,9.54,0.0,22,20998,卖盘
959,11:02:12,9.55,0.01,41,39142,买盘
960,11:02:15,9.55,0.0,14,13370,卖盘
961,11:02:21,9.56,0.01,43,41108,买盘
962,11:02:24,9.55,-0.01,37,35335,卖盘
963,11:02:30,9.56,0.01,9,8604,买盘
964,11:02:34,9.56,0.0,24,22930,买盘
965,11:02:36,9.55,-0.01,59,56345,卖盘
966,11:02:39,9.53,-0.02,34,32423,卖盘
967,11:02:49,9.53,0.0,8,7624,卖盘
968,11:02:54,9.52,-0.01,30,28575,卖盘
969,11:02:57,9.54,0.02,1,954,中性盘
970,11:03:04,9.52,-0.02,11,10482,卖盘
971,11:03:12,9.52,0.0,3,2856,卖盘
972,11:03:18,9.52,0.0,2,1904,卖盘
973,11:03:24,9.52,0.0,21,19992,卖盘
974,11:03:27,9.52,0.0,99,94248,卖盘
975,11:03:34,9.55,0.03,20,19082,买盘
976,11:03:36,9.52,-0.03,36,34272,卖盘
977,11:03:45,9.53,0.01,20,19061,卖盘
978,11:03:51,9.53,0.0,41,39073,卖盘
979,11:03:54,9.53,0.0,10,9530,买盘
980,11:03:57,9.53,0.0,14,13333,买盘
981,11:04:00,9.52,-0.01,23,21898,卖盘
982,11:04:04,9.53,0.01,1,953,买盘
983,11:04:06,9.53,0.0,2,1905,买盘
984,11:04:10,9.53,0.0,17,16190,买盘
985,11:04:12,9.53,0.0,26,24778,买盘
986,11:04:15,9.52,-0.01,513,488463,卖盘
987,11:04:18,9.5,-0.02,998,948752,卖盘
988,11:04:21,9.52,0.02,16,15242,卖盘
989,11:04:24,9.5,-0.02,260,247000,卖盘
990,11:04:33,9.5,0.0,76,72226,卖盘
991,11:04:39,9.5,0.0,21,19960,卖盘
992,11:04:45,9.5,0.0,102,96920,卖盘
993,11:04:48,9.5,0.0,32,30405,卖盘
994,11:04:51,9.51,0.01,20,19020,买盘
995,11:04:54,9.5,-0.01,70,66500,卖盘
996,11:04:57,9.5,0.0,232,220356,卖盘
997,11:05:00,9.49,-0.01,45,42705,卖盘
998,11:05:03,9.46,-0.03,187,177245,卖盘
999,11:05:06,9.46,0.0,35,33110,卖盘
1000,11:05:09,9.45,-0.01,14,13236,卖盘
1001,11:05:12,9.45,0.0,66,62370,卖盘
1002,11:05:15,9.45,0.0,4,3780,卖盘
1003,11:05:18,9.45,0.0,71,67105,卖盘
1004,11:05:21,9.45,0.0,55,51991,卖盘
1005,11:05:24,9.45,0.0,51,48213,卖盘
1006,11:05:27,9.47,0.02,11,10417,买盘
1007,11:05:30,9.45,-0.02,35,33095,卖盘
1008,11:05:36,9.47,0.02,70,66201,买盘
1009,11:05:39,9.45,-0.02,651,615258,卖盘
1010,11:05:42,9.45,0.0,167,157793,买盘
1011,11:05:45,9.43,-0.02,121,114253,卖盘
1012,11:05:48,9.45,0.02,142,134171,买盘
1013,11:05:52,9.42,-0.03,192,181072,卖盘
1014,11:05:55,9.45,0.03,210,197712,买盘
1015,11:05:57,9.45,0.0,24,22680,买盘
1016,11:06:00,9.42,-0.03,302,284956,卖盘
1017,11:06:03,9.45,0.03,18,17006,买盘
1018,11:06:06,9.45,0.0,153,144484,卖盘
1019,11:06:09,9.42,-0.03,270,254562,卖盘
1020,11:06:12,9.44,0.02,20,18880,买盘
1021,11:06:15,9.44,0.0,95,89639,买盘
1022,11:06:18,9.44,0.0,165,155612,买盘
1023,11:06:22,9.44,0.0,3,2831,买盘
1024,11:06:25,9.43,-0.01,65,61360,卖盘
1025,11:06:28,9.43,0.0,82,77270,卖盘
1026,11:06:30,9.43,0.0,14,13214,卖盘
1027,11:06:34,9.44,0.01,91,85829,买盘
1028,11:06:37,9.45,0.01,6,5669,买盘
1029,11:06:39,9.43,-0.02,57,53772,卖盘
1030,11:06:42,9.45,0.02,5,4725,买盘
1031,11:06:45,9.45,0.0,10,9450,卖盘
1032,11:06:48,9.43,-0.02,19,17936,卖盘
1033,11:06:51,9.45,0.02,1,945,买盘
1034,11:06:58,9.44,-0.01,85,80315,卖盘
1035,11:07:04,9.45,0.01,266,250838,卖盘
1036,11:07:06,9.43,-0.02,23,21689,卖盘
1037,11:07:10,9.46,0.03,6,5673,买盘
1038,11:07:12,9.42,-0.04,76,71592,卖盘
1039,11:07:15,9.45,0.03,25,23625,买盘
1040,11:07:18,9.46,0.01,2,1892,买盘
1041,11:07:21,9.46,0.0,27,25534,买盘
1042,11:07:24,9.46,0.0,42,39732,买盘
1043,11:07:27,9.44,-0.02,107,101075,卖盘
1044,11:07:30,9.46,0.02,115,108570,买盘
1045,11:07:33,9.47,0.01,23,21781,买盘
1046,11:07:36,9.44,-0.03,67,63403,卖盘
1047,11:07:39,9.46,0.02,6,5688,中性盘
1048,11:07:42,9.46,0.0,13,12298,买盘
1049,11:07:45,9.46,0.0,32,30252,买盘
1050,11:07:48,9.47,0.01,2,1894,买盘
1051,11:07:51,9.47,0.0,17,16101,买盘
1052,11:07:54,9.49,0.02,42,39825,买盘
1053,11:07:57,9.5,0.01,2,1900,买盘
1054,11:08:00,9.49,-0.01,8,7594,卖盘
1055,11:08:04,9.5,0.01,1,950,买盘
1056,11:08:06,9.5,0.0,6,5700,买盘
1057,11:08:09,9.48,-0.02,15,14229,卖盘
1058,11:08:12,9.48,0.0,17,16116,卖盘
1059,11:08:15,9.46,-0.02,46,43584,卖盘
1060,11:08:25,9.46,0.0,13,12302,卖盘
1061,11:08:27,9.48,0.02,2,1896,买盘
1062,11:08:30,9.48,0.0,10,9480,买盘
1063,11:08:33,9.48,0.0,12,11374,买盘
1064,11:08:36,9.5,0.02,18,17100,买盘
1065,11:08:40,9.5,0.0,116,110180,买盘
1066,11:08:42,9.5,0.0,38,36090,买盘
1067,11:08:45,9.5,0.0,16,15200,买盘
1068,11:08:48,9.48,-0.02,78,73988,卖盘
1069,11:08:51,9.48,0.0,145,137460,买盘
1070,11:08:54,9.48,0.0,27,25596,买盘
1071,11:08:57,9.46,-0.02,71,67266,卖盘
1072,11:09:01,9.5,0.04,2,1900,买盘
1073,11:09:04,9.5,0.0,29,27550,买盘
1074,11:09:06,9.5,0.0,30,28452,买盘
1075,11:09:12,9.48,-0.02,11,10430,卖盘
1076,11:09:15,9.5,0.02,23,21850,买盘
1077,11:09:21,9.48,-0.02,9,8532,卖盘
1078,11:09:30,9.49,0.01,31,29406,中性盘
1079,11:09:39,9.49,0.0,13,12328,买盘
1080,11:09:42,9.49,0.0,5,4741,买盘
1081,11:09:45,9.48,-0.01,16,15168,卖盘
1082,11:09:48,9.48,0.0,21,19910,卖盘
1083,11:09:54,9.48,0.0,101,95748,买盘
1084,11:09:57,9.49,0.01,1,949,买盘
1085,11:10:00,9.49,0.0,21,19929,买盘
1086,11:10:04,9.49,0.0,41,38871,买盘
1087,11:10:06,9.49,0.0,20,18980,买盘
1088,11:10:09,9.48,-0.01,17,16117,卖盘
1089,11:10:12,9.49,0.01,1,949,买盘
1090,11:10:15,9.49,0.0,1,949,买盘
1091,11:10:18,9.46,-0.03,59,55928,卖盘
1092,11:10:21,9.49,0.03,5,4733,买盘
1093,11:10:24,9.49,0.0,1,949,买盘
1094,11:10:27,9.49,0.0,21,19869,买盘
1095,11:10:30,9.46,-0.03,5,4730,卖盘
1096,11:10:33,9.47,0.01,8,7577,卖盘
1097,11:10:42,9.47,0.0,4,3788,卖盘
1098,11:10:45,9.47,0.0,6,5682,卖盘
1099,11:10:48,9.47,0.0,5,4735,买盘
1100,11:10:51,9.47,0.0,4,3785,买盘
1101,11:10:54,9.47,0.0,1,947,买盘
1102,11:10:57,9.46,-0.01,5,4731,卖盘
1103,11:11:00,9.47,0.01,16,15152,买盘
1104,11:11:04,9.47,0.0,5,4735,买盘
1105,11:11:06,9.47,0.0,7,6625,卖盘
1106,11:11:09,9.47,0.0,15,14205,卖盘
1107,11:11:12,9.47,0.0,5,4735,买盘
1108,11:11:15,9.47,0.0,17,16089,买盘
1109,11:11:18,9.48,0.01,5,4740,买盘
1110,11:11:21,9.46,-0.02,22,20847,卖盘
1111,11:11:24,9.49,0.03,3,2845,买盘
1112,11:11:27,9.49,0.0,18,17082,买盘
1113,11:11:31,9.49,0.0,25,23718,买盘
1114,11:11:33,9.5,0.01,12,11396,买盘
1115,11:11:36,9.5,0.0,12,11396,买盘
1116,11:11:39,9.51,0.01,30,28492,买盘
1117,11:11:42,9.5,-0.01,19,18032,中性盘
1118,11:11:45,9.5,0.0,21,19932,买盘
1119,11:11:48,9.5,0.0,10,9500,买盘
1120,11:11:51,9.5,0.0,5,4750,买盘
1121,11:11:54,9.47,-0.03,10,9485,卖盘
1122,11:11:57,9.51,0.04,5,4755,买盘
1123,11:12:00,9.51,0.0,1,951,买盘
1124,11:12:04,9.47,-0.04,10,9473,卖盘
1125,11:12:10,9.5,0.03,5,4752,卖盘
1126,11:12:18,9.5,0.0,19,18050,卖盘
1127,11:12:27,9.5,0.0,8,7600,卖盘
1128,11:12:34,9.51,0.01,2,1902,中性盘
1129,11:12:37,9.51,0.0,2,1902,卖盘
1130,11:12:45,9.51,0.0,8,7608,卖盘
1131,11:12:48,9.5,-0.01,8,7604,卖盘
1132,11:12:57,9.5,0.0,24,22820,卖盘
1133,11:13:00,9.5,0.0,85,80750,卖盘
1134,11:13:03,9.5,0.0,29,27536,买盘
1135,11:13:07,9.48,-0.02,30,28467,卖盘
1136,11:13:09,9.49,0.01,40,37960,中性盘
1137,11:13:15,9.48,-0.01,30,28440,卖盘
1138,11:13:19,9.48,0.0,5,4740,卖盘
1139,11:13:21,9.47,-0.01,45,42631,卖盘
1140,11:13:30,9.48,0.01,23,21786,买盘
1141,11:13:34,9.48,0.0,21,19903,买盘
1142,11:13:36,9.47,-0.01,5,4735,卖盘
1143,11:13:39,9.46,-0.01,320,302732,卖盘
1144,11:13:42,9.46,0.0,80,75680,买盘
1145,11:13:45,9.46,0.0,211,199352,买盘
1146,11:13:49,9.44,-0.02,64,60416,卖盘
1147,11:13:51,9.44,0.0,3,2832,买盘
1148,11:13:54,9.44,0.0,108,101870,买盘
1149,11:13:57,9.43,-0.01,19,17922,卖盘
1150,11:14:00,9.43,0.0,17,16033,卖盘
1151,11:14:04,9.44,0.01,35,33021,买盘
1152,11:14:06,9.43,-0.01,38,35843,卖盘
1153,11:14:09,9.43,0.0,116,109390,买盘
1154,11:14:12,9.44,0.01,14,13216,买盘
1155,11:14:15,9.44,0.0,12,11328,买盘
1156,11:14:18,9.43,-0.01,50,47162,卖盘
1157,11:14:22,9.44,0.01,106,100071,买盘
1158,11:14:24,9.44,0.0,19,17936,卖盘
1159,11:14:27,9.44,0.0,21,19839,卖盘
1160,11:14:30,9.44,0.0,9,8496,卖盘
1161,11:14:36,9.45,0.01,15,14175,中性盘
1162,11:14:46,9.45,0.0,11,10391,中性盘
1163,11:14:48,9.46,0.01,32,30249,买盘
1164,11:14:54,9.44,-0.02,16,15104,卖盘
1165,11:15:00,9.44,0.0,4,3776,卖盘
1166,11:15:03,9.45,0.01,10,9450,买盘
1167,11:15:07,9.44,-0.01,20,18896,卖盘
1168,11:15:09,9.44,0.0,30,28320,卖盘
1169,11:15:12,9.44,0.0,17,16048,卖盘
1170,11:15:15,9.44,0.0,75,70800,卖盘
1171,11:15:18,9.44,0.0,11,10384,卖盘
1172,11:15:21,9.45,0.01,18,16995,买盘
1173,11:15:24,9.44,-0.01,15,14160,买盘
1174,11:15:36,9.44,0.0,36,33999,卖盘
1175,11:15:39,9.44,0.0,2,1888,卖盘
1176,11:15:42,9.44,0.0,104,98176,卖盘
1177,11:15:45,9.44,0.0,11,10378,买盘
1178,11:15:48,9.43,-0.01,4,3772,卖盘
1179,11:15:51,9.44,0.01,11,10384,买盘
1180,11:15:57,9.44,0.0,115,108509,买盘
1181,11:16:00,9.44,0.0,5,4720,买盘
1182,11:16:04,9.43,-0.01,36,33948,卖盘
1183,11:16:06,9.43,0.0,72,67911,卖盘
1184,11:16:12,9.44,0.01,1,944,买盘
1185,11:16:18,9.43,-0.01,4,3772,卖盘
1186,11:16:24,9.44,0.01,2,1888,买盘
1187,11:16:37,9.44,0.0,21,19821,买盘
1188,11:16:40,9.44,0.0,8,7552,买盘
1189,11:16:42,9.43,-0.01,139,131190,卖盘
1190,11:16:48,9.45,0.02,1,945,买盘
1191,11:16:51,9.45,0.0,1,945,买盘
1192,11:16:54,9.45,0.0,1,945,买盘
1193,11:16:57,9.45,0.0,1,945,买盘
1194,11:17:00,9.45,0.0,1,945,买盘
1195,11:17:03,9.45,0.0,1,945,买盘
1196,11:17:06,9.45,0.0,16,15120,买盘
1197,11:17:09,9.45,0.0,1,945,买盘
1198,11:17:12,9.45,0.0,1,945,买盘
1199,11:17:27,9.46,0.01,2,1892,买盘
1200,11:17:33,9.46,0.0,150,141900,买盘
1201,11:17:37,9.45,-0.01,36,34027,卖盘
1202,11:17:42,9.46,0.01,15,14190,卖盘
1203,11:17:57,9.45,-0.01,4,3780,卖盘
1204,11:18:00,9.45,0.0,16,15120,卖盘
1205,11:18:09,9.46,0.01,10,9460,中性盘
1206,11:18:13,9.46,0.0,6,5676,卖盘
1207,11:18:27,9.45,-0.01,9,8505,卖盘
1208,11:18:33,9.46,0.01,12,11352,买盘
1209,11:18:36,9.45,-0.01,40,37800,卖盘
1210,11:18:39,9.46,0.01,15,14190,买盘
1211,11:18:42,9.45,-0.01,16,15120,卖盘
1212,11:18:45,9.45,0.0,4,3780,卖盘
1213,11:18:48,9.45,0.0,10,9450,卖盘
1214,11:18:54,9.45,0.0,7,6615,卖盘
1215,11:19:04,9.45,0.0,4,3780,卖盘
1216,11:19:06,9.45,0.0,83,78435,卖盘
1217,11:19:09,9.45,0.0,19,17955,买盘
1218,11:19:24,9.45,0.0,414,391230,买盘
1219,11:19:27,9.46,0.01,5,4730,买盘
1220,11:19:30,9.46,0.0,5,4730,买盘
1221,11:19:36,9.45,-0.01,5,4725,卖盘
1222,11:19:39,9.45,0.0,19,17973,卖盘
1223,11:19:42,9.45,0.0,521,492345,卖盘
1224,11:19:54,9.44,-0.01,226,213347,卖盘
1225,11:20:00,9.43,-0.01,8,7544,卖盘
1226,11:20:04,9.43,0.0,55,51865,卖盘
1227,11:20:10,9.44,0.01,35,33020,买盘
1228,11:20:12,9.43,-0.01,10,9430,卖盘
1229,11:20:18,9.43,0.0,158,148994,卖盘
1230,11:20:21,9.42,-0.01,102,96084,卖盘
1231,11:20:24,9.42,0.0,38,35796,卖盘
1232,11:20:27,9.42,0.0,15,14130,卖盘
1233,11:20:30,9.42,0.0,5,4710,卖盘
1234,11:20:33,9.42,0.0,6,5652,卖盘
1235,11:20:37,9.41,-0.01,279,262782,卖盘
1236,11:20:39,9.42,0.01,60,56518,买盘
1237,11:20:42,9.4,-0.02,1019,958143,卖盘
1238,11:20:45,9.42,0.02,102,95914,买盘
1239,11:20:48,9.41,-0.01,48,45168,卖盘
1240,11:20:51,9.42,0.01,16,15061,买盘
1241,11:20:55,9.4,-0.02,212,199534,卖盘
1242,11:20:58,9.41,0.01,5,4705,买盘
1243,11:21:01,9.41,0.0,97,91277,买盘
1244,11:21:04,9.42,0.01,295,277600,买盘
1245,11:21:07,9.41,-0.01,28,26353,买盘
1246,11:21:13,9.42,0.01,16,15072,买盘
1247,11:21:15,9.42,0.0,174,163908,买盘
1248,11:21:18,9.42,0.0,17,16014,卖盘
1249,11:21:22,9.43,0.01,36,33942,买盘
1250,11:21:25,9.43,0.0,10,9430,买盘
1251,11:21:28,9.43,0.0,4,3772,买盘
1252,11:21:30,9.42,-0.01,144,135769,卖盘
1253,11:21:33,9.43,0.01,5,4715,买盘
1254,11:21:36,9.43,0.0,126,118768,买盘
1255,11:21:42,9.43,0.0,243,229149,买盘
1256,11:21:48,9.43,0.0,50,47150,卖盘
1257,11:21:51,9.43,0.0,15,14145,卖盘
1258,11:21:57,9.44,0.01,22,20768,买盘
1259,11:22:04,9.44,0.0,153,144432,买盘
1260,11:22:06,9.44,0.0,9,8496,买盘
1261,11:22:09,9.44,0.0,183,172751,买盘
1262,11:22:12,9.44,0.0,32,30208,卖盘
1263,11:22:18,9.45,0.01,5,4725,买盘
1264,11:22:22,9.45,0.0,38,35910,买盘
1265,11:22:27,9.46,0.01,5,4730,买盘
1266,11:22:37,9.47,0.01,8,7576,买盘
1267,11:22:43,9.48,0.01,16,15168,买盘
1268,11:22:45,9.48,0.0,9,8532,买盘
1269,11:22:55,9.48,0.0,29,27492,买盘
1270,11:22:57,9.49,0.01,52,49306,买盘
1271,11:23:06,9.48,-0.01,111,105228,卖盘
1272,11:23:12,9.47,-0.01,138,130701,卖盘
1273,11:23:15,9.48,0.01,6,5687,买盘
1274,11:23:30,9.48,0.0,19,18012,买盘
1275,11:23:45,9.48,0.0,68,64464,买盘
1276,11:23:58,9.48,0.0,20,18960,买盘
1277,11:24:00,9.48,0.0,17,16116,买盘
1278,11:24:06,9.47,-0.01,58,54926,卖盘
1279,11:24:09,9.48,0.01,50,47400,买盘
1280,11:24:15,9.48,0.0,19,18012,买盘
1281,11:24:30,9.48,0.0,17,16116,买盘
1282,11:24:42,9.48,0.0,63,59724,买盘
1283,11:24:46,9.48,0.0,15,14220,买盘
1284,11:24:48,9.48,0.0,12,11376,买盘
1285,11:24:51,9.48,0.0,8,7584,买盘
1286,11:24:57,9.48,0.0,10,9480,买盘
1287,11:25:04,9.48,0.0,17,16116,买盘
1288,11:25:06,9.5,0.02,58,55071,买盘
1289,11:25:30,9.49,-0.01,5,4745,卖盘
1290,11:25:33,9.5,0.01,17,16150,买盘
1291,11:25:45,9.5,0.0,21,19945,买盘
1292,11:25:48,9.5,0.0,3,2850,买盘
1293,11:25:58,9.5,0.0,3,2850,买盘
1294,11:26:03,9.49,-0.01,28,26589,卖盘
1295,11:26:12,9.49,0.0,13,12337,卖盘
1296,11:26:15,9.5,0.01,15,14250,买盘
1297,11:26:24,9.49,-0.01,42,39858,卖盘
1298,11:26:27,9.49,0.0,51,48399,买盘
1299,11:26:33,9.49,0.0,10,9490,买盘
1300,11:26:39,9.49,0.0,14,13286,卖盘
1301,11:26:48,9.5,0.01,15,14250,买盘
1302,11:27:03,9.5,0.0,17,16150,买盘
1303,11:27:09,9.49,-0.01,1,949,卖盘
1304,11:27:12,9.5,0.01,36,34200,买盘
1305,11:27:18,9.5,0.0,16,15200,买盘
1306,11:27:30,9.49,-0.01,10,9490,卖盘
1307,11:27:33,9.5,0.01,26,24700,买盘
1308,11:27:36,9.5,0.0,3,2850,买盘
1309,11:27:48,9.5,0.0,8,7600,买盘
1310,11:27:51,9.5,0.0,59,56140,卖盘
1311,11:28:03,9.5,0.0,17,16150,买盘
1312,11:28:12,9.5,0.0,10,9500,买盘
1313,11:28:18,9.5,0.0,113,107249,买盘
1314,11:28:21,9.5,0.0,3,2850,卖盘
1315,11:28:33,9.5,0.0,17,16150,买盘
1316,11:28:45,9.49,-0.01,6,5694,卖盘
1317,11:28:48,9.5,0.01,22,20894,买盘
1318,11:28:51,9.49,-0.01,38,36062,卖盘
1319,11:28:54,9.49,0.0,41,38909,卖盘
1320,11:28:57,9.5,0.01,27,25642,买盘
1321,11:29:04,9.5,0.0,67,63650,卖盘
1322,11:29:06,9.48,-0.02,30,28501,卖盘
1323,11:29:12,9.48,0.0,1,948,卖盘
1324,11:29:24,9.49,0.01,1,949,卖盘
1325,11:29:30,9.48,-0.01,43,40778,卖盘
1326,11:29:36,9.5,0.02,21,19913,买盘
1327,11:29:51,9.5,0.0,15,14250,买盘
1328,11:29:57,9.49,-0.01,8,7592,卖盘
1329,13:00:04,9.47,-0.02,157,148816,卖盘
1330,13:00:06,9.48,0.01,11,10422,中性盘
1331,13:00:10,9.48,0.0,35,33180,卖盘
1332,13:00:12,9.49,0.01,30,28470,买盘
1333,13:00:15,9.48,-0.01,50,47433,卖盘
1334,13:00:27,9.48,0.0,9,8532,卖盘
1335,13:00:30,9.49,0.01,7,6643,买盘
1336,13:00:33,9.49,0.0,36,34162,买盘
1337,13:00:45,9.49,0.0,139,131911,买盘
1338,13:00:48,9.45,-0.04,250,236641,卖盘
1339,13:00:54,9.47,0.02,5,4735,买盘
1340,13:00:57,9.47,0.0,1,947,买盘
1341,13:01:00,9.47,0.0,33,31251,买盘
1342,13:01:04,9.45,-0.02,194,183470,卖盘
1343,13:01:09,9.47,0.02,17,16099,卖盘
1344,13:01:12,9.45,-0.02,4,3780,卖盘
1345,13:01:15,9.45,0.0,15,14175,卖盘
1346,13:01:21,9.45,0.0,117,110595,卖盘
1347,13:01:24,9.44,-0.01,8,7552,卖盘
1348,13:01:27,9.44,0.0,1,944,卖盘
1349,13:01:30,9.44,0.0,132,124738,卖盘
1350,13:01:34,9.46,0.02,105,99285,买盘
1351,13:01:39,9.46,0.0,15,14190,买盘
1352,13:01:43,9.45,-0.01,94,88860,卖盘
1353,13:01:45,9.45,0.0,37,34965,买盘
1354,13:01:48,9.45,0.0,19,17955,买盘
1355,13:01:54,9.45,0.0,6,5670,卖盘
1356,13:01:57,9.44,-0.01,184,173800,卖盘
1357,13:02:03,9.44,0.0,53,50032,买盘
1358,13:02:06,9.44,0.0,43,40592,买盘
1359,13:02:09,9.44,0.0,1,944,买盘
1360,13:02:12,9.44,0.0,20,18880,买盘
1361,13:02:15,9.46,0.02,3,2833,买盘
1362,13:02:21,9.45,-0.01,3,2835,卖盘
1363,13:02:24,9.45,0.0,1,945,卖盘
1364,13:02:33,9.45,0.0,4,3780,卖盘
1365,13:02:36,9.45,0.0,121,113906,卖盘
1366,13:02:45,9.45,0.0,30,28350,买盘
1367,13:02:54,9.45,0.0,31,29295,买盘
1368,13:03:00,9.42,-0.03,147,138710,卖盘
1369,13:03:04,9.45,0.03,23,21735,买盘
1370,13:03:06,9.45,0.0,102,96380,买盘
1371,13:03:19,9.41,-0.04,105,98961,卖盘
1372,13:03:21,9.41,0.0,34,32083,卖盘
1373,13:03:28,9.44,0.03,18,16982,买盘
1374,13:03:30,9.43,-0.01,12,11316,买盘
1375,13:03:33,9.44,0.01,105,99120,买盘
1376,13:03:36,9.44,0.0,61,57584,买盘
1377,13:03:39,9.43,-0.01,182,171982,卖盘
1378,13:03:42,9.45,0.02,40,37800,买盘
1379,13:03:45,9.44,-0.01,150,141749,中性盘
1380,13:04:00,9.42,-0.02,264,249015,卖盘
1381,13:04:06,9.42,0.0,1,942,卖盘
1382,13:04:12,9.44,0.02,2,1888,买盘
1383,13:04:18,9.44,0.0,66,62304,卖盘
1384,13:04:24,9.44,0.0,210,198240,卖盘
1385,13:04:27,9.45,0.01,30,28350,买盘
1386,13:04:30,9.45,0.0,10,9450,买盘
1387,13:04:36,9.45,0.0,18,17010,买盘
1388,13:04:39,9.44,-0.01,17,16064,卖盘
1389,13:04:42,9.45,0.01,30,28350,买盘
1390,13:04:51,9.45,0.0,30,28350,买盘
1391,13:05:00,9.45,0.0,30,28350,买盘
1392,13:05:04,9.45,0.0,22,20790,买盘
1393,13:05:06,9.45,0.0,21,19845,买盘
1394,13:05:09,9.45,0.0,36,34020,买盘
1395,13:05:12,9.45,0.0,30,28350,买盘
1396,13:05:21,9.45,0.0,33,31182,买盘
1397,13:05:27,9.45,0.0,30,28350,买盘
1398,13:05:30,9.45,0.0,20,18900,买盘
1399,13:05:33,9.45,0.0,30,28350,买盘
1400,13:05:39,9.45,0.0,64,60480,买盘
1401,13:05:45,9.45,0.0,30,28350,买盘
1402,13:05:48,9.45,0.0,30,28350,买盘
1403,13:05:54,9.45,0.0,30,28350,买盘
1404,13:05:57,9.44,-0.01,7,6608,卖盘
1405,13:06:04,9.45,0.01,30,28350,买盘
1406,13:06:06,9.44,-0.01,34,32129,卖盘
1407,13:06:09,9.45,0.01,43,40635,买盘
1408,13:06:12,9.45,0.0,30,28350,买盘
1409,13:06:15,9.45,0.0,23,21735,买盘
1410,13:06:22,9.45,0.0,82,77490,买盘
1411,13:06:30,9.45,0.0,30,28350,买盘
1412,13:06:33,9.44,-0.01,117,110448,卖盘
1413,13:06:36,9.44,0.0,11,10384,卖盘
1414,13:06:39,9.45,0.01,84,79365,买盘
1415,13:06:42,9.44,-0.01,3,2832,卖盘
1416,13:06:45,9.44,0.0,37,34958,卖盘
1417,13:06:49,9.44,0.0,18,17002,卖盘
1418,13:06:51,9.45,0.01,43,40622,买盘
1419,13:07:00,9.44,-0.01,6,5664,卖盘
1420,13:07:04,9.44,0.0,1,944,卖盘
1421,13:07:09,9.45,0.01,49,46305,买盘
1422,13:07:12,9.45,0.0,17,16065,买盘
1423,13:07:15,9.45,0.0,23,21735,买盘
1424,13:07:18,9.45,0.0,169,159705,买盘
1425,13:07:21,9.45,0.0,30,28350,买盘
1426,13:07:24,9.45,0.0,141,133245,买盘
1427,13:07:27,9.45,0.0,20,18900,买盘
1428,13:07:30,9.45,0.0,62,58590,买盘
1429,13:07:33,9.45,0.0,5,4725,卖盘
1430,13:07:39,9.46,0.01,42,39730,买盘
1431,13:07:42,9.46,0.0,166,157036,买盘
1432,13:07:45,9.46,0.0,47,44462,买盘
1433,13:07:51,9.47,0.01,16,15152,买盘
1434,13:07:54,9.47,0.0,37,35039,买盘
1435,13:07:57,9.47,0.0,38,35986,买盘
1436,13:08:00,9.47,0.0,40,37880,买盘
1437,13:08:04,9.47,0.0,57,53979,买盘
1438,13:08:07,9.47,0.0,3,2841,买盘
1439,13:08:09,9.47,0.0,6,5682,买盘
1440,13:08:12,9.47,0.0,36,34092,买盘
1441,13:08:15,9.47,0.0,30,28410,买盘
1442,13:08:21,9.47,0.0,19,17993,买盘
1443,13:08:30,9.47,0.0,30,28410,买盘
1444,13:08:33,9.47,0.0,2,1894,买盘
1445,13:08:36,9.47,0.0,35,33145,买盘
1446,13:08:39,9.47,0.0,30,28410,买盘
1447,13:08:42,9.47,0.0,34,32198,买盘
1448,13:08:45,9.47,0.0,82,77654,买盘
1449,13:08:51,9.47,0.0,28,26516,买盘
1450,13:08:54,9.47,0.0,30,28410,买盘
1451,13:08:57,9.47,0.0,28,26516,买盘
1452,13:09:00,9.46,-0.01,41,38807,卖盘
1453,13:09:09,9.47,0.01,31,29357,买盘
1454,13:09:12,9.47,0.0,96,90912,买盘
1455,13:09:15,9.47,0.0,40,37880,买盘
1456,13:09:21,9.47,0.0,31,29357,买盘
1457,13:09:27,9.47,0.0,27,25569,买盘
1458,13:09:30,9.46,-0.01,50,47330,卖盘
1459,13:09:36,9.47,0.01,30,28410,买盘
1460,13:09:39,9.46,-0.01,20,18920,卖盘
1461,13:09:43,9.47,0.01,64,60608,买盘
1462,13:09:48,9.47,0.0,30,28410,买盘
1463,13:09:57,9.47,0.0,30,28410,买盘
1464,13:10:00,9.47,0.0,59,55873,买盘
1465,13:10:06,9.47,0.0,95,89913,买盘
1466,13:10:09,9.47,0.0,66,62502,买盘
1467,13:10:12,9.47,0.0,49,46403,买盘
1468,13:10:15,9.47,0.0,17,16099,买盘
1469,13:10:18,9.47,0.0,22,20834,买盘
1470,13:10:21,9.47,0.0,30,28410,买盘
1471,13:10:25,9.47,0.0,1,947,买盘
1472,13:10:28,9.47,0.0,14,13258,买盘
1473,13:10:30,9.47,0.0,50,47330,买盘
1474,13:10:33,9.47,0.0,31,29356,买盘
1475,13:10:36,9.46,-0.01,20,18920,卖盘
1476,13:10:39,9.46,0.0,60,56790,卖盘
1477,13:10:42,9.47,0.01,21,19884,买盘
1478,13:10:45,9.47,0.0,48,45454,买盘
1479,13:10:51,9.47,0.0,30,28410,买盘
1480,13:10:54,9.47,0.0,30,28410,买盘
1481,13:11:00,9.46,-0.01,5,4730,卖盘
1482,13:11:09,9.47,0.01,30,28410,买盘
1483,13:11:15,9.47,0.0,36,34092,买盘
1484,13:11:21,9.47,0.0,27,25569,买盘
1485,13:11:28,9.47,0.0,64,60608,买盘
1486,13:11:36,9.46,-0.01,31,29356,卖盘
1487,13:11:42,9.46,0.0,9,8514,卖盘
1488,13:11:45,9.47,0.01,64,60608,买盘
1489,13:11:48,9.47,0.0,36,34086,买盘
1490,13:11:51,9.47,0.0,3,2841,买盘
1491,13:11:54,9.47,0.0,300,284100,买盘
1492,13:11:57,9.47,0.0,71,67237,买盘
1493,13:12:00,9.47,0.0,2,1894,买盘
1494,13:12:04,9.47,0.0,6,5682,买盘
1495,13:12:12,9.46,-0.01,2,1892,卖盘
1496,13:12:15,9.47,0.01,19,17993,买盘
1497,13:12:18,9.47,0.0,47,44509,买盘
1498,13:12:21,9.47,0.0,48,45456,买盘
1499,13:12:27,9.48,0.01,27,25596,买盘
1500,13:12:30,9.48,0.0,52,49296,买盘
1501,13:12:39,9.47,-0.01,4,3788,卖盘
1502,13:12:45,9.48,0.01,35,33180,买盘
1503,13:12:55,9.47,-0.01,35,33175,卖盘
1504,13:12:57,9.48,0.01,39,36972,买盘
1505,13:13:04,9.48,0.0,97,91889,买盘
1506,13:13:18,9.48,0.0,36,34128,买盘
1507,13:13:21,9.47,-0.01,40,37910,卖盘
1508,13:13:24,9.48,0.01,30,28440,买盘
1509,13:13:27,9.48,0.0,30,28440,买盘
1510,13:13:30,9.48,0.0,30,28440,买盘
1511,13:13:33,9.48,0.0,42,39806,买盘
1512,13:13:36,9.48,0.0,10,9480,买盘
1513,13:13:39,9.48,0.0,30,28440,买盘
1514,13:13:42,9.48,0.0,82,77736,买盘
1515,13:13:45,9.45,-0.03,526,497842,卖盘
1516,13:13:48,9.45,0.0,75,70875,买盘
1517,13:13:54,9.45,0.0,30,28350,买盘
1518,13:13:57,9.45,0.0,31,29295,买盘
1519,13:14:00,9.44,-0.01,5,4720,卖盘
1520,13:14:03,9.45,0.01,40,37794,买盘
1521,13:14:06,9.45,0.0,30,28350,买盘
1522,13:14:09,9.45,0.0,30,28350,买盘
1523,13:14:12,9.45,0.0,11,10395,买盘
1524,13:14:16,9.45,0.0,220,207900,买盘
1525,13:14:18,9.45,0.0,69,65205,买盘
1526,13:14:21,9.44,-0.01,24,22641,卖盘
1527,13:14:28,9.46,0.02,30,28380,买盘
1528,13:14:30,9.46,0.0,32,30270,买盘
1529,13:14:33,9.46,0.0,28,26488,买盘
1530,13:14:36,9.46,0.0,301,284446,买盘
1531,13:14:39,9.45,-0.01,2,1890,中性盘
1532,13:14:42,9.44,-0.01,92,86960,卖盘
1533,13:14:45,9.46,0.02,30,28380,买盘
1534,13:14:51,9.45,-0.01,42,39720,卖盘
1535,13:14:55,9.46,0.01,30,28380,买盘
1536,13:15:00,9.45,-0.01,54,51030,卖盘
1537,13:15:04,9.45,0.0,30,28350,买盘
1538,13:15:07,9.45,0.0,22,20790,买盘
1539,13:15:09,9.45,0.0,2,1890,卖盘
1540,13:15:12,9.46,0.01,61,57702,买盘
1541,13:15:18,9.46,0.0,36,34056,买盘
1542,13:15:21,9.46,0.0,30,28380,买盘
1543,13:15:25,9.46,0.0,30,28380,买盘
1544,13:15:27,9.46,0.0,2,1892,买盘
1545,13:15:30,9.46,0.0,48,45404,买盘
1546,13:15:42,9.46,0.0,30,28380,买盘
1547,13:15:45,9.45,-0.01,5,4725,卖盘
1548,13:15:48,9.46,0.01,34,32164,买盘
1549,13:15:51,9.46,0.0,30,28380,买盘
1550,13:15:54,9.45,-0.01,88,83190,卖盘
1551,13:15:57,9.46,0.01,130,122880,买盘
1552,13:16:04,9.46,0.0,46,43500,买盘
1553,13:16:09,9.46,0.0,30,28380,买盘
1554,13:16:15,9.46,0.0,30,28380,买盘
1555,13:16:19,9.46,0.0,23,21754,买盘
1556,13:16:21,9.46,0.0,17,16082,买盘
1557,13:16:30,9.46,0.0,58,54868,买盘
1558,13:16:42,9.46,0.0,78,73788,买盘
1559,13:16:48,9.45,-0.01,50,47280,卖盘
1560,13:16:51,9.46,0.01,30,28380,买盘
1561,13:17:00,9.46,0.0,106,100261,买盘
1562,13:17:06,9.46,0.0,30,28380,买盘
1563,13:17:09,9.46,0.0,30,28380,买盘
1564,13:17:15,9.46,0.0,5,4730,买盘
1565,13:17:18,9.46,0.0,30,28380,买盘
1566,13:17:21,9.46,0.0,45,42555,买盘
1567,13:17:27,9.46,0.0,30,28380,买盘
1568,13:17:30,9.46,0.0,15,14190,买盘
1569,13:17:34,9.46,0.0,13,12298,买盘
1570,13:17:37,9.46,0.0,30,28380,买盘
1571,13:17:40,9.46,0.0,30,28380,买盘
1572,13:17:46,9.46,0.0,138,130548,买盘
1573,13:17:48,9.46,0.0,30,28380,买盘
1574,13:17:51,9.46,0.0,30,28380,买盘
1575,13:18:00,9.46,0.0,14,13244,买盘
1576,13:18:04,9.46,0.0,13,12298,买盘
1577,13:18:09,9.47,0.01,136,128686,买盘
1578,13:18:18,9.47,0.0,72,68184,买盘
1579,13:18:24,9.46,-0.01,42,39732,卖盘
1580,13:18:34,9.47,0.01,28,26516,买盘
1581,13:18:36,9.47,0.0,57,53979,买盘
1582,13:18:51,9.46,-0.01,15,14190,卖盘
1583,13:19:01,9.46,0.0,4,3784,卖盘
1584,13:19:24,9.48,0.02,30,28440,买盘
1585,13:19:27,9.48,0.0,37,35076,买盘
1586,13:19:33,9.48,0.0,30,28440,买盘
1587,13:19:37,9.48,0.0,52,49296,买盘
1588,13:19:52,9.48,0.0,30,28440,买盘
1589,13:19:54,9.48,0.0,81,76788,买盘
1590,13:19:57,9.47,-0.01,215,203810,卖盘
1591,13:20:00,9.48,0.01,50,47400,卖盘
1592,13:20:04,9.49,0.01,3,2845,买盘
1593,13:20:15,9.49,0.0,34,32262,买盘
1594,13:20:18,9.49,0.0,32,30366,买盘
1595,13:20:22,9.49,0.0,12,11388,买盘
1596,13:20:25,9.48,-0.01,85,80580,卖盘
1597,13:20:30,9.49,0.01,30,28470,买盘
1598,13:20:34,9.48,-0.01,66,62568,卖盘
1599,13:20:37,9.49,0.01,30,28470,买盘
1600,13:20:39,9.49,0.0,30,28470,买盘
1601,13:20:42,9.49,0.0,30,28470,买盘
1602,13:20:48,9.49,0.0,30,28470,买盘
1603,13:20:57,9.49,0.0,40,37960,买盘
1604,13:21:01,9.49,0.0,30,28470,买盘
1605,13:21:09,9.49,0.0,14,13286,买盘
1606,13:21:12,9.49,0.0,69,65476,买盘
1607,13:21:18,9.49,0.0,90,85410,买盘
1608,13:21:22,9.48,-0.01,50,47400,卖盘
1609,13:21:25,9.49,0.01,30,28470,买盘
1610,13:21:30,9.49,0.0,30,28470,买盘
1611,13:21:33,9.49,0.0,4,3796,买盘
1612,13:21:39,9.49,0.0,30,28470,买盘
1613,13:21:42,9.49,0.0,36,34164,买盘
1614,13:21:45,9.49,0.0,30,28470,买盘
1615,13:21:51,9.49,0.0,30,28470,买盘
1616,13:21:57,9.49,0.0,57,54093,买盘
1617,13:22:00,9.49,0.0,34,32266,买盘
1618,13:22:04,9.49,0.0,22,20878,买盘
1619,13:22:06,9.49,0.0,97,92053,买盘
1620,13:22:09,9.49,0.0,46,43654,买盘
1621,13:22:13,9.5,0.01,18,17100,买盘
1622,13:22:16,9.5,0.0,16,15200,买盘
1623,13:22:18,9.49,-0.01,4,3796,卖盘
1624,13:22:27,9.5,0.01,5,4750,买盘
1625,13:22:33,9.5,0.0,1,950,买盘
1626,13:22:39,9.5,0.0,15,14250,买盘
1627,13:22:42,9.5,0.0,27,25650,买盘
1628,13:22:45,9.5,0.0,24,22800,买盘
1629,13:22:48,9.5,0.0,5,4750,买盘
1630,13:22:54,9.5,0.0,2,1900,买盘
1631,13:23:04,9.48,-0.02,241,228639,卖盘
1632,13:23:12,9.48,0.0,30,28440,买盘
1633,13:23:16,9.47,-0.01,75,71089,卖盘
1634,13:23:18,9.47,0.0,40,37910,卖盘
1635,13:23:21,9.48,0.01,5,4740,买盘
1636,13:23:24,9.48,0.0,30,28440,买盘
1637,13:23:30,9.48,0.0,30,28440,买盘
1638,13:23:33,9.48,0.0,30,28440,买盘
1639,13:23:36,9.48,0.0,90,85320,买盘
1640,13:23:42,9.48,0.0,2,1896,买盘
1641,13:23:46,9.48,0.0,46,43608,买盘
1642,13:23:48,9.48,0.0,30,28440,买盘
1643,13:23:51,9.48,0.0,147,139356,买盘
1644,13:23:57,9.48,0.0,6,5688,卖盘
1645,13:24:03,9.49,0.01,48,45552,买盘
1646,13:24:09,9.49,0.0,30,28470,买盘
1647,13:24:15,9.49,0.0,72,68328,买盘
1648,13:24:18,9.49,0.0,19,18031,买盘
1649,13:24:22,9.49,0.0,9,8541,买盘
1650,13:24:24,9.5,0.01,9,8550,买盘
1651,13:24:30,9.5,0.0,206,195700,买盘
1652,13:24:39,9.5,0.0,106,100700,买盘
1653,13:24:42,9.5,0.0,65,61750,买盘
1654,13:24:45,9.5,0.0,78,74100,买盘
1655,13:24:48,9.49,-0.01,57,54139,卖盘
1656,13:24:51,9.5,0.01,40,38000,买盘
1657,13:24:54,9.51,0.01,101,95964,买盘
1658,13:24:57,9.51,0.0,4,3804,买盘
1659,13:25:04,9.51,0.0,30,28530,买盘
1660,13:25:09,9.5,-0.01,77,73190,卖盘
1661,13:25:18,9.5,0.0,45,42784,卖盘
1662,13:25:21,9.51,0.01,120,114120,买盘
1663,13:25:25,9.51,0.0,23,21873,买盘
1664,13:25:30,9.51,0.0,24,22824,卖盘
1665,13:25:45,9.51,0.0,11,10461,卖盘
1666,13:25:48,9.51,0.0,37,35223,卖盘
1667,13:25:54,9.51,0.0,112,106512,卖盘
1668,13:25:57,9.51,0.0,20,19020,买盘
1669,13:26:04,9.51,0.0,11,10461,买盘
1670,13:26:18,9.51,0.0,34,32334,买盘
1671,13:26:21,9.5,-0.01,121,115060,卖盘
1672,13:26:24,9.52,0.02,145,137963,买盘
1673,13:26:33,9.52,0.0,113,107576,买盘
1674,13:26:36,9.52,0.0,5,4760,买盘
1675,13:26:39,9.52,0.0,9,8568,卖盘
1676,13:26:45,9.52,0.0,10,9520,卖盘
1677,13:26:48,9.53,0.01,147,139978,买盘
1678,13:26:54,9.52,-0.01,11,10472,买盘
1679,13:27:04,9.53,0.01,37,35261,买盘
1680,13:27:06,9.52,-0.01,47,44744,卖盘
1681,13:27:09,9.52,0.0,4,3808,卖盘
1682,13:27:18,9.53,0.01,103,98090,买盘
1683,13:27:21,9.52,-0.01,10,9520,中性盘
1684,13:27:36,9.51,-0.01,10,9510,卖盘
1685,13:27:42,9.51,0.0,5,4755,卖盘
1686,13:27:46,9.51,0.0,18,17126,卖盘
1687,13:27:48,9.51,0.0,30,28549,卖盘
1688,13:27:51,9.52,0.01,17,16184,买盘
1689,13:28:06,9.51,-0.01,73,69423,卖盘
1690,13:28:09,9.51,0.0,45,42795,卖盘
1691,13:28:12,9.51,0.0,21,19971,卖盘
1692,13:28:18,9.51,0.0,18,17118,买盘
1693,13:28:22,9.5,-0.01,20,19016,卖盘
1694,13:28:25,9.51,0.01,2,1902,买盘
1695,13:28:27,9.51,0.0,2,1902,卖盘
1696,13:28:30,9.5,-0.01,11,10450,卖盘
1697,13:28:33,9.5,0.0,22,20900,卖盘
1698,13:28:45,9.5,0.0,30,28500,买盘
1699,13:28:48,9.5,0.0,27,25650,买盘
1700,13:28:51,9.5,0.0,46,43700,买盘
1701,13:28:54,9.5,0.0,97,92150,买盘
1702,13:29:04,9.5,0.0,11,10450,卖盘
1703,13:29:22,9.51,0.01,34,32334,买盘
1704,13:29:30,9.51,0.0,3,2853,买盘
1705,13:29:40,9.51,0.0,30,28530,买盘
1706,13:29:45,9.51,0.0,31,29481,买盘
1707,13:29:49,9.5,-0.01,11,10450,卖盘
1708,13:29:51,9.51,0.01,36,34236,买盘
1709,13:30:00,9.51,0.0,30,28530,买盘
1710,13:30:03,9.51,0.0,100,95100,买盘
1711,13:30:06,9.5,-0.01,49,46580,卖盘
1712,13:30:12,9.5,0.0,30,28501,卖盘
1713,13:30:15,9.5,0.0,70,66530,卖盘
1714,13:30:21,9.51,0.01,32,30418,买盘
1715,13:30:24,9.51,0.0,56,53216,买盘
1716,13:30:27,9.51,0.0,49,46569,买盘
1717,13:30:30,9.5,-0.01,53,50291,中性盘
1718,13:30:33,9.5,0.0,17,15998,卖盘
1719,13:30:36,9.5,0.0,42,39900,卖盘
1720,13:30:39,9.5,0.0,14,13300,卖盘
1721,13:30:42,9.5,0.0,105,99750,卖盘
1722,13:30:45,9.5,0.0,18,17066,卖盘
1723,13:30:48,9.5,0.0,3,2850,买盘
1724,13:30:54,9.48,-0.02,42,39850,卖盘
1725,13:31:00,9.48,0.0,2,1896,卖盘
1726,13:31:03,9.48,0.0,11,10428,卖盘
1727,13:31:09,9.49,0.01,17,16121,买盘
1728,13:31:15,9.49,0.0,30,28470,买盘
1729,13:31:18,9.49,0.0,38,36054,买盘
1730,13:31:24,9.49,0.0,64,60736,买盘
1731,13:31:27,9.49,0.0,51,48379,买盘
1732,13:31:30,9.49,0.0,44,41756,买盘
1733,13:31:34,9.48,-0.01,50,47430,卖盘
1734,13:31:36,9.49,0.01,30,28470,买盘
1735,13:31:39,9.48,-0.01,11,10428,卖盘
1736,13:31:42,9.48,0.0,52,49296,卖盘
1737,13:31:51,9.48,0.0,49,46482,卖盘
1738,13:31:54,9.49,0.01,87,82563,买盘
1739,13:31:57,9.49,0.0,31,29418,买盘
1740,13:32:01,9.49,0.0,30,28470,买盘
1741,13:32:07,9.48,-0.01,50,47400,卖盘
1742,13:32:09,9.49,0.01,30,28470,买盘
1743,13:32:12,9.48,-0.01,74,70182,卖盘
1744,13:32:21,9.48,0.0,22,20856,卖盘
1745,13:32:24,9.49,0.01,64,60736,买盘
1746,13:32:27,9.49,0.0,40,37960,买盘
1747,13:32:30,9.47,-0.02,26,24637,卖盘
1748,13:32:33,9.49,0.02,30,28470,买盘
1749,13:32:36,9.47,-0.02,20,18941,卖盘
1750,13:32:42,9.48,0.01,11,10428,卖盘
1751,13:32:45,9.48,0.0,16,15168,卖盘
1752,13:32:52,9.49,0.01,30,28470,买盘
1753,13:32:55,9.49,0.0,72,68320,买盘
1754,13:32:58,9.49,0.0,33,31317,买盘
1755,13:33:00,9.48,-0.01,43,40764,卖盘
1756,13:33:04,9.49,0.01,30,28470,买盘
1757,13:33:09,9.48,-0.01,54,51222,卖盘
1758,13:33:18,9.48,0.0,26,24648,卖盘
1759,13:33:24,9.48,0.0,58,55032,卖盘
1760,13:33:28,9.48,0.0,23,21820,卖盘
1761,13:33:31,9.49,0.01,30,28470,买盘
1762,13:33:34,9.48,-0.01,25,23700,卖盘
1763,13:33:36,9.49,0.01,30,28470,买盘
1764,13:33:42,9.49,0.0,46,43638,买盘
1765,13:33:45,9.49,0.0,103,97747,买盘
1766,13:33:48,9.48,-0.01,83,78714,卖盘
1767,13:33:51,9.49,0.01,30,28470,买盘
1768,13:33:54,9.49,0.0,60,56929,买盘
1769,13:33:57,9.48,-0.01,29,27514,卖盘
1770,13:34:06,9.48,0.0,35,33180,卖盘
1771,13:34:09,9.49,0.01,30,28470,买盘
1772,13:34:12,9.48,-0.01,10,9480,卖盘
1773,13:34:15,9.49,0.01,31,29419,买盘
1774,13:34:18,9.49,0.0,30,28470,买盘
1775,13:34:21,9.48,-0.01,22,20856,卖盘
1776,13:34:24,9.49,0.01,41,38898,买盘
1777,13:34:27,9.49,0.0,34,32266,买盘
1778,13:34:30,9.48,-0.01,16,15168,卖盘
1779,13:34:36,9.48,0.0,27,25596,卖盘
1780,13:34:43,9.49,0.01,30,28470,买盘
1781,13:34:45,9.48,-0.01,8,7584,卖盘
1782,13:34:51,9.49,0.01,46,43643,买盘
1783,13:34:54,9.49,0.0,42,39846,买盘
1784,13:34:57,9.49,0.0,64,60736,买盘
1785,13:35:00,9.48,-0.01,26,24648,卖盘
1786,13:35:06,9.49,0.01,30,28470,买盘
1787,13:35:09,9.48,-0.01,27,25596,卖盘
1788,13:35:13,9.49,0.01,30,28470,买盘
1789,13:35:15,9.49,0.0,30,28470,买盘
1790,13:35:18,9.48,-0.01,34,32232,卖盘
1791,13:35:22,9.49,0.01,30,28470,买盘
1792,13:35:24,9.48,-0.01,54,51209,卖盘
1793,13:35:27,9.49,0.01,64,60736,买盘
1794,13:35:30,9.49,0.0,33,31317,买盘
1795,13:35:33,9.49,0.0,73,69261,买盘
1796,13:35:36,9.49,0.0,65,61685,买盘
1797,13:35:42,9.49,0.0,71,67379,卖盘
1798,13:35:45,9.49,0.0,28,26572,卖盘
1799,13:35:51,9.49,0.0,21,19929,卖盘
1800,13:35:54,9.5,0.01,64,60800,买盘
1801,13:35:57,9.5,0.0,115,109250,买盘
1802,13:36:00,9.5,0.0,43,40815,买盘
1803,13:36:04,9.5,0.0,19,18050,买盘
1804,13:36:06,9.49,-0.01,86,81622,卖盘
1805,13:36:09,9.49,0.0,8,7592,买盘
1806,13:36:15,9.5,0.01,46,43628,买盘
1807,13:36:18,9.48,-0.02,42,39816,卖盘
1808,13:36:21,9.47,-0.01,34,32203,卖盘
1809,13:36:24,9.47,0.0,20,18940,卖盘
1810,13:36:28,9.48,0.01,43,40764,卖盘
1811,13:36:30,9.47,-0.01,27,25586,卖盘
1812,13:36:33,9.48,0.01,5,4740,买盘
1813,13:36:36,9.48,0.0,16,15168,买盘
1814,13:36:39,9.47,-0.01,30,28426,卖盘
1815,13:36:45,9.48,0.01,16,15168,卖盘
1816,13:36:48,9.49,0.01,68,64522,买盘
1817,13:36:54,9.47,-0.02,29,27463,卖盘
1818,13:36:57,9.47,0.0,35,33163,卖盘
1819,13:37:00,9.47,0.0,84,79579,卖盘
1820,13:37:04,9.47,0.0,64,60608,卖盘
1821,13:37:06,9.47,0.0,16,15152,卖盘
1822,13:37:09,9.46,-0.01,30,28380,卖盘
1823,13:37:12,9.46,0.0,120,113515,卖盘
1824,13:37:18,9.46,0.0,171,161612,买盘
1825,13:37:21,9.46,0.0,13,12298,卖盘
1826,13:37:24,9.46,0.0,30,28380,买盘
1827,13:37:27,9.45,-0.01,121,114385,卖盘
1828,13:37:30,9.46,0.01,34,32164,中性盘
1829,13:37:33,9.47,0.01,30,28404,买盘
1830,13:37:36,9.45,-0.02,54,51001,卖盘
1831,13:37:42,9.45,0.0,19,17955,卖盘
1832,13:37:48,9.46,0.01,93,88008,卖盘
1833,13:37:52,9.47,0.01,68,64378,买盘
1834,13:37:58,9.44,-0.03,63,59646,卖盘
1835,13:38:01,9.47,0.03,78,73702,买盘
1836,13:38:04,9.47,0.0,30,28403,买盘
1837,13:38:06,9.47,0.0,48,45407,买盘
1838,13:38:15,9.44,-0.03,47,44378,卖盘
1839,13:38:21,9.45,0.01,15,14175,卖盘
1840,13:38:24,9.46,0.01,2,1892,买盘
1841,13:38:30,9.47,0.01,39,36928,买盘
1842,13:38:37,9.47,0.0,30,28410,买盘
1843,13:38:39,9.47,0.0,54,51127,买盘
1844,13:38:45,9.45,-0.02,55,52047,卖盘
1845,13:38:51,9.47,0.02,30,28410,买盘
1846,13:38:54,9.45,-0.02,17,16072,卖盘
1847,13:39:00,9.47,0.02,34,32198,买盘
1848,13:39:04,9.46,-0.01,14,13244,卖盘
1849,13:39:09,9.46,0.0,31,29356,卖盘
1850,13:39:12,9.46,0.0,9,8514,卖盘
1851,13:39:15,9.47,0.01,64,60608,买盘
1852,13:39:19,9.46,-0.01,59,55857,卖盘
1853,13:39:21,9.47,0.01,10,9470,买盘
1854,13:39:24,9.47,0.0,30,28410,买盘
1855,13:39:27,9.46,-0.01,38,35948,卖盘
1856,13:39:30,9.47,0.01,18,17046,买盘
1857,13:39:33,9.46,-0.01,44,41640,卖盘
1858,13:39:42,9.46,0.0,22,20812,卖盘
1859,13:39:46,9.46,0.0,39,36894,卖盘
1860,13:39:51,9.46,0.0,7,6622,卖盘
1861,13:39:54,9.46,0.0,17,16087,卖盘
1862,13:39:57,9.45,-0.01,14,13230,卖盘
1863,13:40:00,9.46,0.01,19,17974,买盘
1864,13:40:04,9.46,0.0,47,44462,买盘
1865,13:40:06,9.45,-0.01,9,8505,卖盘
1866,13:40:15,9.45,0.0,30,28357,卖盘
1867,13:40:21,9.46,0.01,2,1892,买盘
1868,13:40:24,9.47,0.01,98,92804,买盘
1869,13:40:27,9.46,-0.01,15,14190,中性盘
1870,13:40:30,9.45,-0.01,38,35925,卖盘
1871,13:40:33,9.47,0.02,4,3788,买盘
1872,13:40:39,9.47,0.0,18,17046,卖盘
1873,13:40:42,9.48,0.01,5,4740,买盘
1874,13:40:45,9.47,-0.01,5,4735,卖盘
1875,13:40:55,9.47,0.0,6,5684,卖盘
1876,13:40:57,9.48,0.01,2,1896,买盘
1877,13:41:04,9.48,0.0,12,11376,买盘
1878,13:41:09,9.48,0.0,1,948,卖盘
1879,13:41:18,9.48,0.0,3,2844,卖盘
1880,13:41:28,9.48,0.0,1,948,卖盘
1881,13:41:34,9.48,0.0,35,33214,卖盘
1882,13:41:36,9.49,0.01,33,31287,买盘
1883,13:41:39,9.49,0.0,142,134658,买盘
1884,13:41:42,9.47,-0.02,10,9470,卖盘
1885,13:41:46,9.49,0.02,30,28470,买盘
1886,13:41:51,9.47,-0.02,65,61595,卖盘
1887,13:42:03,9.48,0.01,18,17064,买盘
1888,13:42:07,9.48,0.0,23,21804,卖盘
1889,13:42:10,9.48,0.0,2,1896,中性盘
1890,13:42:15,9.47,-0.01,13,12311,卖盘
1891,13:42:21,9.46,-0.01,4,3786,卖盘
1892,13:42:30,9.47,0.01,1,947,中性盘
1893,13:42:36,9.48,0.01,20,18960,买盘
1894,13:42:39,9.48,0.0,1,948,卖盘
1895,13:42:48,9.49,0.01,36,34158,买盘
1896,13:42:54,9.47,-0.02,66,62559,卖盘
1897,13:42:57,9.49,0.02,30,28468,买盘
1898,13:43:04,9.47,-0.02,19,17993,卖盘
1899,13:43:09,9.48,0.01,6,5689,卖盘
1900,13:43:12,9.48,0.0,15,14220,卖盘
1901,13:43:18,9.47,-0.01,21,19907,卖盘
1902,13:43:21,9.47,0.0,6,5682,卖盘
1903,13:43:27,9.47,0.0,8,7576,卖盘
1904,13:43:36,9.47,0.0,2,1894,卖盘
1905,13:43:42,9.48,0.01,30,28440,卖盘
1906,13:43:51,9.48,0.0,10,9480,卖盘
1907,13:43:54,9.48,0.0,44,41712,卖盘
1908,13:44:00,9.47,-0.01,17,16099,卖盘
1909,13:44:03,9.48,0.01,20,18960,卖盘
1910,13:44:06,9.49,0.01,36,34164,买盘
1911,13:44:15,9.47,-0.02,22,20834,卖盘
1912,13:44:18,9.49,0.02,1,949,买盘
1913,13:44:24,9.47,-0.02,7,6629,卖盘
1914,13:44:27,9.48,0.01,1,948,买盘
1915,13:44:33,9.47,-0.01,2,1894,卖盘
1916,13:44:36,9.48,0.01,17,16116,买盘
1917,13:44:48,9.48,0.0,9,8532,卖盘
1918,13:44:54,9.48,0.0,2,1896,卖盘
1919,13:44:57,9.48,0.0,1,948,卖盘
1920,13:45:00,9.48,0.0,88,83424,卖盘
1921,13:45:03,9.47,-0.01,33,31251,卖盘
1922,13:45:06,9.47,0.0,34,32198,买盘
1923,13:45:12,9.46,-0.01,37,35002,卖盘
1924,13:45:18,9.45,-0.01,40,37844,卖盘
1925,13:45:27,9.45,0.0,28,26460,卖盘
1926,13:45:37,9.45,0.0,8,7560,卖盘
1927,13:45:39,9.46,0.01,12,11352,卖盘
1928,13:45:42,9.44,-0.02,120,113415,卖盘
1929,13:45:51,9.44,0.0,35,33040,卖盘
1930,13:45:54,9.45,0.01,1,945,买盘
1931,13:46:00,9.44,-0.01,11,10389,卖盘
1932,13:46:04,9.45,0.01,6,5670,中性盘
1933,13:46:06,9.45,0.0,22,20809,卖盘
1934,13:46:09,9.46,0.01,17,16082,买盘
1935,13:46:15,9.45,-0.01,9,8505,卖盘
1936,13:46:21,9.45,0.0,5,4725,卖盘
1937,13:46:24,9.45,0.0,8,7560,卖盘
1938,13:46:27,9.45,0.0,49,46305,卖盘
1939,13:46:33,9.44,-0.01,3,2832,卖盘
1940,13:46:36,9.44,0.0,34,32126,卖盘
1941,13:46:39,9.44,0.0,41,38739,卖盘
1942,13:46:48,9.44,0.0,13,12272,卖盘
1943,13:46:51,9.44,0.0,55,51920,卖盘
1944,13:46:54,9.44,0.0,5,4720,卖盘
1945,13:47:00,9.45,0.01,4,3780,卖盘
1946,13:47:04,9.45,0.0,24,22686,卖盘
1947,13:47:09,9.46,0.01,38,35944,买盘
1948,13:47:12,9.46,0.0,9,8506,买盘
1949,13:47:15,9.46,0.0,4,3784,买盘
1950,13:47:18,9.45,-0.01,14,13230,卖盘
1951,13:47:27,9.45,0.0,14,13235,卖盘
1952,13:47:30,9.46,0.01,3,2838,买盘
1953,13:47:33,9.46,0.0,3,2838,买盘
1954,13:47:36,9.45,-0.01,8,7563,卖盘
1955,13:47:42,9.46,0.01,11,10414,卖盘
1956,13:47:48,9.47,0.01,30,28410,买盘
1957,13:47:51,9.46,-0.01,6,5676,卖盘
1958,13:47:54,9.47,0.01,156,147541,买盘
1959,13:48:00,9.44,-0.03,62,58556,卖盘
1960,13:48:03,9.46,0.02,2,1892,卖盘
1961,13:48:06,9.44,-0.02,19,17944,卖盘
1962,13:48:10,9.47,0.03,36,34092,买盘
1963,13:48:15,9.44,-0.03,7,6608,卖盘
1964,13:48:24,9.45,0.01,13,12285,卖盘
1965,13:48:30,9.46,0.01,3,2838,卖盘
1966,13:48:39,9.47,0.01,18,17045,买盘
1967,13:48:48,9.47,0.0,36,34091,卖盘
1968,13:48:57,9.47,0.0,10,9470,卖盘
1969,13:49:00,9.48,0.01,1,948,买盘
1970,13:49:04,9.46,-0.02,104,98437,卖盘
1971,13:49:12,9.47,0.01,30,28410,卖盘
1972,13:49:15,9.47,0.0,1,947,卖盘
1973,13:49:18,9.47,0.0,3,2841,卖盘
1974,13:49:21,9.45,-0.02,10,9451,卖盘
1975,13:49:24,9.44,-0.01,70,66107,卖盘
1976,13:49:28,9.44,0.0,1,944,卖盘
1977,13:49:36,9.45,0.01,25,23625,卖盘
1978,13:49:42,9.46,0.01,1,946,卖盘
1979,13:49:45,9.46,0.0,77,72842,卖盘
1980,13:49:49,9.46,0.0,37,35002,卖盘
1981,13:49:52,9.45,-0.01,25,23626,卖盘
1982,13:49:58,9.46,0.01,5,4730,买盘
1983,13:50:00,9.46,0.0,48,45390,买盘
1984,13:50:06,9.44,-0.02,70,66135,卖盘
1985,13:50:10,9.44,0.0,16,15104,卖盘
1986,13:50:15,9.45,0.01,26,24570,卖盘
1987,13:50:18,9.46,0.01,17,16082,买盘
1988,13:50:21,9.46,0.0,13,12298,卖盘
1989,13:50:24,9.44,-0.02,227,214482,卖盘
1990,13:50:30,9.46,0.02,5,4730,中性盘
1991,13:50:33,9.43,-0.03,72,67943,卖盘
1992,13:50:39,9.43,0.0,22,20746,卖盘
1993,13:50:45,9.43,0.0,70,66044,卖盘
1994,13:50:48,9.43,0.0,7,6601,卖盘
1995,13:50:57,9.44,0.01,23,21712,卖盘
1996,13:51:04,9.44,0.0,7,6608,卖盘
1997,13:51:06,9.43,-0.01,70,66030,卖盘
1998,13:51:12,9.45,0.02,7,6613,买盘
1999,13:51:22,9.45,0.0,23,21735,卖盘
2000,13:51:24,9.42,-0.03,75,70744,卖盘
2001,13:51:27,9.43,0.01,7,6601,中性盘
2002,13:51:36,9.42,-0.01,25,23572,卖盘
2003,13:51:39,9.42,0.0,4,3772,卖盘
2004,13:51:45,9.43,0.01,77,72645,卖盘
2005,13:51:51,9.43,0.0,55,51925,卖盘
2006,13:52:00,9.43,0.0,16,15088,卖盘
2007,13:52:07,9.42,-0.01,137,129172,卖盘
2008,13:52:09,9.43,0.01,16,15083,买盘
2009,13:52:15,9.43,0.0,46,43414,卖盘
2010,13:52:18,9.43,0.0,15,14145,卖盘
2011,13:52:24,9.45,0.02,22,20762,买盘
2012,13:52:27,9.43,-0.02,70,66010,卖盘
2013,13:52:33,9.43,0.0,32,30176,卖盘
2014,13:52:39,9.43,0.0,9,8487,卖盘
2015,13:52:42,9.45,0.02,12,11274,买盘
2016,13:52:45,9.43,-0.02,70,66110,买盘
2017,13:52:48,9.45,0.02,33,31127,买盘
2018,13:52:51,9.43,-0.02,11,10373,卖盘
2019,13:52:57,9.43,0.0,10,9430,卖盘
2020,13:53:04,9.43,0.0,6,5658,卖盘
2021,13:53:06,9.43,0.0,70,66010,卖盘
2022,13:53:09,9.45,0.02,10,9450,买盘
2023,13:53:12,9.43,-0.02,2,1886,卖盘
2024,13:53:18,9.44,0.01,58,54752,卖盘
2025,13:53:21,9.44,0.0,24,22656,卖盘
2026,13:53:24,9.45,0.01,5,4725,买盘
2027,13:53:27,9.45,0.0,125,117950,买盘
2028,13:53:36,9.43,-0.02,39,36777,卖盘
2029,13:53:45,9.44,0.01,29,27365,中性盘
2030,13:53:48,9.43,-0.01,74,69798,卖盘
2031,13:53:52,9.43,0.0,9,8487,卖盘
2032,13:54:00,9.43,0.0,25,23575,卖盘
2033,13:54:10,9.43,0.0,77,72611,卖盘
2034,13:54:13,9.44,0.01,2,1887,买盘
2035,13:54:16,9.44,0.0,40,37742,买盘
2036,13:54:19,9.43,-0.01,45,42471,卖盘
2037,13:54:21,9.44,0.01,37,34928,中性盘
2038,13:54:24,9.43,-0.01,26,24518,卖盘
2039,13:54:27,9.43,0.0,70,66060,卖盘
2040,13:54:33,9.43,0.0,40,37720,卖盘
2041,13:54:39,9.43,0.0,18,16986,卖盘
2042,13:54:42,9.43,0.0,9,8487,卖盘
2043,13:54:48,9.43,0.0,78,73588,卖盘
2044,13:54:57,9.43,0.0,23,21689,卖盘
2045,13:55:00,9.43,0.0,4,3772,卖盘
2046,13:55:03,9.43,0.0,6,5658,买盘
2047,13:55:06,9.43,0.0,7,6601,卖盘
2048,13:55:09,9.43,0.0,81,76383,卖盘
2049,13:55:12,9.43,0.0,3,2829,卖盘
2050,13:55:21,9.44,0.01,28,26432,卖盘
2051,13:55:27,9.44,0.0,2,1888,卖盘
2052,13:55:30,9.43,-0.01,79,74445,卖盘
2053,13:55:34,9.43,0.0,2,1886,买盘
2054,13:55:36,9.44,0.01,25,23600,卖盘
2055,13:55:45,9.44,0.0,8,7552,卖盘
2056,13:55:48,9.43,-0.01,104,98205,卖盘
2057,13:55:54,9.43,0.0,33,31119,卖盘
2058,13:55:57,9.45,0.02,1,945,买盘
2059,13:56:01,9.43,-0.02,11,10373,卖盘
2060,13:56:04,9.45,0.02,1,945,买盘
2061,13:56:09,9.43,-0.02,84,79233,卖盘
2062,13:56:18,9.43,0.0,26,24520,卖盘
2063,13:56:24,9.45,0.02,25,23625,买盘
2064,13:56:27,9.45,0.0,10,9450,卖盘
2065,13:56:31,9.43,-0.02,87,82146,卖盘
2066,13:56:34,9.43,0.0,9,8489,卖盘
2067,13:56:42,9.43,0.0,31,29233,卖盘
2068,13:56:48,9.43,0.0,87,82059,卖盘
2069,13:56:51,9.43,0.0,27,25477,卖盘
2070,13:56:57,9.43,0.0,34,32062,卖盘
2071,13:57:06,9.43,0.0,16,15088,卖盘
2072,13:57:09,9.43,0.0,78,73554,卖盘
2073,13:57:12,9.42,-0.01,31,29208,卖盘
2074,13:57:15,9.44,0.02,43,40592,买盘
2075,13:57:21,9.43,-0.01,53,50012,卖盘
2076,13:57:27,9.43,0.0,7,6601,卖盘
2077,13:57:30,9.43,0.0,87,82000,卖盘
2078,13:57:36,9.43,0.0,28,26404,卖盘
2079,13:57:39,9.43,0.0,2,1886,卖盘
2080,13:57:42,9.43,0.0,11,10373,卖盘
2081,13:57:45,9.43,0.0,12,11315,卖盘
2082,13:57:51,9.44,0.01,104,98081,买盘
2083,13:57:54,9.42,-0.02,4,3768,卖盘
2084,13:58:00,9.42,0.0,4,3768,卖盘
2085,13:58:03,9.42,0.0,29,27318,卖盘
2086,13:58:10,9.43,0.01,79,74497,卖盘
2087,13:58:21,9.44,0.01,9,8496,买盘
2088,13:58:24,9.44,0.0,24,22656,卖盘
2089,13:58:30,9.43,-0.01,70,66036,卖盘
2090,13:58:33,9.43,0.0,11,10374,卖盘
2091,13:58:36,9.43,0.0,1,943,卖盘
2092,13:58:42,9.42,-0.01,29,27327,卖盘
2093,13:58:48,9.42,0.0,10,9420,卖盘
2094,13:58:51,9.42,0.0,63,59364,卖盘
2095,13:58:57,9.43,0.01,2,1886,卖盘
2096,13:59:07,9.43,0.0,19,17917,卖盘
2097,13:59:12,9.43,0.0,6,5658,卖盘
2098,13:59:15,9.43,0.0,8,7544,卖盘
2099,13:59:21,9.44,0.01,18,16992,买盘
2100,13:59:24,9.45,0.01,2,1890,买盘
2101,13:59:30,9.44,-0.01,5,4720,卖盘
2102,13:59:36,9.44,0.0,2,1888,卖盘
2103,13:59:39,9.44,0.0,34,32129,卖盘
2104,13:59:42,9.44,0.0,11,10384,卖盘
2105,13:59:45,9.44,0.0,64,60416,卖盘
2106,13:59:51,9.44,0.0,39,36807,买盘
2107,13:59:54,9.43,-0.01,33,31123,卖盘
2108,14:00:00,9.43,0.0,1,943,卖盘
2109,14:00:03,9.43,0.0,10,9430,卖盘
2110,14:00:09,9.43,0.0,18,16974,卖盘
2111,14:00:18,9.43,0.0,4,3772,卖盘
2112,14:00:24,9.44,0.01,51,48144,卖盘
2113,14:00:33,9.44,0.0,50,47200,卖盘
2114,14:00:36,9.43,-0.01,38,35866,卖盘
2115,14:00:42,9.43,0.0,32,30176,卖盘
2116,14:00:48,9.43,0.0,9,8487,卖盘
2117,14:00:51,9.44,0.01,14,13216,买盘
2118,14:00:54,9.44,0.0,3,2832,卖盘
2119,14:00:58,9.44,0.0,8,7552,卖盘
2120,14:01:00,9.44,0.0,9,8496,卖盘
2121,14:01:04,9.44,0.0,10,9440,卖盘
2122,14:01:06,9.43,-0.01,102,96231,卖盘
2123,14:01:12,9.43,0.0,58,54754,卖盘
2124,14:01:15,9.43,0.0,7,6607,卖盘
2125,14:01:21,9.43,0.0,50,47150,卖盘
2126,14:01:30,9.45,0.02,97,91650,买盘
2127,14:01:33,9.45,0.0,6,5666,买盘
2128,14:01:36,9.44,-0.01,31,29264,卖盘
2129,14:01:39,9.45,0.01,15,14175,买盘
2130,14:01:42,9.45,0.0,3,2835,买盘
2131,14:01:45,9.44,-0.01,14,13216,卖盘
2132,14:01:51,9.45,0.01,46,43470,买盘
2133,14:01:54,9.45,0.0,49,46300,买盘
2134,14:01:57,9.45,0.0,150,141750,买盘
2135,14:02:04,9.45,0.0,29,27405,卖盘
2136,14:02:07,9.46,0.01,17,16082,买盘
2137,14:02:09,9.46,0.0,158,149468,买盘
2138,14:02:15,9.47,0.01,22,20834,买盘
2139,14:02:18,9.46,-0.01,69,65324,卖盘
2140,14:02:24,9.48,0.02,10,9480,买盘
2141,14:02:27,9.48,0.0,20,18960,卖盘
2142,14:02:30,9.49,0.01,1,949,买盘
2143,14:02:33,9.48,-0.01,9,8532,卖盘
2144,14:02:36,9.49,0.01,105,99645,买盘
2145,14:02:39,9.49,0.0,12,11388,买盘
2146,14:02:42,9.48,-0.01,3,2844,卖盘
2147,14:02:45,9.49,0.01,4,3796,买盘
2148,14:02:51,9.48,-0.01,66,62568,卖盘
2149,14:02:54,9.49,0.01,18,17082,买盘
2150,14:02:57,9.48,-0.01,17,16132,卖盘
2151,14:03:04,9.5,0.02,64,60781,买盘
2152,14:03:06,9.48,-0.02,30,28440,卖盘
2153,14:03:12,9.49,0.01,9,8541,卖盘
2154,14:03:15,9.48,-0.01,29,27492,卖盘
2155,14:03:18,9.49,0.01,9,8541,买盘
2156,14:03:21,9.49,0.0,72,68368,卖盘
2157,14:03:24,9.5,0.01,19,18049,买盘
2158,14:03:27,9.5,0.0,40,38000,买盘
2159,14:03:30,9.49,-0.01,54,51276,卖盘
2160,14:03:33,9.5,0.01,30,28500,买盘
2161,14:03:37,9.5,0.0,11,10450,买盘
2162,14:03:40,9.5,0.0,131,124432,买盘
2163,14:03:43,9.5,0.0,544,516553,买盘
2164,14:03:46,9.49,-0.01,129,122477,卖盘
2165,14:03:51,9.51,0.02,4,3804,买盘
2166,14:03:55,9.5,-0.01,38,36100,卖盘
2167,14:03:57,9.5,0.0,58,55134,卖盘
2168,14:04:00,9.5,0.0,62,58910,卖盘
2169,14:04:04,9.51,0.01,72,68446,买盘
2170,14:04:10,9.49,-0.02,58,55042,卖盘
2171,14:04:18,9.49,0.0,17,16133,卖盘
2172,14:04:21,9.51,0.02,30,28530,买盘
2173,14:04:24,9.51,0.0,11,10461,买盘
2174,14:04:27,9.5,-0.01,24,22799,中性盘
2175,14:04:30,9.5,0.0,13,12350,卖盘
2176,14:04:33,9.49,-0.01,24,22776,卖盘
2177,14:04:36,9.51,0.02,1,951,买盘
2178,14:04:43,9.49,-0.02,7,6643,卖盘
2179,14:04:52,9.49,0.0,2,1898,卖盘
2180,14:04:57,9.5,0.01,19,18050,中性盘
2181,14:05:00,9.5,0.0,15,14250,卖盘
2182,14:05:04,9.49,-0.01,81,76877,卖盘
2183,14:05:06,9.48,-0.01,10,9727,买盘
2184,14:05:10,9.48,0.0,3,2844,卖盘
2185,14:05:12,9.49,0.01,41,38909,买盘
2186,14:05:16,9.48,-0.01,28,26544,卖盘
2187,14:05:18,9.49,0.01,30,28470,买盘
2188,14:05:21,9.48,-0.01,30,28440,卖盘
2189,14:05:27,9.49,0.01,34,32266,买盘
2190,14:05:30,9.5,0.01,36,34176,买盘
2191,14:05:36,9.49,-0.01,1,949,买盘
2192,14:05:39,9.49,0.0,27,25623,卖盘
2193,14:05:45,9.49,0.0,8,7592,卖盘
2194,14:05:51,9.49,0.0,1,949,卖盘
2195,14:05:54,9.49,0.0,38,36062,卖盘
2196,14:05:57,9.49,0.0,38,36062,买盘
2197,14:06:00,9.49,0.0,1,949,卖盘
2198,14:06:04,9.5,0.01,25,23736,买盘
2199,14:06:09,9.48,-0.02,19,18024,卖盘
2200,14:06:18,9.49,0.01,6,5694,卖盘
2201,14:06:24,9.49,0.0,17,16133,卖盘
2202,14:06:27,9.5,0.01,20,18999,买盘
2203,14:06:30,9.5,0.0,17,16150,买盘
2204,14:06:33,9.49,-0.01,18,17082,卖盘
2205,14:06:36,9.5,0.01,5,4750,买盘
2206,14:06:39,9.5,0.0,11,10450,买盘
2207,14:06:42,9.49,-0.01,7,6643,卖盘
2208,14:06:51,9.49,0.0,6,5694,卖盘
2209,14:06:54,9.5,0.01,65,61750,买盘
2210,14:06:57,9.5,0.0,7,6650,卖盘
2211,14:07:00,9.5,0.0,44,41834,卖盘
2212,14:07:06,9.49,-0.01,21,19942,卖盘
2213,14:07:12,9.5,0.01,3,2850,卖盘
2214,14:07:16,9.49,-0.01,21,19936,卖盘
2215,14:07:18,9.51,0.02,1,951,买盘
2216,14:07:21,9.49,-0.02,7,6643,卖盘
2217,14:07:30,9.51,0.02,36,34211,买盘
2218,14:07:33,9.5,-0.01,2,1900,卖盘
2219,14:07:39,9.5,0.0,11,10450,卖盘
2220,14:07:45,9.5,0.0,4,3800,卖盘
2221,14:07:48,9.5,0.0,1,950,卖盘
2222,14:07:54,9.5,0.0,1,950,卖盘
2223,14:08:00,9.51,0.01,18,17118,买盘
2224,14:08:04,9.5,-0.01,17,16166,卖盘
2225,14:08:06,9.5,0.0,10,9500,卖盘
2226,14:08:13,9.5,0.0,13,12350,卖盘
2227,14:08:16,9.5,0.0,18,17100,卖盘
2228,14:08:19,9.5,0.0,13,12350,卖盘
2229,14:08:21,9.51,0.01,36,34216,买盘
2230,14:08:24,9.5,-0.01,13,12350,卖盘
2231,14:08:27,9.5,0.0,59,56050,卖盘
2232,14:08:30,9.5,0.0,10,9500,买盘
2233,14:08:33,9.5,0.0,28,26602,卖盘
2234,14:08:36,9.48,-0.02,36,34140,卖盘
2235,14:08:42,9.48,0.0,9,8532,卖盘
2236,14:08:45,9.51,0.03,49,46584,买盘
2237,14:08:51,9.48,-0.03,27,25596,卖盘
2238,14:09:00,9.48,0.0,8,7584,卖盘
2239,14:09:06,9.49,0.01,2,1898,卖盘
2240,14:09:15,9.49,0.0,1,949,卖盘
2241,14:09:24,9.5,0.01,30,28500,买盘
2242,14:09:27,9.5,0.0,30,28500,买盘
2243,14:09:30,9.5,0.0,67,63631,买盘
2244,14:09:33,9.5,0.0,16,15200,买盘
2245,14:09:39,9.49,-0.01,69,65481,卖盘
2246,14:09:42,9.48,-0.01,9,8532,卖盘
2247,14:09:48,9.48,0.0,23,21804,卖盘
2248,14:09:51,9.5,0.02,49,46539,买盘
2249,14:09:54,9.49,-0.01,8,7592,卖盘
2250,14:10:04,9.5,0.01,33,31348,买盘
2251,14:10:09,9.5,0.0,21,19950,卖盘
2252,14:10:12,9.5,0.0,151,143441,买盘
2253,14:10:18,9.5,0.0,51,48450,卖盘
2254,14:10:24,9.5,0.0,110,104500,卖盘
2255,14:10:27,9.48,-0.02,184,174793,卖盘
2256,14:10:30,9.51,0.03,10,9508,买盘
2257,14:10:37,9.48,-0.03,91,86304,卖盘
2258,14:10:39,9.51,0.03,2,1902,买盘
2259,14:10:42,9.49,-0.02,27,25623,卖盘
2260,14:10:51,9.49,0.0,10,9490,卖盘
2261,14:10:57,9.5,0.01,30,28500,买盘
2262,14:11:00,9.49,-0.01,2,1898,卖盘
2263,14:11:03,9.5,0.01,34,32300,买盘
2264,14:11:06,9.49,-0.01,9,8541,卖盘
2265,14:11:09,9.5,0.01,142,134900,买盘
2266,14:11:16,9.5,0.0,56,53200,卖盘
2267,14:11:24,9.49,-0.01,17,16133,卖盘
2268,14:11:30,9.49,0.0,5,4745,卖盘
2269,14:11:36,9.5,0.01,35,33250,卖盘
2270,14:11:40,9.49,-0.01,2,1898,卖盘
2271,14:11:42,9.5,0.01,30,28500,买盘
2272,14:11:45,9.5,0.0,30,28500,买盘
2273,14:11:48,9.49,-0.01,19,18031,卖盘
2274,14:11:51,9.5,0.01,30,28500,买盘
2275,14:11:54,9.49,-0.01,15,14235,卖盘
2276,14:11:57,9.49,0.0,36,34194,卖盘
2277,14:12:00,9.5,0.01,4,3800,买盘
2278,14:12:04,9.5,0.0,43,40825,买盘
2279,14:12:06,9.5,0.0,16,15200,买盘
2280,14:12:12,9.49,-0.01,18,17082,卖盘
2281,14:12:18,9.49,0.0,36,34194,卖盘
2282,14:12:24,9.5,0.01,30,28500,买盘
2283,14:12:27,9.49,-0.01,10,9490,卖盘
2284,14:12:33,9.5,0.01,19,18050,买盘
2285,14:12:36,9.5,0.0,60,56987,买盘
2286,14:12:42,9.49,-0.01,25,23726,卖盘
2287,14:12:45,9.5,0.01,51,48450,买盘
2288,14:12:48,9.5,0.0,13,12349,买盘
2289,14:12:51,9.5,0.0,7,6650,卖盘
2290,14:12:54,9.5,0.0,10,9500,卖盘
2291,14:12:57,9.5,0.0,15,14250,卖盘
2292,14:13:00,9.49,-0.01,19,18035,卖盘
2293,14:13:06,9.49,0.0,50,47484,卖盘
2294,14:13:12,9.5,0.01,142,134900,买盘
2295,14:13:15,9.5,0.0,15,14250,卖盘
2296,14:13:24,9.5,0.0,46,43700,卖盘
2297,14:13:27,9.5,0.0,109,103550,卖盘
2298,14:13:30,9.5,0.0,102,96900,卖盘
2299,14:13:33,9.5,0.0,25,23750,卖盘
2300,14:13:36,9.51,0.01,72,68434,买盘
2301,14:13:39,9.48,-0.03,64,60709,卖盘
2302,14:13:48,9.48,0.0,49,46452,卖盘
2303,14:13:54,9.48,0.0,17,16116,卖盘
2304,14:14:00,9.5,0.02,53,50347,买盘
2305,14:14:04,9.5,0.0,41,38950,卖盘
2306,14:14:06,9.51,0.01,36,34234,买盘
2307,14:14:12,9.5,-0.01,39,37050,卖盘
2308,14:14:18,9.51,0.01,1,951,买盘
2309,14:14:21,9.5,-0.01,11,10450,卖盘
2310,14:14:30,9.5,0.0,4,3800,卖盘
2311,14:14:36,9.51,0.01,37,35186,买盘
2312,14:14:39,9.5,-0.01,1,950,卖盘
2313,14:14:42,9.5,0.0,10,9500,卖盘
2314,14:14:45,9.5,0.0,11,10450,卖盘
2315,14:14:51,9.5,0.0,36,34200,卖盘
2316,14:14:55,9.5,0.0,10,9500,卖盘
2317,14:15:01,9.5,0.0,10,9500,卖盘
2318,14:15:09,9.5,0.0,41,38984,卖盘
2319,14:15:12,9.5,0.0,50,47500,卖盘
2320,14:15:24,9.5,0.0,37,35150,卖盘
2321,14:15:27,9.5,0.0,20,19000,卖盘
2322,14:15:33,9.5,0.0,28,26600,卖盘
2323,14:15:40,9.49,-0.01,43,40878,卖盘
2324,14:15:48,9.49,0.0,12,11388,卖盘
2325,14:15:57,9.5,0.01,21,19946,买盘
2326,14:16:04,9.49,-0.01,6,5694,卖盘
2327,14:16:09,9.5,0.01,34,32300,买盘
2328,14:16:12,9.49,-0.01,3,2847,卖盘
2329,14:16:22,9.49,0.0,10,9490,卖盘
2330,14:16:27,9.49,0.0,6,5697,卖盘
2331,14:16:30,9.5,0.01,1,950,买盘
2332,14:16:34,9.5,0.0,7,6649,买盘
2333,14:16:37,9.49,-0.01,57,54145,卖盘
2334,14:16:39,9.5,0.01,112,106400,买盘
2335,14:16:46,9.51,0.01,51,48423,买盘
2336,14:16:51,9.49,-0.02,15,14235,卖盘
2337,14:16:57,9.5,0.01,9,8550,买盘
2338,14:17:00,9.5,0.0,8,7600,卖盘
2339,14:17:09,9.51,0.01,36,34234,买盘
2340,14:17:16,9.5,-0.01,79,75118,卖盘
2341,14:17:24,9.5,0.0,23,21850,卖盘
2342,14:17:28,9.5,0.0,1,950,卖盘
2343,14:17:33,9.5,0.0,7,6650,卖盘
2344,14:17:39,9.5,0.0,37,35184,卖盘
2345,14:17:42,9.51,0.01,7,6657,买盘
2346,14:17:48,9.5,-0.01,11,10450,卖盘
2347,14:17:58,9.51,0.01,11,10455,买盘
2348,14:18:00,9.51,0.0,78,74178,买盘
2349,14:18:03,9.5,-0.01,3,2850,卖盘
2350,14:18:09,9.51,0.01,34,32334,买盘
2351,14:18:12,9.51,0.0,24,22824,卖盘
2352,14:18:21,9.51,0.0,17,16167,卖盘
2353,14:18:30,9.51,0.0,6,5706,卖盘
2354,14:18:39,9.52,0.01,34,32368,买盘
2355,14:18:42,9.54,0.02,55,52461,买盘
2356,14:18:45,9.52,-0.02,11,10472,卖盘
2357,14:18:52,9.51,-0.01,21,19985,卖盘
2358,14:19:00,9.52,0.01,5,4760,卖盘
2359,14:19:06,9.54,0.02,1,954,买盘
2360,14:19:09,9.52,-0.02,3,2856,卖盘
2361,14:19:12,9.54,0.02,47,44838,买盘
2362,14:19:15,9.53,-0.01,4,3815,卖盘
2363,14:19:24,9.53,0.0,15,14295,卖盘
2364,14:19:33,9.53,0.0,4,3812,卖盘
2365,14:19:36,9.54,0.01,3,2862,买盘
2366,14:19:39,9.53,-0.01,3,2859,卖盘
2367,14:19:42,9.54,0.01,129,123543,买盘
2368,14:19:48,9.54,0.0,2,1908,卖盘
2369,14:19:51,9.55,0.01,9,8595,买盘
2370,14:19:54,9.55,0.0,51,48705,买盘
2371,14:19:57,9.54,-0.01,43,41022,卖盘
2372,14:20:01,9.55,0.01,57,54435,买盘
2373,14:20:04,9.54,-0.01,37,35308,卖盘
2374,14:20:12,9.54,0.0,193,183679,卖盘
2375,14:20:21,9.51,-0.03,59,56161,卖盘
2376,14:20:27,9.53,0.02,10,9530,买盘
2377,14:20:30,9.52,-0.01,17,16184,卖盘
2378,14:20:36,9.52,0.0,3,2856,卖盘
2379,14:20:39,9.53,0.01,10,9530,买盘
2380,14:20:42,9.53,0.0,24,22872,买盘
2381,14:20:46,9.53,0.0,8,7624,卖盘
2382,14:20:49,9.53,0.0,4,3812,卖盘
2383,14:20:51,9.52,-0.01,15,14282,卖盘
2384,14:20:54,9.52,0.0,224,213346,卖盘
2385,14:21:01,9.52,0.0,7,6666,卖盘
2386,14:21:06,9.53,0.01,4,3812,卖盘
2387,14:21:09,9.51,-0.02,80,76166,卖盘
2388,14:21:18,9.53,0.02,31,29517,买盘
2389,14:21:21,9.52,-0.01,1,952,卖盘
2390,14:21:24,9.52,0.0,7,6664,卖盘
2391,14:21:27,9.51,-0.01,8,7608,卖盘
2392,14:21:33,9.51,0.0,35,33315,卖盘
2393,14:21:42,9.52,0.01,20,19029,买盘
2394,14:21:45,9.52,0.0,1,952,卖盘
2395,14:21:48,9.52,0.0,96,91392,卖盘
2396,14:21:51,9.52,0.0,5,4760,卖盘
2397,14:21:54,9.52,0.0,4,3808,卖盘
2398,14:21:57,9.51,-0.01,32,30432,卖盘
2399,14:22:00,9.51,0.0,1,951,卖盘
2400,14:22:04,9.52,0.01,24,23323,买盘
2401,14:22:06,9.51,-0.01,10,9516,卖盘
2402,14:22:12,9.51,0.0,2,1902,卖盘
2403,14:22:16,9.51,0.0,9,8559,卖盘
2404,14:22:18,9.52,0.01,1,952,卖盘
2405,14:22:22,9.52,0.0,18,17136,卖盘
2406,14:22:24,9.52,0.0,15,14280,卖盘
2407,14:22:30,9.52,0.0,41,39021,买盘
2408,14:22:36,9.51,-0.01,12,11412,卖盘
2409,14:22:39,9.51,0.0,3,2853,卖盘
2410,14:22:42,9.51,0.0,4,3804,卖盘
2411,14:22:45,9.52,0.01,59,56145,买盘
2412,14:22:54,9.52,0.0,49,46630,买盘
2413,14:23:00,9.51,-0.01,14,13314,卖盘
2414,14:23:09,9.51,0.0,5,4755,卖盘
2415,14:23:15,9.52,0.01,18,17136,买盘
2416,14:23:18,9.51,-0.01,17,16183,卖盘
2417,14:23:24,9.51,0.0,10,9510,卖盘
2418,14:23:34,9.51,0.0,4,3804,卖盘
2419,14:23:42,9.51,0.0,1,951,卖盘
2420,14:23:45,9.52,0.01,22,20944,买盘
2421,14:23:48,9.52,0.0,16,15232,买盘
2422,14:23:58,9.51,-0.01,11,10461,卖盘
2423,14:24:00,9.52,0.01,15,14280,买盘
2424,14:24:04,9.52,0.0,2,1904,买盘
2425,14:24:06,9.51,-0.01,8,7608,卖盘
2426,14:24:12,9.51,0.0,4,3804,卖盘
2427,14:24:15,9.52,0.01,18,17136,买盘
2428,14:24:18,9.52,0.0,16,15232,买盘
2429,14:24:21,9.51,-0.01,11,10471,卖盘
2430,14:24:31,9.51,0.0,13,12363,卖盘
2431,14:24:36,9.51,0.0,331,315108,卖盘
2432,14:24:42,9.52,0.01,7,6664,卖盘
2433,14:24:45,9.53,0.01,126,119871,买盘
2434,14:24:48,9.53,0.0,17,16201,买盘
2435,14:24:51,9.53,0.0,4,3812,买盘
2436,14:24:54,9.51,-0.02,46,43746,卖盘
2437,14:24:57,9.53,0.02,49,46697,买盘
2438,14:25:00,9.52,-0.01,14,13328,卖盘
2439,14:25:06,9.53,0.01,3,2859,买盘
2440,14:25:09,9.52,-0.01,19,18088,卖盘
2441,14:25:15,9.53,0.01,3,2859,买盘
2442,14:25:18,9.53,0.0,165,157244,买盘
2443,14:25:24,9.53,0.0,85,80998,买盘
2444,14:25:27,9.53,0.0,49,46697,卖盘
2445,14:25:33,9.53,0.0,41,39073,卖盘
2446,14:25:39,9.54,0.01,77,72981,买盘
2447,14:25:42,9.54,0.0,11,10494,卖盘
2448,14:25:45,9.55,0.01,59,56345,买盘
2449,14:25:49,9.54,-0.01,58,55366,卖盘
2450,14:25:52,9.55,0.01,55,52525,买盘
2451,14:25:54,9.55,0.0,276,263580,买盘
2452,14:25:57,9.55,0.0,69,65909,卖盘
2453,14:26:04,9.56,0.01,59,56404,买盘
2454,14:26:06,9.54,-0.02,103,98326,卖盘
2455,14:26:12,9.55,0.01,17,16237,卖盘
2456,14:26:18,9.57,0.02,52,49764,买盘
2457,14:26:21,9.55,-0.02,37,35369,卖盘
2458,14:26:27,9.57,0.02,4,3828,买盘
2459,14:26:30,9.57,0.0,98,94285,卖盘
2460,14:26:33,9.57,0.0,9,8613,卖盘
2461,14:26:36,9.55,-0.02,40,38259,卖盘
2462,14:26:46,9.55,0.0,16,15282,卖盘
2463,14:26:55,9.56,0.01,4,3824,卖盘
2464,14:26:57,9.57,0.01,41,39237,买盘
2465,14:27:00,9.56,-0.01,1,956,卖盘
2466,14:27:09,9.57,0.01,29,27739,买盘
2467,14:27:16,9.58,0.01,70,67060,买盘
2468,14:27:19,9.57,-0.01,8,7656,卖盘
2469,14:27:22,9.58,0.01,34,32572,买盘
2470,14:27:25,9.58,0.0,30,28740,买盘
2471,14:27:27,9.56,-0.02,34,32521,卖盘
2472,14:27:30,9.58,0.02,3,2941,买盘
2473,14:27:34,9.58,0.0,46,44068,卖盘
2474,14:27:36,9.59,0.01,89,85343,买盘
2475,14:27:39,9.58,-0.01,19,18135,卖盘
2476,14:27:42,9.56,-0.02,14,13384,卖盘
2477,14:27:45,9.56,0.0,4,3824,卖盘
2478,14:27:51,9.58,0.02,36,34454,买盘
2479,14:27:54,9.58,0.0,189,180947,买盘
2480,14:27:57,9.55,-0.03,85,81208,卖盘
2481,14:28:01,9.57,0.02,1,957,买盘
2482,14:28:04,9.57,0.0,7,6699,卖盘
2483,14:28:06,9.55,-0.02,36,34237,卖盘
2484,14:28:10,9.58,0.03,31,29698,买盘
2485,14:28:15,9.55,-0.03,13,12425,卖盘
2486,14:28:21,9.55,0.0,109,104495,卖盘
2487,14:28:27,9.59,0.04,91,86973,买盘
2488,14:28:30,9.55,-0.04,56,53572,卖盘
2489,14:28:33,9.6,0.05,673,646080,买盘
2490,14:28:37,9.6,0.0,8,7680,卖盘
2491,14:28:40,9.61,0.01,99,95089,买盘
2492,14:28:42,9.61,0.0,50,48004,卖盘
2493,14:28:46,9.6,-0.01,126,120961,卖盘
2494,14:28:48,9.6,0.0,161,154700,卖盘
2495,14:28:51,9.6,0.0,17,16320,卖盘
2496,14:28:54,9.6,0.0,160,153603,卖盘
2497,14:28:57,9.63,0.03,82,78742,买盘
2498,14:29:00,9.63,0.0,88,84657,卖盘
2499,14:29:04,9.6,-0.03,127,121920,卖盘
2500,14:29:06,9.63,0.03,41,39418,买盘
2501,14:29:09,9.57,-0.06,64,61241,卖盘
2502,14:29:12,9.62,0.05,62,59451,买盘
2503,14:29:18,9.59,-0.03,4,3836,中性盘
2504,14:29:21,9.59,0.0,29,27773,卖盘
2505,14:29:24,9.59,0.0,1,959,卖盘
2506,14:29:27,9.6,0.01,31,29678,买盘
2507,14:29:33,9.59,-0.01,3,2877,卖盘
2508,14:29:36,9.59,0.0,11,10549,卖盘
2509,14:29:39,9.59,0.0,1,959,卖盘
2510,14:29:42,9.59,0.0,2,1918,卖盘
2511,14:29:45,9.59,0.0,1,959,卖盘
2512,14:29:48,9.59,0.0,1,959,卖盘
2513,14:29:51,9.59,0.0,5,4795,卖盘
2514,14:29:54,9.59,0.0,3,2877,卖盘
2515,14:29:57,9.59,0.0,3,2877,卖盘
2516,14:30:00,9.59,0.0,29,27814,卖盘
2517,14:30:07,9.57,-0.02,2,1914,卖盘
2518,14:30:15,9.57,0.0,9,8613,卖盘
2519,14:30:21,9.58,0.01,3,2874,卖盘
2520,14:30:24,9.6,0.02,208,199558,买盘
2521,14:30:31,9.56,-0.04,64,61240,卖盘
2522,14:30:39,9.56,0.0,18,17216,卖盘
2523,14:30:42,9.63,0.07,100,96153,买盘
2524,14:30:54,9.56,-0.07,51,48827,卖盘
2525,14:30:57,9.6,0.04,8,7676,买盘
2526,14:31:00,9.59,-0.01,2,1918,卖盘
2527,14:31:03,9.56,-0.03,15,14350,卖盘
2528,14:31:09,9.56,0.0,16,15335,卖盘
2529,14:31:18,9.56,0.0,5,4783,卖盘
2530,14:31:27,9.6,0.04,12,11503,买盘
2531,14:31:33,9.59,-0.01,3,2877,卖盘
2532,14:31:39,9.6,0.01,90,86400,买盘
2533,14:31:42,9.6,0.0,1,960,卖盘
2534,14:31:48,9.62,0.02,88,84571,买盘
2535,14:31:52,9.6,-0.02,28,26880,卖盘
2536,14:31:57,9.6,0.0,39,37448,卖盘
2537,14:32:06,9.6,0.0,11,10560,卖盘
2538,14:32:12,9.6,0.0,5,4800,卖盘
2539,14:32:15,9.61,0.01,4,3844,买盘
2540,14:32:21,9.6,-0.01,6,5760,卖盘
2541,14:32:30,9.6,0.0,2,1920,卖盘
2542,14:32:39,9.6,0.0,1,960,卖盘
2543,14:33:06,9.6,0.0,11,10560,卖盘
2544,14:33:15,9.6,0.0,4,3840,卖盘
2545,14:33:18,9.6,0.0,4,3840,卖盘
2546,14:33:21,9.6,0.0,300,288000,卖盘
2547,14:33:24,9.6,0.0,19,18240,卖盘
2548,14:33:27,9.58,-0.02,98,93891,卖盘
2549,14:33:30,9.58,0.0,23,22034,买盘
2550,14:33:37,9.57,-0.01,35,33502,卖盘
2551,14:33:39,9.6,0.03,21,20160,买盘
2552,14:33:43,9.6,0.0,26,24960,卖盘
2553,14:33:51,9.6,0.0,8,7680,卖盘
2554,14:33:54,9.6,0.0,59,56690,卖盘
2555,14:34:00,9.6,0.0,2,1920,卖盘
2556,14:34:06,9.6,0.0,101,97050,卖盘
2557,14:34:15,9.6,0.0,32,30720,卖盘
2558,14:34:21,9.62,0.02,100,96200,买盘
2559,14:34:24,9.62,0.0,14,13450,买盘
2560,14:34:27,9.63,0.01,138,132788,买盘
2561,14:34:30,9.6,-0.03,34,32645,卖盘
2562,14:34:39,9.6,0.0,51,48960,卖盘
2563,14:34:48,9.6,0.0,16,15360,卖盘
2564,14:34:54,9.6,0.0,5,4800,卖盘
2565,14:35:03,9.6,0.0,1,960,卖盘
2566,14:35:12,9.6,0.0,1,960,卖盘
2567,14:35:24,9.61,0.01,1,961,卖盘
2568,14:35:27,9.61,0.0,1,961,卖盘
2569,14:35:30,9.61,0.0,19,18259,卖盘
2570,14:35:36,9.6,-0.01,1,960,卖盘
2571,14:35:42,9.6,0.0,6,5760,卖盘
2572,14:35:48,9.6,0.0,7,6720,卖盘
2573,14:35:51,9.6,0.0,3,2880,卖盘
2574,14:35:57,9.6,0.0,1,960,卖盘
2575,14:36:00,9.6,0.0,1,960,卖盘
2576,14:36:06,9.6,0.0,1,960,卖盘
2577,14:36:15,9.6,0.0,1,960,卖盘
2578,14:36:18,9.6,0.0,5,4800,卖盘
2579,14:36:21,9.61,0.01,11,10570,买盘
2580,14:36:24,9.6,-0.01,2,1920,卖盘
2581,14:36:30,9.6,0.0,35,33630,卖盘
2582,14:36:33,9.61,0.01,7,6727,买盘
2583,14:36:37,9.6,-0.01,69,66266,卖盘
2584,14:36:40,9.6,0.0,10,9600,卖盘
2585,14:36:48,9.62,0.02,61,58630,买盘
2586,14:36:51,9.6,-0.02,24,23040,卖盘
2587,14:36:54,9.6,0.0,20,19201,卖盘
2588,14:36:57,9.6,0.0,11,10560,卖盘
2589,14:37:00,9.6,0.0,7,6720,卖盘
2590,14:37:03,9.6,0.0,68,65280,卖盘
2591,14:37:06,9.6,0.0,33,31680,卖盘
2592,14:37:09,9.6,0.0,15,14400,卖盘
2593,14:37:12,9.6,0.0,47,45120,卖盘
2594,14:37:15,9.6,0.0,2,1920,卖盘
2595,14:37:18,9.6,0.0,39,37440,卖盘
2596,14:37:21,9.6,0.0,5,4800,卖盘
2597,14:37:24,9.6,0.0,25,24000,卖盘
2598,14:37:27,9.58,-0.02,12,11496,卖盘
2599,14:37:36,9.58,0.0,9,8622,卖盘
2600,14:37:42,9.58,0.0,7,6706,卖盘
2601,14:37:45,9.6,0.02,2,1920,买盘
2602,14:37:51,9.57,-0.03,46,44047,卖盘
2603,14:37:54,9.58,0.01,5,4790,买盘
2604,14:37:57,9.58,0.0,47,45026,买盘
2605,14:38:00,9.58,0.0,19,18207,卖盘
2606,14:38:06,9.57,-0.01,23,22012,卖盘
2607,14:38:12,9.58,0.01,46,44068,买盘
2608,14:38:15,9.58,0.0,8,7664,卖盘
2609,14:38:24,9.58,0.0,47,45026,卖盘
2610,14:38:27,9.57,-0.01,2,1914,卖盘
2611,14:38:31,9.57,0.0,45,43065,卖盘
2612,14:38:40,9.57,0.0,14,13398,卖盘
2613,14:38:48,9.57,0.0,4,3828,卖盘
2614,14:38:54,9.57,0.0,1,957,卖盘
2615,14:39:00,9.57,0.0,2,1914,卖盘
2616,14:39:03,9.57,0.0,2,1914,卖盘
2617,14:39:06,9.57,0.0,5,4785,卖盘
2618,14:39:09,9.57,0.0,6,5742,卖盘
2619,14:39:13,9.57,0.0,9,8613,卖盘
2620,14:39:16,9.57,0.0,5,4785,卖盘
2621,14:39:18,9.57,0.0,5,4785,卖盘
2622,14:39:22,9.57,0.0,11,10527,卖盘
2623,14:39:24,9.57,0.0,3,2871,卖盘
2624,14:39:27,9.57,0.0,9,8613,卖盘
2625,14:39:30,9.57,0.0,5,4785,卖盘
2626,14:39:33,9.57,0.0,10,9570,卖盘
2627,14:39:36,9.57,0.0,20,19140,卖盘
2628,14:39:39,9.57,0.0,17,16269,卖盘
2629,14:39:42,9.57,0.0,9,8613,卖盘
2630,14:39:45,9.57,0.0,22,21054,卖盘
2631,14:39:48,9.57,0.0,30,28710,卖盘
2632,14:39:51,9.56,-0.01,10,9569,卖盘
2633,14:39:58,9.57,0.01,4,3828,买盘
2634,14:40:00,9.56,-0.01,13,12428,卖盘
2635,14:40:04,9.57,0.01,7,6699,买盘
2636,14:40:09,9.56,-0.01,4,3824,卖盘
2637,14:40:15,9.56,0.0,4,3824,卖盘
2638,14:40:18,9.57,0.01,2,1914,买盘
2639,14:40:21,9.57,0.0,1,957,卖盘
2640,14:40:24,9.56,-0.01,2,1912,卖盘
2641,14:40:30,9.57,0.01,4,3828,买盘
2642,14:40:36,9.56,-0.01,440,420363,卖盘
2643,14:40:39,9.54,-0.02,123,117393,卖盘
2644,14:40:45,9.54,0.0,2,1908,卖盘
2645,14:40:48,9.53,-0.01,39,37206,卖盘
2646,14:40:57,9.53,0.0,12,11436,卖盘
2647,14:41:04,9.53,0.0,4,3812,卖盘
2648,14:41:06,9.54,0.01,13,12392,中性盘
2649,14:41:13,9.54,0.0,15,14310,中性盘
2650,14:41:21,9.54,0.0,5,4770,卖盘
2651,14:41:37,9.54,0.0,1,954,卖盘
2652,14:41:48,9.55,0.01,10,9550,买盘
2653,14:41:51,9.55,0.0,10,9550,买盘
2654,14:41:57,9.55,0.0,32,30560,买盘
2655,14:42:01,9.54,-0.01,8,7632,卖盘
2656,14:42:09,9.54,0.0,11,10494,卖盘
2657,14:42:21,9.55,0.01,31,29605,买盘
2658,14:42:24,9.55,0.0,3,2865,卖盘
2659,14:42:33,9.55,0.0,12,11454,卖盘
2660,14:42:39,9.54,-0.01,3,2862,卖盘
2661,14:42:48,9.54,0.0,1,954,卖盘
2662,14:42:57,9.55,0.01,20,19100,买盘
2663,14:43:04,9.54,-0.01,7,6678,卖盘
2664,14:43:09,9.55,0.01,76,72580,买盘
2665,14:43:12,9.54,-0.01,2,1908,卖盘
2666,14:43:18,9.55,0.01,2,1910,买盘
2667,14:43:21,9.54,-0.01,23,21942,卖盘
2668,14:43:24,9.55,0.01,1,955,买盘
2669,14:43:27,9.54,-0.01,8,7632,卖盘
2670,14:43:30,9.54,0.0,80,76320,卖盘
2671,14:43:36,9.53,-0.01,2,1906,卖盘
2672,14:43:42,9.54,0.01,10,9540,卖盘
2673,14:43:45,9.5,-0.04,1800,1710743,卖盘
2674,14:43:48,9.52,0.02,10,9520,买盘
2675,14:43:51,9.49,-0.03,185,175782,卖盘
2676,14:43:57,9.55,0.06,20,19083,买盘
2677,14:44:00,9.5,-0.05,68,64670,卖盘
2678,14:44:09,9.51,0.01,26,24748,卖盘
2679,14:44:16,9.51,0.0,8,7608,卖盘
2680,14:44:24,9.51,0.0,2,1902,卖盘
2681,14:44:27,9.53,0.02,5,4765,买盘
2682,14:44:33,9.51,-0.02,2,1902,卖盘
2683,14:44:39,9.51,0.0,2,1903,卖盘
2684,14:44:52,9.53,0.02,79,75287,买盘
2685,14:44:57,9.53,0.0,250,238011,买盘
2686,14:45:00,9.53,0.0,14,13342,买盘
2687,14:45:03,9.5,-0.03,103,97899,卖盘
2688,14:45:13,9.5,0.0,31,29450,卖盘
2689,14:45:21,9.5,0.0,9,8554,卖盘
2690,14:45:27,9.5,0.0,3,2850,卖盘
2691,14:45:30,9.54,0.04,1,954,买盘
2692,14:45:36,9.5,-0.04,1,950,卖盘
2693,14:45:45,9.51,0.01,3,2853,卖盘
2694,14:45:51,9.51,0.0,2,1902,卖盘
2695,14:45:57,9.53,0.02,5,4765,买盘
2696,14:46:09,9.51,-0.02,2,1902,卖盘
2697,14:46:12,9.53,0.02,1,953,买盘
2698,14:46:22,9.51,-0.02,8,7608,卖盘
2699,14:46:30,9.51,0.0,10,9510,卖盘
2700,14:46:34,9.51,0.0,3,2853,卖盘
2701,14:46:42,9.51,0.0,4,3804,卖盘
2702,14:46:48,9.51,0.0,1,951,卖盘
2703,14:46:58,9.53,0.02,16,15218,买盘
2704,14:47:00,9.51,-0.02,1,951,卖盘
2705,14:47:13,9.51,0.0,5,4755,卖盘
2706,14:47:15,9.51,0.0,1,951,卖盘
2707,14:47:18,9.51,0.0,10,9510,卖盘
2708,14:47:21,9.51,0.0,2,1902,卖盘
2709,14:47:24,9.51,0.0,34,32350,卖盘
2710,14:47:30,9.51,0.0,3,2853,卖盘
2711,14:47:36,9.51,0.0,12,11412,卖盘
2712,14:47:45,9.51,0.0,4,3804,卖盘
2713,14:47:54,9.51,0.0,1,951,卖盘
2714,14:48:04,9.53,0.02,10,9530,买盘
2715,14:48:10,9.53,0.0,4,3812,买盘
2716,14:48:18,9.51,-0.02,4,3804,卖盘
2717,14:48:24,9.51,0.0,2,1902,卖盘
2718,14:48:27,9.51,0.0,10,9510,卖盘
2719,14:48:33,9.53,0.02,5,4757,买盘
2720,14:48:36,9.53,0.0,1,953,买盘
2721,14:48:42,9.51,-0.02,1,951,卖盘
2722,14:48:49,9.51,0.0,13,12363,卖盘
2723,14:48:57,9.52,0.01,13,12376,买盘
2724,14:49:04,9.52,0.0,1,952,卖盘
2725,14:49:09,9.52,0.0,3,2856,卖盘
2726,14:49:12,9.52,0.0,56,53312,卖盘
2727,14:49:19,9.52,0.0,5,4760,卖盘
2728,14:49:22,9.52,0.0,10,9520,卖盘
2729,14:49:33,9.52,0.0,160,152320,买盘
2730,14:49:42,9.53,0.01,2,1906,买盘
2731,14:49:45,9.52,-0.01,1,952,卖盘
2732,14:49:48,9.53,0.01,1,953,买盘
2733,14:49:54,9.52,-0.01,15,14280,卖盘
2734,14:50:22,9.53,0.01,25,23825,买盘
2735,14:50:24,9.52,-0.01,8,7616,卖盘
2736,14:50:27,9.53,0.01,12,11436,买盘
2737,14:50:33,9.53,0.0,3,2859,买盘
2738,14:50:36,9.52,-0.01,8,7616,卖盘
2739,14:50:39,9.52,0.0,16,15232,卖盘
2740,14:50:42,9.52,0.0,22,20944,卖盘
2741,14:50:45,9.52,0.0,12,11424,卖盘
2742,14:50:48,9.52,0.0,36,34297,卖盘
2743,14:50:51,9.52,0.0,104,99108,卖盘
2744,14:51:00,9.53,0.01,46,43838,买盘
2745,14:51:04,9.52,-0.01,9,8568,卖盘
2746,14:51:06,9.52,0.0,9,8568,卖盘
2747,14:51:09,9.52,0.0,10,9520,卖盘
2748,14:51:12,9.53,0.01,23,21906,买盘
2749,14:51:15,9.52,-0.01,6,5712,卖盘
2750,14:51:18,9.52,0.0,14,13328,卖盘
2751,14:51:21,9.52,0.0,9,8568,卖盘
2752,14:51:24,9.53,0.01,39,37154,买盘
2753,14:51:28,9.52,-0.01,9,8568,卖盘
2754,14:51:30,9.52,0.0,8,7616,卖盘
2755,14:51:33,9.52,0.0,11,10472,卖盘
2756,14:51:36,9.52,0.0,15,14280,卖盘
2757,14:51:39,9.53,0.01,11,10479,买盘
2758,14:51:42,9.52,-0.01,8,7616,卖盘
2759,14:51:45,9.52,0.0,27,25704,卖盘
2760,14:51:51,9.52,0.0,1,952,卖盘
2761,14:51:54,9.52,0.0,1,952,卖盘
2762,14:51:57,9.52,0.0,1,952,买盘
2763,14:52:01,9.52,0.0,24,22848,卖盘
2764,14:52:06,9.52,0.0,24,22524,卖盘
2765,14:52:12,9.52,0.0,2,1904,买盘
2766,14:52:18,9.53,0.01,30,28566,买盘
2767,14:52:21,9.52,-0.01,6,5712,中性盘
2768,14:52:24,9.52,0.0,1,952,卖盘
2769,14:52:30,9.52,0.0,72,68544,卖盘
2770,14:52:33,9.52,0.0,26,24752,卖盘
2771,14:52:36,9.52,0.0,7,6664,卖盘
2772,14:52:39,9.52,0.0,6,5712,卖盘
2773,14:52:42,9.52,0.0,11,10472,卖盘
2774,14:52:45,9.52,0.0,8,7616,卖盘
2775,14:52:48,9.52,0.0,50,47600,卖盘
2776,14:52:51,9.52,0.0,1124,1067994,买盘
2777,14:52:54,9.49,-0.03,10,9490,卖盘
2778,14:52:57,9.49,0.0,219,208325,卖盘
2779,14:53:00,9.51,0.02,4,4080,卖盘
2780,14:53:04,9.5,-0.01,1,950,中性盘
2781,14:53:06,9.48,-0.02,6,5688,卖盘
2782,14:53:12,9.49,0.01,13,12337,买盘
2783,14:53:15,9.51,0.02,19,18069,买盘
2784,14:53:18,9.48,-0.03,20,18960,卖盘
2785,14:53:25,9.51,0.03,51,47767,卖盘
2786,14:53:27,9.51,0.0,3,2853,卖盘
2787,14:53:36,9.52,0.01,19,18078,卖盘
2788,14:53:39,9.52,0.0,7,6664,买盘
2789,14:53:42,9.49,-0.03,150,142408,卖盘
2790,14:53:45,9.51,0.02,10,9510,买盘
2791,14:53:54,9.5,-0.01,8,7602,卖盘
2792,14:53:57,9.51,0.01,2,1902,买盘
2793,14:54:06,9.5,-0.01,4,3800,卖盘
2794,14:54:18,9.51,0.01,2,1902,买盘
2795,14:54:27,9.51,0.0,48,45627,买盘
2796,14:54:30,9.51,0.0,4,3804,卖盘
2797,14:54:39,9.51,0.0,4,3804,卖盘
2798,14:54:43,9.51,0.0,11,10461,卖盘
2799,14:54:48,9.51,0.0,8,7608,卖盘
2800,14:54:51,9.5,-0.01,405,384812,卖盘
2801,14:54:54,9.5,0.0,5,4750,卖盘
2802,14:55:03,9.52,0.02,1,952,买盘
2803,14:55:10,9.5,-0.02,10,9500,卖盘
2804,14:55:24,9.5,0.0,40,38000,卖盘
2805,14:55:30,9.51,0.01,1,951,卖盘
2806,14:55:33,9.51,0.0,1,951,卖盘
2807,14:55:36,9.51,0.0,1,951,卖盘
2808,14:55:40,9.52,0.01,4,3807,买盘
2809,14:55:42,9.51,-0.01,7,6657,卖盘
2810,14:55:46,9.51,0.0,19,18069,买盘
2811,14:55:49,9.51,0.0,1,951,卖盘
2812,14:55:52,9.51,0.0,1,951,卖盘
2813,14:55:54,9.51,0.0,11,10461,卖盘
2814,14:55:57,9.51,0.0,1,951,卖盘
2815,14:56:00,9.51,0.0,1,951,卖盘
2816,14:56:04,9.51,0.0,72,68472,卖盘
2817,14:56:06,9.51,0.0,31,29481,卖盘
2818,14:56:18,9.51,0.0,37,35187,买盘
2819,14:56:21,9.51,0.0,5,4755,买盘
2820,14:56:36,9.51,0.0,25,23775,买盘
2821,14:56:40,9.51,0.0,2,1902,买盘
2822,14:56:42,9.5,-0.01,87,82650,卖盘
2823,14:56:45,9.5,0.0,3,2850,卖盘
2824,14:56:48,9.5,0.0,21,19950,卖盘
2825,14:56:52,9.5,0.0,26,24700,卖盘
2826,15:00:04,9.5,0.0,916,870200,卖盘
