,time,price,change,volume,amount,type
0,09:25:04,8.9,-0.04,514,457460,买盘
1,09:30:00,8.93,0.03,19,16940,买盘
2,09:30:04,8.92,-0.01,444,396307,卖盘
3,09:30:07,8.92,0.0,179,159638,买盘
4,09:30:10,8.92,0.0,195,173780,买盘
5,09:30:12,8.92,0.0,118,105256,买盘
6,09:30:15,8.91,-0.01,44,39240,卖盘
7,09:30:18,8.92,0.01,71,63332,买盘
8,09:30:22,8.93,0.01,23,20535,买盘
9,09:30:24,8.91,-0.02,27,24082,卖盘
10,09:30:27,8.92,0.01,69,61652,中性盘
11,09:30:30,8.93,0.01,1,893,中性盘
12,09:30:33,8.94,0.01,88,78620,买盘
13,09:30:36,8.93,-0.01,27,24126,卖盘
14,09:30:39,8.95,0.02,20,17896,买盘
15,09:30:43,8.94,-0.01,13,11632,中性盘
16,09:30:46,8.94,0.0,66,58974,买盘
17,09:30:48,8.95,0.01,38,34008,买盘
18,09:30:51,8.96,0.01,25,22400,买盘
19,09:30:54,8.95,-0.01,35,31340,卖盘
20,09:30:57,8.96,0.01,44,39407,买盘
21,09:31:00,8.96,0.0,53,47438,买盘
22,09:31:04,8.96,0.0,82,73440,买盘
23,09:31:06,8.95,-0.01,161,144187,卖盘
24,09:31:10,8.95,0.0,58,51931,卖盘
25,09:31:12,8.95,0.0,20,17894,买盘
26,09:31:16,8.95,0.0,58,51909,买盘
27,09:31:19,8.95,0.0,60,53700,买盘
28,09:31:21,8.95,0.0,20,17903,卖盘
29,09:31:24,8.94,-0.01,38,33999,卖盘
30,09:31:30,8.94,0.0,184,164355,买盘
31,09:31:34,8.93,-0.01,3,2679,买盘
32,09:31:37,8.93,0.0,125,111625,买盘
33,09:31:40,8.94,0.01,66,58914,买盘
34,09:31:42,8.94,0.0,57,50940,买盘
35,09:31:46,8.94,0.0,61,54534,卖盘
36,09:31:48,8.95,0.01,206,184276,买盘
37,09:31:51,8.94,-0.01,3,2682,中性盘
38,09:31:54,8.94,0.0,24,21456,买盘
39,09:32:01,8.95,0.01,52,46539,买盘
40,09:32:04,8.95,0.0,192,171740,买盘
41,09:32:07,8.95,0.0,140,125315,买盘
42,09:32:09,8.94,-0.01,320,286310,卖盘
43,09:32:12,8.94,0.0,139,124266,买盘
44,09:32:15,8.94,0.0,101,90291,买盘
45,09:32:18,8.94,0.0,172,153747,买盘
46,09:32:21,8.94,0.0,66,59004,卖盘
47,09:32:24,8.95,0.01,6,5370,买盘
48,09:32:27,8.95,0.0,14,12530,买盘
49,09:32:30,8.95,0.0,193,172715,买盘
50,09:32:33,8.95,0.0,475,425102,买盘
51,09:32:36,8.96,0.01,268,240128,买盘
52,09:32:39,8.97,0.01,118,105846,买盘
53,09:32:42,8.97,0.0,57,51119,买盘
54,09:32:45,8.96,-0.01,41,36741,卖盘
55,09:32:48,8.97,0.01,220,197340,买盘
56,09:32:51,8.97,0.0,37,33189,买盘
57,09:32:54,8.98,0.01,214,192172,买盘
58,09:32:58,8.98,0.0,98,88047,买盘
59,09:33:01,8.99,0.01,308,276944,买盘
60,09:33:04,9.0,0.01,364,327056,买盘
61,09:33:06,9.02,0.02,58,52259,买盘
62,09:33:09,9.02,0.0,30,27060,买盘
63,09:33:13,9.02,0.0,117,105626,买盘
64,09:33:16,9.02,0.0,75,67615,买盘
65,09:33:18,9.03,0.01,220,198638,买盘
66,09:33:21,9.04,0.01,151,136460,买盘
67,09:33:25,9.03,-0.01,108,97530,卖盘
68,09:33:28,9.03,0.0,211,190583,卖盘
69,09:33:30,9.02,-0.01,165,148806,卖盘
70,09:33:33,9.0,-0.02,58,52233,卖盘
71,09:33:36,9.0,0.0,658,593205,卖盘
72,09:33:39,9.02,0.02,30,27059,买盘
73,09:33:42,9.0,-0.02,227,204579,卖盘
74,09:33:46,9.0,0.0,46,41400,买盘
75,09:33:48,8.98,-0.02,261,234493,卖盘
76,09:33:51,8.98,0.0,59,52982,买盘
77,09:33:54,9.01,0.03,27,24310,买盘
78,09:33:57,9.0,-0.01,74,66657,卖盘
79,09:34:00,9.02,0.02,60,54120,买盘
80,09:34:04,9.01,-0.01,51,45953,中性盘
81,09:34:06,9.02,0.01,221,199130,买盘
82,09:34:09,9.01,-0.01,43,38742,买盘
83,09:34:12,9.0,-0.01,17,15300,卖盘
84,09:34:16,9.01,0.01,83,74747,买盘
85,09:34:19,9.01,0.0,38,34248,卖盘
86,09:34:21,9.01,0.0,146,131687,卖盘
87,09:34:25,9.01,0.0,19,17128,卖盘
88,09:34:27,9.01,0.0,11,9911,卖盘
89,09:34:30,9.02,0.01,136,122663,买盘
90,09:34:34,9.03,0.01,21,18948,买盘
91,09:34:36,9.02,-0.01,368,332255,中性盘
92,09:34:40,9.02,0.0,106,95542,买盘
93,09:34:43,9.02,0.0,60,54120,买盘
94,09:34:45,9.02,0.0,5,4510,买盘
95,09:34:48,9.02,0.0,96,86498,买盘
96,09:34:51,9.02,0.0,86,77572,买盘
97,09:34:54,9.02,0.0,67,60408,买盘
98,09:35:00,9.03,0.01,240,216422,买盘
99,09:35:04,9.02,-0.01,42,37918,中性盘
100,09:35:06,9.03,0.01,45,40634,买盘
101,09:35:09,9.02,-0.01,129,116424,卖盘
102,09:35:12,9.02,0.0,53,47834,买盘
103,09:35:15,9.02,0.0,108,97459,买盘
104,09:35:19,9.02,0.0,84,75768,卖盘
105,09:35:21,9.02,0.0,98,88396,买盘
106,09:35:24,9.02,0.0,62,55924,买盘
107,09:35:27,9.02,0.0,207,186714,买盘
108,09:35:30,9.03,0.01,111,100217,买盘
109,09:35:33,9.03,0.0,42,37932,买盘
110,09:35:37,9.04,0.01,371,335384,买盘
111,09:35:40,9.05,0.01,396,358180,买盘
112,09:35:43,9.05,0.0,43,38915,买盘
113,09:35:46,9.04,-0.01,101,91305,卖盘
114,09:35:48,9.05,0.01,69,62441,买盘
115,09:35:51,9.05,0.0,21,19006,卖盘
116,09:35:54,9.05,0.0,123,111367,卖盘
117,09:35:58,9.05,0.0,87,78725,买盘
118,09:36:01,9.05,0.0,41,37105,买盘
119,09:36:04,9.05,0.0,90,81440,买盘
120,09:36:06,9.04,-0.01,239,216244,卖盘
121,09:36:09,9.04,0.0,283,256216,卖盘
122,09:36:12,9.06,0.02,61,55264,买盘
123,09:36:15,9.05,-0.01,95,86040,卖盘
124,09:36:18,9.06,0.01,94,85116,买盘
125,09:36:21,9.06,0.0,6,5435,卖盘
126,09:36:24,9.06,0.0,29,26274,买盘
127,09:36:27,9.06,0.0,134,121404,卖盘
128,09:36:30,9.06,0.0,59,53454,买盘
129,09:36:33,9.06,0.0,14,12682,买盘
130,09:36:36,9.06,0.0,113,102378,买盘
131,09:36:39,9.05,-0.01,195,176603,卖盘
132,09:36:42,9.05,0.0,206,186436,卖盘
133,09:36:49,9.05,0.0,42,38007,买盘
134,09:36:51,9.05,0.0,45,40725,买盘
135,09:36:54,9.05,0.0,83,75060,买盘
136,09:36:57,9.04,-0.01,361,326595,卖盘
137,09:37:00,9.05,0.01,89,80513,买盘
138,09:37:04,9.05,0.0,60,54294,买盘
139,09:37:06,9.04,-0.01,98,88657,卖盘
140,09:37:09,9.04,0.0,116,104893,卖盘
141,09:37:12,9.04,0.0,177,160096,买盘
142,09:37:15,9.04,0.0,19,17176,买盘
143,09:37:18,9.05,0.01,20,18100,买盘
144,09:37:21,9.05,0.0,5,4525,买盘
145,09:37:25,9.04,-0.01,91,82277,卖盘
146,09:37:27,9.04,0.0,85,76851,买盘
147,09:37:31,9.05,0.01,7,6335,买盘
148,09:37:33,9.05,0.0,46,41610,买盘
149,09:37:36,9.05,0.0,13,11755,买盘
150,09:37:39,9.04,-0.01,40,36194,卖盘
151,09:37:42,9.05,0.01,105,95025,买盘
152,09:37:45,9.04,-0.01,53,47932,卖盘
153,09:37:48,9.04,0.0,110,99453,卖盘
154,09:37:51,9.04,0.0,20,18080,买盘
155,09:37:54,9.04,0.0,9,8136,买盘
156,09:37:58,9.03,-0.01,70,63250,卖盘
157,09:38:03,9.04,0.01,18,16272,买盘
158,09:38:06,9.04,0.0,28,25312,买盘
159,09:38:09,9.04,0.0,26,23504,买盘
160,09:38:13,9.04,0.0,15,13560,买盘
161,09:38:15,9.03,-0.01,15,13550,卖盘
162,09:38:18,9.05,0.02,75,67763,买盘
163,09:38:21,9.04,-0.01,11,9944,卖盘
164,09:38:24,9.04,0.0,11,9944,买盘
165,09:38:27,9.04,0.0,39,35242,买盘
166,09:38:33,9.04,0.0,82,74128,买盘
167,09:38:36,9.04,0.0,34,30736,买盘
168,09:38:39,9.05,0.01,19,17182,买盘
169,09:38:43,9.04,-0.01,48,43392,卖盘
170,09:38:45,9.03,-0.01,114,103029,卖盘
171,09:38:48,9.05,0.02,10,9044,买盘
172,09:38:51,9.04,-0.01,1,904,中性盘
173,09:38:54,9.04,0.0,6,5424,买盘
174,09:38:57,9.03,-0.01,13,11744,卖盘
175,09:39:00,9.04,0.01,167,150969,买盘
176,09:39:03,9.04,0.0,65,58760,卖盘
177,09:39:06,9.05,0.01,13,11760,买盘
178,09:39:10,9.04,-0.01,63,57003,卖盘
179,09:39:13,9.05,0.01,106,95930,买盘
180,09:39:16,9.05,0.0,122,110340,买盘
181,09:39:18,9.05,0.0,78,70583,买盘
182,09:39:21,9.05,0.0,43,38915,买盘
183,09:39:24,9.06,0.01,99,89629,买盘
184,09:39:28,9.06,0.0,18,16297,买盘
185,09:39:30,9.06,0.0,101,91498,买盘
186,09:39:33,9.05,-0.01,27,24448,中性盘
187,09:39:36,9.06,0.01,55,49823,买盘
188,09:39:39,9.05,-0.01,52,47066,卖盘
189,09:39:42,9.06,0.01,43,38954,买盘
190,09:39:46,9.06,0.0,56,50736,买盘
191,09:39:49,9.06,0.0,22,19932,买盘
192,09:39:51,9.07,0.01,29,26303,买盘
193,09:39:54,9.07,0.0,10,9066,买盘
194,09:39:57,9.07,0.0,20,18124,买盘
195,09:40:01,9.07,0.0,111,100669,买盘
196,09:40:04,9.07,0.0,9,8163,买盘
197,09:40:06,9.07,0.0,12,10874,买盘
198,09:40:09,9.07,0.0,207,187749,买盘
199,09:40:12,9.08,0.01,12,10896,买盘
200,09:40:16,9.08,0.0,14,12712,买盘
201,09:40:19,9.08,0.0,20,18155,买盘
202,09:40:21,9.08,0.0,124,112576,买盘
203,09:40:24,9.07,-0.01,39,35373,卖盘
204,09:40:27,9.08,0.01,14,12710,买盘
205,09:40:31,9.08,0.0,84,76272,买盘
206,09:40:33,9.08,0.0,35,31756,买盘
207,09:40:36,9.08,0.0,6,5448,买盘
208,09:40:39,9.07,-0.01,73,66211,卖盘
209,09:40:42,9.08,0.01,119,107997,买盘
210,09:40:45,9.07,-0.01,48,43539,中性盘
211,09:40:48,9.07,0.0,18,16326,买盘
212,09:40:51,9.08,0.01,101,91612,买盘
213,09:40:54,9.08,0.0,50,45386,买盘
214,09:41:00,9.08,0.0,54,49022,买盘
215,09:41:04,9.08,0.0,53,48072,买盘
216,09:41:06,9.08,0.0,15,13613,买盘
217,09:41:09,9.07,-0.01,52,47191,卖盘
218,09:41:12,9.07,0.0,9,8163,买盘
219,09:41:16,9.07,0.0,25,22675,买盘
220,09:41:21,9.06,-0.01,189,171249,卖盘
221,09:41:24,9.06,0.0,42,38360,买盘
222,09:41:28,9.06,0.0,24,21748,卖盘
223,09:41:30,9.06,0.0,24,21446,卖盘
224,09:41:33,9.06,0.0,10,9060,买盘
225,09:41:36,9.06,0.0,12,10872,买盘
226,09:41:39,9.06,0.0,72,65182,买盘
227,09:41:42,9.05,-0.01,59,53395,卖盘
228,09:41:45,9.05,0.0,13,11765,买盘
229,09:41:48,9.05,0.0,23,20798,买盘
230,09:41:51,9.05,0.0,23,20806,买盘
231,09:41:54,9.05,0.0,6,5430,买盘
232,09:41:57,9.05,0.0,80,72376,买盘
233,09:42:01,9.04,-0.01,73,65996,卖盘
234,09:42:04,9.04,0.0,30,27120,卖盘
235,09:42:06,9.05,0.01,24,21696,买盘
236,09:42:10,9.05,0.0,40,36140,买盘
237,09:42:13,9.04,-0.01,56,50659,卖盘
238,09:42:16,9.06,0.02,105,95093,买盘
239,09:42:19,9.04,-0.02,2,1808,卖盘
240,09:42:21,9.06,0.02,19,17200,买盘
241,09:42:24,9.06,0.0,112,101465,买盘
242,09:42:33,9.06,0.0,39,35334,买盘
243,09:42:36,9.06,0.0,14,12684,买盘
244,09:42:40,9.05,-0.01,28,25358,卖盘
245,09:42:42,9.06,0.01,30,27180,买盘
246,09:42:46,9.05,-0.01,130,117680,卖盘
247,09:42:51,9.05,0.0,118,106800,卖盘
248,09:42:54,9.06,0.01,12,10872,买盘
249,09:42:57,9.05,-0.01,24,21739,卖盘
250,09:43:00,9.05,0.0,1,905,买盘
251,09:43:04,9.06,0.01,27,24445,买盘
252,09:43:06,9.06,0.0,12,10872,买盘
253,09:43:09,9.05,-0.01,33,29871,卖盘
254,09:43:12,9.06,0.01,10,9060,买盘
255,09:43:15,9.06,0.0,42,38041,买盘
256,09:43:21,9.06,0.0,160,144910,买盘
257,09:43:25,9.06,0.0,75,67888,买盘
258,09:43:27,9.03,-0.03,125,113030,卖盘
259,09:43:30,9.05,0.02,2,1810,买盘
260,09:43:39,9.05,0.0,30,27130,买盘
261,09:43:42,9.05,0.0,82,74210,买盘
262,09:43:45,9.03,-0.02,127,114739,卖盘
263,09:43:48,9.05,0.02,19,17195,买盘
264,09:43:51,9.03,-0.02,16,14469,卖盘
265,09:43:54,9.05,0.02,13,11765,买盘
266,09:43:57,9.05,0.0,5,4525,买盘
267,09:44:00,9.05,0.0,5,4525,买盘
268,09:44:06,9.04,-0.01,37,33418,买盘
269,09:44:09,9.04,0.0,6,5424,买盘
270,09:44:12,9.04,0.0,27,24408,买盘
271,09:44:15,9.04,0.0,80,72320,买盘
272,09:44:18,9.04,0.0,1,904,买盘
273,09:44:21,9.05,0.01,24,21720,买盘
274,09:44:24,9.05,0.0,57,51561,买盘
275,09:44:27,9.04,-0.01,9,8136,卖盘
276,09:44:33,9.04,0.0,103,93034,买盘
277,09:44:36,9.04,0.0,67,60568,买盘
278,09:44:40,9.04,0.0,24,21696,买盘
279,09:44:46,9.05,0.01,53,47941,买盘
280,09:44:51,9.05,0.0,29,26817,买盘
281,09:44:54,9.05,0.0,81,72629,买盘
282,09:44:57,9.05,0.0,21,19005,买盘
283,09:45:00,9.04,-0.01,65,58760,中性盘
284,09:45:04,9.04,0.0,110,99440,买盘
285,09:45:06,9.05,0.01,13,11765,买盘
286,09:45:09,9.05,0.0,11,9955,买盘
287,09:45:12,9.04,-0.01,10,9040,卖盘
288,09:45:16,9.05,0.01,74,66970,买盘
289,09:45:19,9.05,0.0,17,15375,买盘
290,09:45:21,9.05,0.0,55,49775,买盘
291,09:45:25,9.04,-0.01,13,11762,卖盘
292,09:45:30,9.05,0.01,5,4525,买盘
293,09:45:33,9.05,0.0,83,75048,买盘
294,09:45:37,9.04,-0.01,25,22600,卖盘
295,09:45:39,9.05,0.01,450,407175,买盘
296,09:45:42,9.05,0.0,7,6335,卖盘
297,09:45:45,9.06,0.01,57,51595,买盘
298,09:45:48,9.06,0.0,17,15402,买盘
299,09:45:51,9.06,0.0,32,28992,买盘
300,09:45:54,9.06,0.0,92,83352,买盘
301,09:45:57,9.06,0.0,160,144960,买盘
302,09:46:01,9.05,-0.01,423,382985,卖盘
303,09:46:04,9.06,0.01,53,48018,买盘
304,09:46:06,9.06,0.0,18,16308,买盘
305,09:46:09,9.06,0.0,14,12684,买盘
306,09:46:12,9.06,0.0,25,22629,买盘
307,09:46:15,9.06,0.0,115,104162,买盘
308,09:46:19,9.05,-0.01,9,8145,卖盘
309,09:46:22,9.05,0.0,13,11765,买盘
310,09:46:24,9.05,0.0,10,9050,买盘
311,09:46:27,9.04,-0.01,9,8136,中性盘
312,09:46:30,9.03,-0.01,105,94831,卖盘
313,09:46:33,9.03,0.0,11,9933,卖盘
314,09:46:36,9.05,0.02,6,5427,买盘
315,09:46:40,9.05,0.0,6,5430,买盘
316,09:46:45,9.05,0.0,87,78735,买盘
317,09:46:48,9.05,0.0,14,12670,买盘
318,09:46:51,9.05,0.0,27,24418,买盘
319,09:46:54,9.05,0.0,28,25340,买盘
320,09:46:57,9.05,0.0,4,3620,买盘
321,09:47:04,9.04,-0.01,43,38872,卖盘
322,09:47:09,9.05,0.01,11,9955,买盘
323,09:47:12,9.05,0.0,5,4525,买盘
324,09:47:15,9.05,0.0,4,3620,买盘
325,09:47:18,9.05,0.0,56,50655,买盘
326,09:47:21,9.04,-0.01,25,22615,中性盘
327,09:47:24,9.03,-0.01,66,59670,卖盘
328,09:47:27,9.05,0.02,35,31654,买盘
329,09:47:30,9.03,-0.02,135,121924,卖盘
330,09:47:36,9.03,0.0,18,16254,买盘
331,09:47:39,9.05,0.02,126,113892,买盘
332,09:47:42,9.02,-0.03,15,13538,卖盘
333,09:47:46,9.05,0.03,13,11765,买盘
334,09:47:48,9.05,0.0,6,5430,买盘
335,09:47:52,9.04,-0.01,29,26216,买盘
336,09:47:54,9.04,0.0,103,93118,买盘
337,09:48:00,9.02,-0.02,25,22590,卖盘
338,09:48:03,9.02,0.0,31,27994,卖盘
339,09:48:09,9.04,0.02,7,6328,买盘
340,09:48:12,9.02,-0.02,62,55924,卖盘
341,09:48:15,9.04,0.02,93,84059,买盘
342,09:48:18,9.02,-0.02,2,1804,卖盘
343,09:48:21,9.04,0.02,10,9040,买盘
344,09:48:24,9.03,-0.01,10,9036,中性盘
345,09:48:27,9.02,-0.01,20,18040,卖盘
346,09:48:30,9.03,0.01,5,4515,买盘
347,09:48:33,9.03,0.0,6,5418,买盘
348,09:48:36,9.03,0.0,37,33411,买盘
349,09:48:39,9.02,-0.01,90,81186,卖盘
350,09:48:42,9.02,0.0,42,37884,卖盘
351,09:48:45,9.02,0.0,76,68602,卖盘
352,09:48:48,9.02,0.0,4,3608,买盘
353,09:48:51,9.02,0.0,10,9020,买盘
354,09:48:54,9.02,0.0,6,5412,买盘
355,09:48:57,9.02,0.0,57,51414,买盘
356,09:49:00,9.03,0.01,13,11735,买盘
357,09:49:04,9.01,-0.02,141,127224,卖盘
358,09:49:06,9.04,0.03,48,43388,买盘
359,09:49:09,9.04,0.0,50,45200,买盘
360,09:49:12,9.03,-0.01,10,9030,卖盘
361,09:49:16,9.04,0.01,167,150941,买盘
362,09:49:18,9.04,0.0,87,78647,买盘
363,09:49:21,9.05,0.01,29,26230,买盘
364,09:49:25,9.05,0.0,77,69680,买盘
365,09:49:27,9.04,-0.01,50,45200,卖盘
366,09:49:30,9.05,0.01,176,159265,买盘
367,09:49:33,9.05,0.0,25,22602,买盘
368,09:49:36,9.05,0.0,28,25340,买盘
369,09:49:39,9.05,0.0,66,59730,买盘
370,09:49:43,9.06,0.01,319,288699,买盘
371,09:49:45,9.04,-0.02,102,92402,卖盘
372,09:49:48,9.06,0.02,36,32616,买盘
373,09:49:51,9.05,-0.01,30,27160,卖盘
374,09:49:54,9.06,0.01,12,10872,买盘
375,09:49:57,9.05,-0.01,12,10860,卖盘
376,09:50:00,9.06,0.01,52,47112,买盘
377,09:50:04,9.05,-0.01,72,65197,卖盘
378,09:50:06,9.06,0.01,21,19026,买盘
379,09:50:09,9.06,0.0,31,28086,买盘
380,09:50:12,9.06,0.0,96,86976,买盘
381,09:50:15,9.07,0.01,175,159280,买盘
382,09:50:19,9.07,0.0,32,29024,买盘
383,09:50:22,9.07,0.0,16,14510,买盘
384,09:50:24,9.07,0.0,195,176865,买盘
385,09:50:27,9.08,0.01,536,486157,买盘
386,09:50:30,9.07,-0.01,167,151581,卖盘
387,09:50:33,9.08,0.01,10,9080,买盘
388,09:50:36,9.08,0.0,183,166164,买盘
389,09:50:39,9.07,-0.01,718,652195,卖盘
390,09:50:42,9.1,0.03,368,334860,买盘
391,09:50:45,9.1,0.0,59,53680,买盘
392,09:50:49,9.1,0.0,42,38220,买盘
393,09:50:51,9.1,0.0,71,64610,买盘
394,09:50:54,9.11,0.01,88,80150,买盘
395,09:50:57,9.1,-0.01,10,9100,卖盘
396,09:51:00,9.11,0.01,22,20042,买盘
397,09:51:04,9.1,-0.01,31,28232,卖盘
398,09:51:06,9.11,0.01,49,44639,买盘
399,09:51:09,9.11,0.0,74,67577,买盘
400,09:51:13,9.12,0.01,7,6382,买盘
401,09:51:15,9.11,-0.01,96,87525,卖盘
402,09:51:21,9.12,0.01,24,21888,买盘
403,09:51:24,9.11,-0.01,41,37377,卖盘
404,09:51:27,9.11,0.0,5,4555,卖盘
405,09:51:30,9.11,0.0,8,7295,卖盘
406,09:51:33,9.11,0.0,178,162198,卖盘
407,09:51:36,9.12,0.01,25,22776,买盘
408,09:51:39,9.11,-0.01,64,58325,买盘
409,09:51:42,9.11,0.0,74,67414,卖盘
410,09:51:45,9.12,0.01,191,174175,买盘
411,09:51:49,9.11,-0.01,136,124012,卖盘
412,09:51:51,9.12,0.01,17,15504,买盘
413,09:51:54,9.12,0.0,301,274332,卖盘
414,09:51:57,9.13,0.01,82,74824,买盘
415,09:52:00,9.12,-0.01,7,6384,中性盘
416,09:52:03,9.12,0.0,87,79352,买盘
417,09:52:06,9.12,0.0,49,44688,买盘
418,09:52:10,9.12,0.0,26,23721,买盘
419,09:52:12,9.12,0.0,26,23712,卖盘
420,09:52:15,9.12,0.0,19,17313,中性盘
421,09:52:18,9.12,0.0,52,47414,买盘
422,09:52:22,9.12,0.0,533,485451,买盘
423,09:52:24,9.11,-0.01,10,9110,中性盘
424,09:52:27,9.11,0.0,10,9112,卖盘
425,09:52:30,9.11,0.0,5,4555,买盘
426,09:52:33,9.12,0.01,4,3648,买盘
427,09:52:36,9.11,-0.01,50,45555,卖盘
428,09:52:39,9.11,0.0,72,65592,买盘
429,09:52:42,9.12,0.01,32,29184,买盘
430,09:52:45,9.12,0.0,136,124032,买盘
431,09:52:48,9.11,-0.01,10,9110,卖盘
432,09:52:51,9.12,0.01,28,25526,买盘
433,09:52:54,9.11,-0.01,47,42831,卖盘
434,09:52:57,9.12,0.01,89,81163,买盘
435,09:53:01,9.12,0.0,5,4560,买盘
436,09:53:04,9.13,0.01,504,460040,买盘
437,09:53:07,9.12,-0.01,56,51096,卖盘
438,09:53:09,9.13,0.01,80,73011,买盘
439,09:53:12,9.13,0.0,17,15525,买盘
440,09:53:18,9.12,-0.01,22,20064,卖盘
441,09:53:21,9.13,0.01,170,155197,买盘
442,09:53:24,9.13,0.0,26,23738,买盘
443,09:53:27,9.12,-0.01,10,9120,卖盘
444,09:53:30,9.13,0.01,2,1826,买盘
445,09:53:33,9.13,0.0,65,59345,买盘
446,09:53:36,9.13,0.0,48,43824,买盘
447,09:53:40,9.12,-0.01,82,74812,卖盘
448,09:53:43,9.12,0.0,14,12768,卖盘
449,09:53:45,9.13,0.01,5,4565,买盘
450,09:53:48,9.13,0.0,22,20086,买盘
451,09:53:51,9.13,0.0,110,100330,买盘
452,09:53:54,9.13,0.0,8,7302,买盘
453,09:53:57,9.13,0.0,52,47476,买盘
454,09:54:00,9.13,0.0,133,121369,买盘
455,09:54:04,9.13,0.0,66,60213,买盘
456,09:54:06,9.14,0.01,108,98546,买盘
457,09:54:09,9.14,0.0,12,10968,买盘
458,09:54:12,9.13,-0.01,15,13705,卖盘
459,09:54:15,9.13,0.0,132,120635,买盘
460,09:54:18,9.14,0.01,24,21934,买盘
461,09:54:22,9.13,-0.01,26,23760,卖盘
462,09:54:25,9.14,0.01,16,14624,买盘
463,09:54:31,9.14,0.0,5,4570,买盘
464,09:54:33,9.13,-0.01,87,79435,卖盘
465,09:54:36,9.13,0.0,101,92265,买盘
466,09:54:39,9.13,0.0,31,28303,买盘
467,09:54:42,9.13,0.0,42,38346,买盘
468,09:54:49,9.14,0.01,25,22850,买盘
469,09:54:52,9.14,0.0,5,4570,买盘
470,09:54:55,9.13,-0.01,22,20102,卖盘
471,09:54:57,9.13,0.0,46,42005,卖盘
472,09:55:03,9.14,0.01,10,9140,买盘
473,09:55:06,9.14,0.0,12,10968,买盘
474,09:55:09,9.14,0.0,34,31076,买盘
475,09:55:12,9.14,0.0,4,3656,买盘
476,09:55:15,9.13,-0.01,81,73953,卖盘
477,09:55:18,9.14,0.01,4,3656,买盘
478,09:55:21,9.13,-0.01,145,132385,卖盘
479,09:55:24,9.13,0.0,135,123269,买盘
480,09:55:27,9.12,-0.01,26,23713,卖盘
481,09:55:30,9.13,0.01,16,14608,中性盘
482,09:55:33,9.14,0.01,21,19175,买盘
483,09:55:36,9.13,-0.01,26,23742,中性盘
484,09:55:39,9.13,0.0,40,36532,买盘
485,09:55:45,9.14,0.01,62,56616,买盘
486,09:55:48,9.13,-0.01,9,8221,中性盘
487,09:55:51,9.12,-0.01,49,44734,卖盘
488,09:55:55,9.14,0.02,13,11875,买盘
489,09:55:57,9.14,0.0,77,70337,买盘
490,09:56:00,9.13,-0.01,42,38346,卖盘
491,09:56:06,9.14,0.01,95,86746,买盘
492,09:56:10,9.13,-0.01,205,187145,卖盘
493,09:56:15,9.13,0.0,11,10041,买盘
494,09:56:18,9.13,0.0,64,58432,买盘
495,09:56:21,9.13,0.0,37,33781,买盘
496,09:56:24,9.13,0.0,241,219960,买盘
497,09:56:27,9.13,0.0,95,86725,买盘
498,09:56:30,9.14,0.01,48,43837,买盘
499,09:56:33,9.13,-0.01,27,24627,卖盘
500,09:56:36,9.14,0.01,29,26506,买盘
501,09:56:39,9.14,0.0,59,53924,买盘
502,09:56:42,9.13,-0.01,75,68520,卖盘
503,09:56:45,9.14,0.01,27,24678,买盘
504,09:56:48,9.13,-0.01,10,9130,卖盘
505,09:56:52,9.14,0.01,102,93228,买盘
506,09:56:55,9.14,0.0,37,33818,买盘
507,09:56:58,9.14,0.0,19,17366,买盘
508,09:57:00,9.14,0.0,270,246780,买盘
509,09:57:03,9.15,0.01,127,116082,买盘
510,09:57:06,9.15,0.0,30,27435,买盘
511,09:57:09,9.15,0.0,142,129930,买盘
512,09:57:12,9.14,-0.01,10,9140,卖盘
513,09:57:15,9.15,0.01,191,174765,买盘
514,09:57:19,9.15,0.0,31,28365,买盘
515,09:57:22,9.16,0.01,397,363357,买盘
516,09:57:24,9.14,-0.02,12,10980,卖盘
517,09:57:27,9.16,0.02,4,3664,买盘
518,09:57:30,9.16,0.0,14,12824,买盘
519,09:57:33,9.16,0.0,189,173124,买盘
520,09:57:37,9.17,0.01,60,55020,买盘
521,09:57:40,9.17,0.0,30,27502,买盘
522,09:57:42,9.17,0.0,36,33012,买盘
523,09:57:45,9.17,0.0,31,28431,买盘
524,09:57:49,9.16,-0.01,13,11914,卖盘
525,09:57:52,9.17,0.01,22,20174,买盘
526,09:57:54,9.17,0.0,37,33935,买盘
527,09:57:57,9.17,0.0,49,44933,卖盘
528,09:58:00,9.18,0.01,256,234884,买盘
529,09:58:03,9.17,-0.01,27,24759,卖盘
530,09:58:06,9.18,0.01,47,43134,买盘
531,09:58:10,9.18,0.0,16,14688,买盘
532,09:58:13,9.18,0.0,29,26611,买盘
533,09:58:15,9.18,0.0,145,133110,买盘
534,09:58:19,9.18,0.0,10,9180,买盘
535,09:58:21,9.18,0.0,27,24786,买盘
536,09:58:24,9.18,0.0,100,91758,买盘
537,09:58:27,9.17,-0.01,41,37618,卖盘
538,09:58:30,9.17,0.0,20,18356,卖盘
539,09:58:33,9.18,0.01,149,136782,买盘
540,09:58:37,9.18,0.0,14,12851,买盘
541,09:58:40,9.17,-0.01,63,57789,卖盘
542,09:58:43,9.18,0.01,54,49522,买盘
543,09:58:45,9.17,-0.01,120,110093,卖盘
544,09:58:48,9.17,0.0,110,100919,买盘
545,09:58:54,9.17,0.0,46,42162,买盘
546,09:58:57,9.17,0.0,12,11004,买盘
547,09:59:00,9.16,-0.01,17,15576,卖盘
548,09:59:04,9.16,0.0,207,189531,卖盘
549,09:59:06,9.17,0.01,14,12838,买盘
550,09:59:09,9.16,-0.01,1,916,中性盘
551,09:59:12,9.17,0.01,19,17414,买盘
552,09:59:15,9.16,-0.01,91,83397,卖盘
553,09:59:19,9.17,0.01,28,25663,买盘
554,09:59:22,9.16,-0.01,11,10066,买盘
555,09:59:24,9.16,0.0,37,33892,买盘
556,09:59:27,9.17,0.01,175,160340,买盘
557,09:59:30,9.16,-0.01,13,11915,卖盘
558,09:59:33,9.17,0.01,56,51330,买盘
559,09:59:36,9.16,-0.01,25,22900,卖盘
560,09:59:39,9.16,0.0,43,39393,卖盘
561,09:59:42,9.16,0.0,21,19236,买盘
562,09:59:45,9.16,0.0,12,10992,买盘
563,09:59:48,9.16,0.0,16,14656,买盘
564,09:59:51,9.16,0.0,19,17404,买盘
565,09:59:54,9.16,0.0,21,19236,买盘
566,09:59:58,9.16,0.0,72,65939,买盘
567,10:00:01,9.15,-0.01,26,23799,卖盘
568,10:00:04,9.16,0.01,82,75099,买盘
569,10:00:06,9.16,0.0,56,51296,买盘
570,10:00:09,9.16,0.0,57,52212,买盘
571,10:00:12,9.16,0.0,27,24722,买盘
572,10:00:15,9.15,-0.01,97,88757,卖盘
573,10:00:18,9.16,0.01,131,119996,买盘
574,10:00:21,9.17,0.01,16,14661,买盘
575,10:00:24,9.16,-0.01,39,35724,卖盘
576,10:00:27,9.16,0.0,10,9160,卖盘
577,10:00:30,9.16,0.0,35,32060,卖盘
578,10:00:33,9.17,0.01,18,16493,买盘
579,10:00:36,9.16,-0.01,107,98019,卖盘
580,10:00:40,9.16,0.0,11,10076,买盘
581,10:00:45,9.16,0.0,31,28396,买盘
582,10:00:51,9.16,0.0,4,3664,买盘
583,10:00:54,9.16,0.0,54,49464,买盘
584,10:00:57,9.16,0.0,11,10076,买盘
585,10:01:04,9.16,0.0,6,5496,买盘
586,10:01:06,9.16,0.0,8,7328,买盘
587,10:01:09,9.15,-0.01,10,9154,卖盘
588,10:01:12,9.16,0.01,11,10076,买盘
589,10:01:15,9.15,-0.01,13,11895,卖盘
590,10:01:19,9.15,0.0,19,17399,卖盘
591,10:01:22,9.15,0.0,70,64055,卖盘
592,10:01:25,9.16,0.01,82,75077,买盘
593,10:01:28,9.15,-0.01,63,57704,中性盘
594,10:01:31,9.14,-0.01,28,25592,卖盘
595,10:01:36,9.15,0.01,95,86925,买盘
596,10:01:39,9.16,0.01,21,19236,买盘
597,10:01:42,9.15,-0.01,6,5490,卖盘
598,10:01:45,9.15,0.0,41,37536,卖盘
599,10:01:48,9.15,0.0,179,163882,卖盘
600,10:01:52,9.16,0.01,44,40304,买盘
601,10:01:54,9.16,0.0,170,155720,买盘
602,10:01:57,9.16,0.0,23,21075,卖盘
603,10:02:00,9.17,0.01,22,20157,买盘
604,10:02:04,9.16,-0.01,10,9160,卖盘
605,10:02:06,9.17,0.01,245,224631,买盘
606,10:02:09,9.16,-0.01,84,76944,卖盘
607,10:02:12,9.16,0.0,5,4580,买盘
608,10:02:15,9.16,0.0,16,14656,买盘
609,10:02:19,9.15,-0.01,52,47580,卖盘
610,10:02:22,9.15,0.0,1,915,买盘
611,10:02:24,9.15,0.0,12,10980,买盘
612,10:02:27,9.15,0.0,6,5490,买盘
613,10:02:30,9.15,0.0,4,3660,买盘
614,10:02:33,9.14,-0.01,127,116105,卖盘
615,10:02:36,9.15,0.01,17,15553,买盘
616,10:02:39,9.14,-0.01,100,91487,卖盘
617,10:02:42,9.15,0.01,6,5490,买盘
618,10:02:46,9.16,0.01,240,219809,买盘
619,10:02:52,9.15,-0.01,1,915,买盘
620,10:02:54,9.14,-0.01,34,31078,卖盘
621,10:02:57,9.15,0.01,8,7320,买盘
622,10:03:00,9.15,0.0,11,10065,买盘
623,10:03:03,9.14,-0.01,25,22852,卖盘
624,10:03:06,9.15,0.01,99,90582,买盘
625,10:03:09,9.15,0.0,130,118959,买盘
626,10:03:12,9.15,0.0,1,915,卖盘
627,10:03:15,9.16,0.01,24,21984,买盘
628,10:03:18,9.16,0.0,151,138288,买盘
629,10:03:21,9.16,0.0,54,49460,买盘
630,10:03:24,9.15,-0.01,2,1830,卖盘
631,10:03:27,9.16,0.01,295,269976,买盘
632,10:03:30,9.17,0.01,5,4585,买盘
633,10:03:33,9.16,-0.01,8,7328,卖盘
634,10:03:36,9.16,0.0,13,11916,卖盘
635,10:03:39,9.17,0.01,8,7336,买盘
636,10:03:42,9.17,0.0,14,12838,买盘
637,10:03:45,9.17,0.0,9,8253,买盘
638,10:03:48,9.17,0.0,24,22008,买盘
639,10:03:51,9.17,0.0,79,72369,买盘
640,10:03:54,9.17,0.0,9,8248,买盘
641,10:03:57,9.17,0.0,18,16501,买盘
642,10:04:01,9.16,-0.01,22,20152,卖盘
643,10:04:03,9.17,0.01,19,17423,买盘
644,10:04:06,9.17,0.0,6,5502,买盘
645,10:04:12,9.16,-0.01,111,101767,卖盘
646,10:04:15,9.17,0.01,6,5502,买盘
647,10:04:18,9.17,0.0,11,10087,买盘
648,10:04:21,9.17,0.0,9,8253,买盘
649,10:04:24,9.17,0.0,13,11921,买盘
650,10:04:33,9.17,0.0,21,19257,买盘
651,10:04:36,9.17,0.0,30,27510,买盘
652,10:04:39,9.17,0.0,72,66023,买盘
653,10:04:43,9.17,0.0,9,8253,买盘
654,10:04:46,9.16,-0.01,242,222142,卖盘
655,10:04:49,9.17,0.01,121,111041,买盘
656,10:04:51,9.17,0.0,70,64258,卖盘
657,10:04:54,9.17,0.0,89,81613,买盘
658,10:04:57,9.17,0.0,26,23847,买盘
659,10:05:00,9.16,-0.01,248,227168,卖盘
660,10:05:04,9.16,0.0,25,22900,买盘
661,10:05:07,9.16,0.0,171,156636,买盘
662,10:05:09,9.16,0.0,10,9160,买盘
663,10:05:12,9.16,0.0,24,21984,买盘
664,10:05:15,9.16,0.0,12,10992,买盘
665,10:05:18,9.14,-0.02,236,215749,卖盘
666,10:05:21,9.14,0.0,56,51184,买盘
667,10:05:25,9.14,0.0,208,190112,买盘
668,10:05:30,9.15,0.01,27,24705,买盘
669,10:05:33,9.15,0.0,24,21955,买盘
670,10:05:36,9.14,-0.01,120,109790,卖盘
671,10:05:40,9.16,0.02,81,74179,买盘
672,10:05:42,9.16,0.0,15,13739,买盘
673,10:05:45,9.15,-0.01,28,25633,卖盘
674,10:05:48,9.16,0.01,106,96983,买盘
675,10:05:51,9.16,0.0,56,51291,买盘
676,10:05:54,9.16,0.0,26,23816,买盘
677,10:05:57,9.16,0.0,65,59504,买盘
678,10:06:00,9.15,-0.01,41,37515,卖盘
679,10:06:04,9.16,0.01,55,50330,买盘
680,10:06:06,9.16,0.0,52,47632,买盘
681,10:06:09,9.15,-0.01,71,65016,卖盘
682,10:06:12,9.16,0.01,11,10076,买盘
683,10:06:16,9.16,0.0,5,4580,买盘
684,10:06:18,9.16,0.0,113,103508,买盘
685,10:06:21,9.17,0.01,303,277671,买盘
686,10:06:24,9.17,0.0,5,4585,买盘
687,10:06:27,9.17,0.0,22,20174,买盘
688,10:06:30,9.17,0.0,10,9170,买盘
689,10:06:33,9.17,0.0,34,31161,买盘
690,10:06:36,9.17,0.0,5,4585,买盘
691,10:06:39,9.16,-0.01,74,67848,卖盘
692,10:06:42,9.17,0.01,332,304444,买盘
693,10:06:45,9.17,0.0,27,24779,卖盘
694,10:06:48,9.17,0.0,34,31195,卖盘
695,10:06:51,9.18,0.01,127,116552,买盘
696,10:06:54,9.18,0.0,28,25704,买盘
697,10:06:57,9.18,0.0,17,15606,买盘
698,10:07:00,9.18,0.0,83,76194,买盘
699,10:07:03,9.18,0.0,2,1836,卖盘
700,10:07:06,9.19,0.01,181,166329,买盘
701,10:07:09,9.19,0.0,178,163582,买盘
702,10:07:12,9.19,0.0,31,28489,买盘
703,10:07:15,9.19,0.0,47,43193,买盘
704,10:07:18,9.19,0.0,37,34003,买盘
705,10:07:21,9.19,0.0,40,36760,买盘
706,10:07:24,9.19,0.0,21,19299,买盘
707,10:07:30,9.19,0.0,22,20218,买盘
708,10:07:33,9.19,0.0,40,36725,买盘
709,10:07:36,9.19,0.0,167,153471,买盘
710,10:07:39,9.2,0.01,19,17476,买盘
711,10:07:42,9.2,0.0,4,3680,买盘
712,10:07:45,9.2,0.0,85,78165,买盘
713,10:07:48,9.2,0.0,158,145294,买盘
714,10:07:51,9.19,-0.01,15,13785,卖盘
715,10:07:54,9.2,0.01,36,33120,买盘
716,10:07:57,9.19,-0.01,38,34932,卖盘
717,10:08:00,9.2,0.01,11,10120,买盘
718,10:08:03,9.19,-0.01,4,3676,卖盘
719,10:08:06,9.19,0.0,64,58835,卖盘
720,10:08:09,9.19,0.0,55,50553,卖盘
721,10:08:15,9.19,0.0,34,31246,买盘
722,10:08:21,9.19,0.0,25,22975,买盘
723,10:08:24,9.18,-0.01,15,13775,卖盘
724,10:08:27,9.19,0.01,105,96495,买盘
725,10:08:30,9.19,0.0,101,92819,买盘
726,10:08:33,9.2,0.01,90,82797,买盘
727,10:08:36,9.18,-0.02,59,54216,卖盘
728,10:08:39,9.18,0.0,19,17455,卖盘
729,10:08:48,9.19,0.01,18,16529,买盘
730,10:08:51,9.18,-0.01,1,918,卖盘
731,10:08:54,9.19,0.01,7,6433,买盘
732,10:08:57,9.18,-0.01,352,323136,卖盘
733,10:09:00,9.18,0.0,212,194621,卖盘
734,10:09:03,9.18,0.0,13,11934,买盘
735,10:09:06,9.18,0.0,18,16522,买盘
736,10:09:10,9.18,0.0,27,24786,买盘
737,10:09:12,9.17,-0.01,133,122066,卖盘
738,10:09:15,9.18,0.01,47,43129,买盘
739,10:09:18,9.17,-0.01,108,99218,卖盘
740,10:09:21,9.19,0.02,36,33052,买盘
741,10:09:24,9.18,-0.01,14,12852,卖盘
742,10:09:27,9.18,0.0,41,37638,买盘
743,10:09:30,9.19,0.01,21,19287,买盘
744,10:09:33,9.19,0.0,18,16542,买盘
745,10:09:37,9.19,0.0,65,59714,买盘
746,10:09:39,9.18,-0.01,48,44064,卖盘
747,10:09:42,9.18,0.0,13,11934,买盘
748,10:09:45,9.18,0.0,56,51408,买盘
749,10:09:48,9.18,0.0,22,20196,买盘
750,10:09:57,9.18,0.0,5,4590,买盘
751,10:10:00,9.18,0.0,24,22013,买盘
752,10:10:03,9.18,0.0,86,78948,买盘
753,10:10:06,9.19,0.01,15,13775,买盘
754,10:10:09,9.19,0.0,240,220540,买盘
755,10:10:12,9.19,0.0,147,135064,买盘
756,10:10:15,9.18,-0.01,314,288564,卖盘
757,10:10:18,9.18,0.0,113,103844,卖盘
758,10:10:21,9.18,0.0,110,101193,卖盘
759,10:10:24,9.2,0.02,97,89230,买盘
760,10:10:27,9.2,0.0,65,59800,买盘
761,10:10:31,9.2,0.0,18,16560,买盘
762,10:10:34,9.2,0.0,25,22985,买盘
763,10:10:36,9.2,0.0,46,42320,买盘
764,10:10:39,9.2,0.0,56,51519,买盘
765,10:10:48,9.2,0.0,122,112240,买盘
766,10:10:51,9.2,0.0,15,13800,买盘
767,10:10:54,9.21,0.01,402,369836,买盘
768,10:10:57,9.21,0.0,12,11052,买盘
769,10:11:00,9.19,-0.02,19,17465,卖盘
770,10:11:03,9.21,0.02,22,20249,买盘
771,10:11:06,9.21,0.0,20,18420,买盘
772,10:11:09,9.21,0.0,11,10131,买盘
773,10:11:12,9.21,0.0,9,8289,买盘
774,10:11:16,9.2,-0.01,23,21179,卖盘
775,10:11:18,9.2,0.0,52,47859,卖盘
776,10:11:21,9.21,0.01,17,15652,买盘
777,10:11:24,9.2,-0.01,30,27605,卖盘
778,10:11:27,9.21,0.01,41,37761,买盘
779,10:11:30,9.21,0.0,8,7366,买盘
780,10:11:33,9.21,0.0,150,138130,买盘
781,10:11:36,9.2,-0.01,35,32233,卖盘
782,10:11:45,9.21,0.01,4,3684,买盘
783,10:11:49,9.21,0.0,17,15657,买盘
784,10:11:52,9.2,-0.01,27,24861,卖盘
785,10:11:54,9.21,0.01,31,28551,买盘
786,10:11:57,9.2,-0.01,148,136165,卖盘
787,10:12:00,9.2,0.0,26,23920,买盘
788,10:12:03,9.2,0.0,16,14720,买盘
789,10:12:06,9.19,-0.01,183,168270,卖盘
790,10:12:09,9.2,0.01,249,229078,买盘
791,10:12:12,9.19,-0.01,123,113159,卖盘
792,10:12:16,9.19,0.0,153,140660,卖盘
793,10:12:19,9.2,0.01,80,73597,买盘
794,10:12:25,9.2,0.0,11,10120,买盘
795,10:12:27,9.19,-0.01,215,197601,卖盘
796,10:12:30,9.2,0.01,30,27574,买盘
797,10:12:33,9.2,0.0,33,30336,买盘
798,10:12:39,9.2,0.0,101,92824,买盘
799,10:12:43,9.2,0.0,32,29440,买盘
800,10:12:46,9.19,-0.01,169,155322,中性盘
801,10:12:48,9.19,0.0,7,6433,买盘
802,10:12:51,9.2,0.01,47,43198,买盘
803,10:12:54,9.2,0.0,59,54280,买盘
804,10:13:00,9.2,0.0,57,52440,买盘
805,10:13:04,9.2,0.0,48,44127,买盘
806,10:13:06,9.19,-0.01,29,26651,卖盘
807,10:13:09,9.19,0.0,97,89143,卖盘
808,10:13:12,9.19,0.0,2,1838,卖盘
809,10:13:15,9.2,0.01,95,87249,买盘
810,10:13:18,9.19,-0.01,13,11947,中性盘
811,10:13:21,9.19,0.0,29,26651,中性盘
812,10:13:24,9.2,0.01,165,151786,买盘
813,10:13:28,9.18,-0.02,63,57834,卖盘
814,10:13:33,9.2,0.02,5,4600,买盘
815,10:13:37,9.19,-0.01,58,53307,卖盘
816,10:13:39,9.19,0.0,12,11028,卖盘
817,10:13:42,9.19,0.0,10,9190,卖盘
818,10:13:45,9.19,0.0,11,10114,卖盘
819,10:13:48,9.2,0.01,118,108560,买盘
820,10:13:51,9.2,0.0,19,17480,买盘
821,10:13:54,9.19,-0.01,1,919,卖盘
822,10:13:57,9.2,0.01,66,60659,买盘
823,10:14:00,9.18,-0.02,14,12860,卖盘
824,10:14:04,9.2,0.02,171,157320,买盘
825,10:14:06,9.2,0.0,10,9200,买盘
826,10:14:09,9.2,0.0,6,5520,买盘
827,10:14:12,9.2,0.0,30,27600,买盘
828,10:14:15,9.2,0.0,22,20240,买盘
829,10:14:22,9.2,0.0,20,18400,买盘
830,10:14:25,9.2,0.0,30,27600,买盘
831,10:14:27,9.2,0.0,30,27600,买盘
832,10:14:30,9.2,0.0,12,11032,买盘
833,10:14:33,9.19,-0.01,49,45070,卖盘
834,10:14:39,9.19,0.0,30,27570,卖盘
835,10:14:42,9.19,0.0,61,56059,买盘
836,10:14:45,9.19,0.0,11,10109,买盘
837,10:14:48,9.19,0.0,32,29403,买盘
838,10:14:51,9.19,0.0,89,81791,买盘
839,10:14:54,9.2,0.01,23,21141,买盘
840,10:15:00,9.2,0.0,32,29440,买盘
841,10:15:04,9.2,0.0,167,153640,买盘
842,10:15:06,9.19,-0.01,23,21155,卖盘
843,10:15:13,9.19,0.0,22,20239,卖盘
844,10:15:15,9.2,0.01,20,18390,买盘
845,10:15:19,9.2,0.0,47,43240,买盘
846,10:15:21,9.2,0.0,62,57051,买盘
847,10:15:24,9.2,0.0,8,7360,买盘
848,10:15:27,9.2,0.0,17,15640,买盘
849,10:15:30,9.2,0.0,27,24840,买盘
850,10:15:33,9.21,0.01,35,32210,买盘
851,10:15:37,9.21,0.0,10,9206,买盘
852,10:15:39,9.21,0.0,14,12885,买盘
853,10:15:42,9.2,-0.01,145,133462,卖盘
854,10:15:45,9.2,0.0,49,45080,买盘
855,10:15:48,9.2,0.0,4,3680,买盘
856,10:15:52,9.2,0.0,8,7360,买盘
857,10:15:55,9.19,-0.01,30,27590,卖盘
858,10:15:57,9.2,0.01,23,21160,买盘
859,10:16:00,9.2,0.0,40,36800,买盘
860,10:16:04,9.2,0.0,20,18400,买盘
861,10:16:06,9.2,0.0,9,8280,买盘
862,10:16:12,9.2,0.0,4,3680,买盘
863,10:16:15,9.2,0.0,288,264950,买盘
864,10:16:21,9.2,0.0,4,3680,买盘
865,10:16:24,9.2,0.0,15,13800,买盘
866,10:16:30,9.19,-0.01,30,27570,卖盘
867,10:16:33,9.2,0.01,51,46920,买盘
868,10:16:36,9.21,0.01,468,430695,买盘
869,10:16:45,9.2,-0.01,5,4600,买盘
870,10:16:48,9.19,-0.01,7,6433,卖盘
871,10:16:51,9.21,0.02,111,102144,买盘
872,10:16:54,9.21,0.0,16,14733,买盘
873,10:16:57,9.2,-0.01,8,7360,卖盘
874,10:17:04,9.21,0.01,53,48768,买盘
875,10:17:06,9.21,0.0,118,108568,买盘
876,10:17:09,9.21,0.0,108,99395,买盘
877,10:17:19,9.2,-0.01,32,29445,卖盘
878,10:17:24,9.2,0.0,16,14720,卖盘
879,10:17:28,9.2,0.0,34,31284,卖盘
880,10:17:30,9.21,0.01,89,81895,买盘
881,10:17:33,9.21,0.0,27,24854,买盘
882,10:17:36,9.2,-0.01,11,10120,卖盘
883,10:17:40,9.2,0.0,6,5520,买盘
884,10:17:42,9.21,0.01,159,146397,买盘
885,10:17:45,9.2,-0.01,2,1840,买盘
886,10:17:51,9.2,0.0,4,3680,买盘
887,10:17:54,9.2,0.0,43,39560,买盘
888,10:18:00,9.2,0.0,4,3680,买盘
889,10:18:04,9.2,0.0,25,23000,买盘
890,10:18:06,9.2,0.0,120,110393,买盘
891,10:18:09,9.19,-0.01,50,45950,卖盘
892,10:18:12,9.2,0.01,30,27600,买盘
893,10:18:16,9.19,-0.01,30,27570,卖盘
894,10:18:18,9.2,0.01,8,7358,买盘
895,10:18:21,9.2,0.0,254,233560,买盘
896,10:18:24,9.2,0.0,7,6440,买盘
897,10:18:33,9.2,0.0,14,12880,买盘
898,10:18:36,9.19,-0.01,16,14710,卖盘
899,10:18:45,9.19,0.0,105,96500,卖盘
900,10:18:51,9.2,0.01,8,7360,买盘
901,10:18:57,9.19,-0.01,26,23898,卖盘
902,10:19:00,9.2,0.01,164,150873,买盘
903,10:19:04,9.19,-0.01,40,36760,买盘
904,10:19:06,9.19,0.0,16,14704,买盘
905,10:19:12,9.19,0.0,32,29408,买盘
906,10:19:15,9.18,-0.01,208,190944,卖盘
907,10:19:18,9.18,0.0,24,22032,买盘
908,10:19:22,9.18,0.0,20,18360,买盘
909,10:19:27,9.18,0.0,23,21114,卖盘
910,10:19:30,9.19,0.01,18,16539,买盘
911,10:19:33,9.18,-0.01,35,32130,卖盘
912,10:19:36,9.17,-0.01,17,15591,卖盘
913,10:19:39,9.18,0.01,5,4590,买盘
914,10:19:45,9.17,-0.01,52,47684,卖盘
915,10:19:51,9.17,0.0,88,80696,买盘
916,10:19:54,9.17,0.0,4,3668,买盘
917,10:19:57,9.17,0.0,42,38475,买盘
918,10:20:04,9.17,0.0,15,13755,买盘
919,10:20:06,9.17,0.0,37,33921,买盘
920,10:20:09,9.17,0.0,118,108206,买盘
921,10:20:12,9.17,0.0,74,67858,买盘
922,10:20:15,9.17,0.0,6,5502,买盘
923,10:20:21,9.18,0.01,107,98126,买盘
924,10:20:24,9.18,0.0,11,10098,买盘
925,10:20:27,9.17,-0.01,122,111902,卖盘
926,10:20:34,9.18,0.01,12,11016,买盘
927,10:20:37,9.18,0.0,22,20196,买盘
928,10:20:39,9.18,0.0,35,32130,买盘
929,10:20:43,9.17,-0.01,20,18350,卖盘
930,10:20:45,9.19,0.02,79,72493,买盘
931,10:20:54,9.19,0.0,8,7352,买盘
932,10:20:57,9.19,0.0,25,22975,买盘
933,10:21:01,9.19,0.0,3,2757,买盘
934,10:21:04,9.18,-0.01,23,21114,卖盘
935,10:21:06,9.19,0.01,112,102841,买盘
936,10:21:09,9.18,-0.01,56,51412,卖盘
937,10:21:12,9.18,0.0,6,5508,买盘
938,10:21:15,9.18,0.0,101,92718,买盘
939,10:21:18,9.19,0.01,46,42260,买盘
940,10:21:21,9.19,0.0,132,121303,买盘
941,10:21:24,9.17,-0.02,106,97214,卖盘
942,10:21:27,9.19,0.02,17,15623,买盘
943,10:21:30,9.18,-0.01,14,12856,卖盘
944,10:21:36,9.19,0.01,14,12864,买盘
945,10:21:39,9.19,0.0,5,4595,买盘
946,10:21:42,9.18,-0.01,27,24810,卖盘
947,10:21:48,9.18,0.0,11,10098,卖盘
948,10:21:51,9.18,0.0,72,66096,卖盘
949,10:21:54,9.18,0.0,5,4590,买盘
950,10:21:58,9.18,0.0,21,19278,买盘
951,10:22:04,9.18,0.0,39,35802,买盘
952,10:22:06,9.18,0.0,37,33958,买盘
953,10:22:12,9.18,0.0,40,36720,买盘
954,10:22:15,9.18,0.0,13,11934,买盘
955,10:22:18,9.17,-0.01,56,51062,卖盘
956,10:22:22,9.17,0.0,22,20186,卖盘
957,10:22:27,9.16,-0.01,249,228316,卖盘
958,10:22:30,9.18,0.02,18,16524,买盘
959,10:22:33,9.17,-0.01,23,21091,卖盘
960,10:22:36,9.17,0.0,14,12838,买盘
961,10:22:39,9.17,0.0,29,26593,买盘
962,10:22:42,9.17,0.0,12,11004,买盘
963,10:22:45,9.17,0.0,7,6419,买盘
964,10:22:48,9.17,0.0,40,36680,买盘
965,10:22:51,9.18,0.01,107,98140,买盘
966,10:22:57,9.18,0.0,25,22936,买盘
967,10:23:00,9.16,-0.02,39,35729,卖盘
968,10:23:06,9.17,0.01,28,25676,买盘
969,10:23:09,9.17,0.0,44,40348,买盘
970,10:23:15,9.17,0.0,91,83371,买盘
971,10:23:19,9.17,0.0,48,44016,买盘
972,10:23:21,9.17,0.0,5,4585,买盘
973,10:23:33,9.17,0.0,17,15593,中性盘
974,10:23:37,9.18,0.01,12,11011,买盘
975,10:23:39,9.17,-0.01,2,1834,卖盘
976,10:23:42,9.17,0.0,4,3668,买盘
977,10:23:54,9.17,0.0,5,4585,买盘
978,10:23:57,9.17,0.0,28,25676,买盘
979,10:24:04,9.17,0.0,53,48601,买盘
980,10:24:06,9.17,0.0,28,25673,买盘
981,10:24:12,9.17,0.0,6,5502,买盘
982,10:24:15,9.17,0.0,34,31178,卖盘
983,10:24:21,9.17,0.0,66,60522,买盘
984,10:24:24,9.17,0.0,28,25676,买盘
985,10:24:28,9.17,0.0,9,8249,买盘
986,10:24:30,9.17,0.0,22,20168,买盘
987,10:24:36,9.18,0.01,17,15606,买盘
988,10:24:39,9.18,0.0,4,3672,买盘
989,10:24:45,9.17,-0.01,25,22945,卖盘
990,10:24:49,9.18,0.01,5,4590,买盘
991,10:24:54,9.17,-0.01,3,2751,卖盘
992,10:25:00,9.18,0.01,32,29376,买盘
993,10:25:04,9.18,0.0,2,1836,买盘
994,10:25:06,9.18,0.0,27,24778,买盘
995,10:25:12,9.18,0.0,5,4590,买盘
996,10:25:18,9.17,-0.01,110,100870,卖盘
997,10:25:21,9.18,0.01,4,3672,买盘
998,10:25:24,9.17,-0.01,100,91700,卖盘
999,10:25:27,9.17,0.0,369,338401,卖盘
1000,10:25:33,9.17,0.0,5,4585,买盘
1001,10:25:36,9.17,0.0,8,7336,买盘
1002,10:25:42,9.17,0.0,100,91700,买盘
1003,10:25:45,9.17,0.0,5,4585,买盘
1004,10:25:51,9.17,0.0,68,62356,买盘
1005,10:25:54,9.18,0.01,27,24763,买盘
1006,10:26:00,9.18,0.0,254,233122,买盘
1007,10:26:04,9.17,-0.01,11,10087,卖盘
1008,10:26:06,9.18,0.01,13,11927,买盘
1009,10:26:09,9.18,0.0,16,14688,买盘
1010,10:26:12,9.17,-0.01,8,7343,卖盘
1011,10:26:15,9.18,0.01,9,8262,买盘
1012,10:26:18,9.19,0.01,5,4595,买盘
1013,10:26:21,9.19,0.0,34,31240,买盘
1014,10:26:24,9.18,-0.01,29,26622,卖盘
1015,10:26:27,9.19,0.01,13,11938,买盘
1016,10:26:33,9.18,-0.01,30,27540,卖盘
1017,10:26:36,9.18,0.0,28,25711,卖盘
1018,10:26:40,9.19,0.01,25,22975,买盘
1019,10:26:43,9.18,-0.01,35,32130,卖盘
1020,10:26:48,9.18,0.0,5,4590,卖盘
1021,10:26:51,9.19,0.01,33,30327,买盘
1022,10:26:54,9.19,0.0,11,10109,买盘
1023,10:26:57,9.19,0.0,13,11941,买盘
1024,10:27:01,9.19,0.0,4,3676,买盘
1025,10:27:06,9.18,-0.01,8,7344,卖盘
1026,10:27:09,9.18,0.0,32,29400,卖盘
1027,10:27:12,9.19,0.01,4,3676,买盘
1028,10:27:15,9.18,-0.01,24,22032,卖盘
1029,10:27:18,9.19,0.01,29,26631,买盘
1030,10:27:22,9.19,0.0,105,96495,买盘
1031,10:27:25,9.19,0.0,33,30327,买盘
1032,10:27:28,9.18,-0.01,36,33048,卖盘
1033,10:27:31,9.19,0.01,8,7352,买盘
1034,10:27:33,9.19,0.0,38,34896,买盘
1035,10:27:39,9.19,0.0,12,11028,买盘
1036,10:27:45,9.19,0.0,4,3676,买盘
1037,10:27:54,9.19,0.0,9,8271,买盘
1038,10:27:57,9.19,0.0,5,4595,买盘
1039,10:28:03,9.18,-0.01,3,2754,卖盘
1040,10:28:06,9.19,0.01,24,22036,买盘
1041,10:28:09,9.19,0.0,14,12866,买盘
1042,10:28:18,9.19,0.0,4,3676,买盘
1043,10:28:24,9.18,-0.01,31,28458,卖盘
1044,10:28:27,9.19,0.01,7,6428,买盘
1045,10:28:30,9.19,0.0,5,4595,买盘
1046,10:28:37,9.18,-0.01,12,11016,卖盘
1047,10:28:40,9.19,0.01,15,13778,买盘
1048,10:28:42,9.18,-0.01,58,53244,卖盘
1049,10:28:48,9.18,0.0,19,17442,卖盘
1050,10:28:51,9.19,0.01,116,106604,买盘
1051,10:29:00,9.18,-0.01,14,12852,卖盘
1052,10:29:04,9.19,0.01,4,3676,买盘
1053,10:29:06,9.18,-0.01,8,7344,卖盘
1054,10:29:09,9.19,0.01,9,8271,买盘
1055,10:29:15,9.19,0.0,4,3676,买盘
1056,10:29:21,9.19,0.0,11,10109,买盘
1057,10:29:24,9.19,0.0,6,5513,买盘
1058,10:29:33,9.18,-0.01,5,4590,卖盘
1059,10:29:36,9.19,0.01,4,3676,买盘
1060,10:29:39,9.19,0.0,14,12866,买盘
1061,10:29:42,9.19,0.0,306,281214,买盘
1062,10:29:45,9.19,0.0,65,59742,卖盘
1063,10:29:48,9.2,0.01,4,3680,买盘
1064,10:29:51,9.2,0.0,60,55200,买盘
1065,10:29:54,9.19,-0.01,32,29408,卖盘
1066,10:29:57,9.2,0.01,37,34040,买盘
1067,10:30:04,9.19,-0.01,30,27570,卖盘
1068,10:30:07,9.2,0.01,28,25760,买盘
1069,10:30:10,9.2,0.0,28,25754,买盘
1070,10:30:12,9.2,0.0,11,10120,买盘
1071,10:30:15,9.2,0.0,57,52440,买盘
1072,10:30:18,9.2,0.0,67,61640,买盘
1073,10:30:21,9.19,-0.01,55,50595,卖盘
1074,10:30:24,9.2,0.01,267,245640,买盘
1075,10:30:28,9.2,0.0,271,249320,买盘
1076,10:30:30,9.21,0.01,376,345936,买盘
1077,10:30:33,9.21,0.0,146,134456,买盘
1078,10:30:36,9.21,0.0,98,90258,买盘
1079,10:30:39,9.21,0.0,16,14736,买盘
1080,10:30:42,9.21,0.0,4,3684,买盘
1081,10:30:49,9.21,0.0,3,2763,买盘
1082,10:30:51,9.21,0.0,7,6447,买盘
1083,10:30:54,9.2,-0.01,18,16573,卖盘
1084,10:30:57,9.22,0.02,322,296568,买盘
1085,10:31:04,9.22,0.0,17,15664,买盘
1086,10:31:09,9.22,0.0,28,25796,买盘
1087,10:31:12,9.2,-0.02,26,23940,卖盘
1088,10:31:15,9.22,0.02,13,11985,买盘
1089,10:31:18,9.22,0.0,45,41480,买盘
1090,10:31:21,9.21,-0.01,6,5526,卖盘
1091,10:31:24,9.22,0.01,55,50660,买盘
1092,10:31:27,9.22,0.0,9,8293,买盘
1093,10:31:37,9.22,0.0,42,38724,买盘
1094,10:31:40,9.22,0.0,7,6454,买盘
1095,10:31:42,9.21,-0.01,10,9210,卖盘
1096,10:31:48,9.21,0.0,27,24891,卖盘
1097,10:31:55,9.22,0.01,91,83902,买盘
1098,10:31:58,9.21,-0.01,5,4605,卖盘
1099,10:32:01,9.22,0.01,4,3688,买盘
1100,10:32:04,9.22,0.0,35,32270,买盘
1101,10:32:07,9.22,0.0,11,10142,买盘
1102,10:32:09,9.21,-0.01,54,49758,卖盘
1103,10:32:12,9.21,0.0,5,4605,卖盘
1104,10:32:15,9.22,0.01,55,50710,买盘
1105,10:32:19,9.21,-0.01,222,204462,卖盘
1106,10:32:22,9.21,0.0,55,50655,买盘
1107,10:32:33,9.21,0.0,5,4605,买盘
1108,10:32:36,9.21,0.0,4,3684,买盘
1109,10:32:40,9.21,0.0,19,17499,买盘
1110,10:32:43,9.21,0.0,4,3684,买盘
1111,10:32:46,9.21,0.0,10,9210,买盘
1112,10:32:49,9.2,-0.01,9,8280,卖盘
1113,10:32:54,9.21,0.01,4,3684,买盘
1114,10:32:57,9.21,0.0,27,24867,买盘
1115,10:33:03,9.21,0.0,22,20262,买盘
1116,10:33:06,9.21,0.0,8,7368,买盘
1117,10:33:10,9.2,-0.01,351,322928,卖盘
1118,10:33:15,9.21,0.01,5,4605,买盘
1119,10:33:21,9.19,-0.02,72,66168,卖盘
1120,10:33:24,9.2,0.01,68,62560,买盘
1121,10:33:27,9.2,0.0,5,4600,买盘
1122,10:33:39,9.19,-0.01,16,14708,中性盘
1123,10:33:42,9.18,-0.01,4,3672,卖盘
1124,10:33:49,9.19,0.01,5,4595,买盘
1125,10:33:52,9.18,-0.01,5,4590,卖盘
1126,10:34:01,9.19,0.01,4,3676,买盘
1127,10:34:04,9.19,0.0,6,5514,买盘
1128,10:34:06,9.18,-0.01,7,6426,卖盘
1129,10:34:12,9.19,0.01,4,3676,买盘
1130,10:34:18,9.18,-0.01,5,4590,卖盘
1131,10:34:22,9.19,0.01,5,4595,买盘
1132,10:34:24,9.18,-0.01,85,78030,卖盘
1133,10:34:33,9.19,0.01,21,19298,买盘
1134,10:34:45,9.17,-0.02,28,25682,卖盘
1135,10:34:54,9.2,0.03,73,67091,买盘
1136,10:34:57,9.2,0.0,4,3680,买盘
1137,10:35:01,9.17,-0.03,64,58689,卖盘
1138,10:35:04,9.2,0.03,5,4600,买盘
1139,10:35:07,9.19,-0.01,10,9190,中性盘
1140,10:35:13,9.19,0.0,1,919,买盘
1141,10:35:18,9.19,0.0,4,3676,买盘
1142,10:35:25,9.18,-0.01,43,39474,卖盘
1143,10:35:28,9.18,0.0,33,30294,卖盘
1144,10:35:30,9.18,0.0,5,4590,买盘
1145,10:35:33,9.18,0.0,15,13770,买盘
1146,10:35:39,9.18,0.0,4,3672,买盘
1147,10:35:42,9.18,0.0,41,37633,买盘
1148,10:35:46,9.17,-0.01,5,4585,卖盘
1149,10:35:51,9.18,0.01,5,4590,买盘
1150,10:35:57,9.18,0.0,6,5508,买盘
1151,10:36:04,9.17,-0.01,206,189045,卖盘
1152,10:36:06,9.18,0.01,6,5508,卖盘
1153,10:36:12,9.18,0.0,68,62360,买盘
1154,10:36:18,9.18,0.0,35,32130,买盘
1155,10:36:25,9.18,0.0,86,78948,买盘
1156,10:36:33,9.17,-0.01,8,7336,买盘
1157,10:36:36,9.16,-0.01,14,12828,卖盘
1158,10:36:39,9.16,0.0,3,2748,卖盘
1159,10:36:45,9.17,0.01,4,3668,买盘
1160,10:36:51,9.16,-0.01,37,33892,卖盘
1161,10:36:54,9.16,0.0,10,9160,卖盘
1162,10:36:57,9.17,0.01,4,3668,买盘
1163,10:37:00,9.17,0.0,85,77895,买盘
1164,10:37:03,9.17,0.0,2,1834,买盘
1165,10:37:06,9.16,-0.01,19,17412,卖盘
1166,10:37:10,9.16,0.0,17,15581,卖盘
1167,10:37:15,9.16,0.0,4,3664,卖盘
1168,10:37:18,9.17,0.01,4,3668,买盘
1169,10:37:21,9.16,-0.01,13,11908,卖盘
1170,10:37:24,9.16,0.0,66,60456,卖盘
1171,10:37:28,9.16,0.0,5,4580,卖盘
1172,10:37:30,9.16,0.0,29,26569,卖盘
1173,10:37:33,9.17,0.01,4,3668,买盘
1174,10:37:36,9.17,0.0,19,17422,买盘
1175,10:37:39,9.16,-0.01,100,91600,卖盘
1176,10:37:42,9.16,0.0,124,113589,卖盘
1177,10:37:45,9.16,0.0,68,62288,卖盘
1178,10:37:48,9.16,0.0,31,28689,卖盘
1179,10:37:51,9.15,-0.01,174,159210,卖盘
1180,10:37:54,9.16,0.01,83,76002,买盘
1181,10:37:57,9.15,-0.01,1,915,买盘
1182,10:38:03,9.15,0.0,4,3660,买盘
1183,10:38:09,9.15,0.0,24,21960,卖盘
1184,10:38:12,9.15,0.0,43,39345,买盘
1185,10:38:15,9.15,0.0,35,32025,买盘
1186,10:38:24,9.15,0.0,4,3660,买盘
1187,10:38:30,9.15,0.0,36,32940,买盘
1188,10:38:33,9.14,-0.01,300,274264,卖盘
1189,10:38:36,9.16,0.02,10,9160,买盘
1190,10:38:45,9.16,0.0,40,36640,买盘
1191,10:38:48,9.15,-0.01,16,14644,卖盘
1192,10:38:57,9.16,0.01,5,4580,买盘
1193,10:39:00,9.15,-0.01,1,915,卖盘
1194,10:39:04,9.15,0.0,19,17389,卖盘
1195,10:39:06,9.16,0.01,6,5496,买盘
1196,10:39:09,9.16,0.0,4,3664,买盘
1197,10:39:21,9.15,-0.01,14,12814,卖盘
1198,10:39:24,9.17,0.02,91,83400,买盘
1199,10:39:28,9.15,-0.02,15,13725,卖盘
1200,10:39:30,9.17,0.02,5,4585,买盘
1201,10:39:33,9.15,-0.02,71,64965,卖盘
1202,10:39:36,9.15,0.0,22,20130,买盘
1203,10:39:39,9.15,0.0,7,6405,买盘
1204,10:39:42,9.16,0.01,4,3664,买盘
1205,10:39:48,9.15,-0.01,27,24705,卖盘
1206,10:39:54,9.15,0.0,8,7325,卖盘
1207,10:40:03,9.16,0.01,5,4580,买盘
1208,10:40:07,9.16,0.0,5,4580,买盘
1209,10:40:15,9.16,0.0,4,3664,买盘
1210,10:40:18,9.16,0.0,2,1832,买盘
1211,10:40:27,9.17,0.01,5,4585,买盘
1212,10:40:30,9.16,-0.01,2,1832,卖盘
1213,10:40:36,9.17,0.01,25,22925,买盘
1214,10:40:48,9.17,0.0,4,3668,买盘
1215,10:40:54,9.17,0.0,60,55020,买盘
1216,10:40:57,9.17,0.0,11,10082,买盘
1217,10:41:00,9.17,0.0,5,4585,买盘
1218,10:41:06,9.17,0.0,63,57771,买盘
1219,10:41:12,9.16,-0.01,34,31148,卖盘
1220,10:41:21,9.17,0.01,4,3668,买盘
1221,10:41:24,9.16,-0.01,1,916,卖盘
1222,10:41:33,9.17,0.01,4,3668,买盘
1223,10:41:36,9.17,0.0,20,18340,买盘
1224,10:41:39,9.17,0.0,38,34841,买盘
1225,10:41:45,9.17,0.0,4,3668,买盘
1226,10:41:54,9.17,0.0,5,4585,买盘
1227,10:41:57,9.16,-0.01,39,35757,卖盘
1228,10:42:04,9.16,0.0,25,22900,卖盘
1229,10:42:07,9.17,0.01,19,17423,买盘
1230,10:42:15,9.16,-0.01,20,18320,卖盘
1231,10:42:18,9.17,0.01,5,4585,买盘
1232,10:42:21,9.16,-0.01,32,29319,卖盘
1233,10:42:24,9.16,0.0,23,21088,卖盘
1234,10:42:27,9.17,0.01,116,106362,买盘
1235,10:42:33,9.16,-0.01,38,34808,卖盘
1236,10:42:36,9.17,0.01,6,5502,买盘
1237,10:42:40,9.16,-0.01,45,41225,卖盘
1238,10:42:46,9.17,0.01,78,71484,买盘
1239,10:42:51,9.17,0.0,4,3668,买盘
1240,10:42:57,9.16,-0.01,30,27480,卖盘
1241,10:43:00,9.17,0.01,4,3668,买盘
1242,10:43:04,9.16,-0.01,1,916,卖盘
1243,10:43:06,9.17,0.01,4,3668,买盘
1244,10:43:09,9.16,-0.01,5,4580,卖盘
1245,10:43:12,9.17,0.01,4,3668,买盘
1246,10:43:21,9.16,-0.01,17,15572,卖盘
1247,10:43:24,9.17,0.01,24,22008,买盘
1248,10:43:27,9.16,-0.01,30,27480,卖盘
1249,10:43:30,9.17,0.01,360,330106,买盘
1250,10:43:33,9.18,0.01,44,40392,买盘
1251,10:43:36,9.18,0.0,8,7344,买盘
1252,10:43:39,9.18,0.0,1,918,买盘
1253,10:43:42,9.17,-0.01,13,11921,卖盘
1254,10:43:45,9.18,0.01,40,36720,买盘
1255,10:43:51,9.17,-0.01,10,9170,卖盘
1256,10:43:57,9.18,0.01,80,73440,买盘
1257,10:44:01,9.17,-0.01,30,27510,卖盘
1258,10:44:04,9.18,0.01,19,17442,买盘
1259,10:44:06,9.18,0.0,19,17442,买盘
1260,10:44:09,9.17,-0.01,50,45850,卖盘
1261,10:44:18,9.18,0.01,4,3672,买盘
1262,10:44:24,9.17,-0.01,28,25688,卖盘
1263,10:44:27,9.18,0.01,65,59670,买盘
1264,10:44:30,9.18,0.0,4,3672,买盘
1265,10:44:33,9.18,0.0,50,45900,买盘
1266,10:44:36,9.18,0.0,11,10098,买盘
1267,10:44:40,9.18,0.0,5,4590,买盘
1268,10:44:42,9.17,-0.01,16,14672,卖盘
1269,10:44:45,9.18,0.01,4,3672,买盘
1270,10:44:48,9.18,0.0,69,63292,买盘
1271,10:44:51,9.18,0.0,4,3672,买盘
1272,10:44:57,9.18,0.0,11,10095,买盘
1273,10:45:04,9.17,-0.01,59,54108,卖盘
1274,10:45:06,9.17,0.0,52,47691,卖盘
1275,10:45:09,9.17,0.0,1,917,买盘
1276,10:45:12,9.18,0.01,12,11005,买盘
1277,10:45:18,9.17,-0.01,22,20174,买盘
1278,10:45:21,9.17,0.0,1,917,买盘
1279,10:45:24,9.18,0.01,46,42186,买盘
1280,10:45:27,9.17,-0.01,100,91700,卖盘
1281,10:45:30,9.18,0.01,109,100061,买盘
1282,10:45:36,9.18,0.0,17,15606,买盘
1283,10:45:39,9.18,0.0,53,48614,买盘
1284,10:45:45,9.17,-0.01,20,18340,买盘
1285,10:45:48,9.18,0.01,4,3672,买盘
1286,10:45:51,9.18,0.0,4,3672,买盘
1287,10:45:57,9.18,0.0,5,4590,买盘
1288,10:46:01,9.18,0.0,450,413100,买盘
1289,10:46:06,9.18,0.0,24,22044,卖盘
1290,10:46:09,9.18,0.0,12,11025,卖盘
1291,10:46:18,9.19,0.01,18,16529,买盘
1292,10:46:21,9.18,-0.01,11,10103,卖盘
1293,10:46:27,9.18,0.0,44,40392,卖盘
1294,10:46:31,9.19,0.01,5,4595,买盘
1295,10:46:33,9.19,0.0,5,4595,买盘
1296,10:46:36,9.19,0.0,17,15618,买盘
1297,10:46:39,9.19,0.0,66,60594,买盘
1298,10:46:42,9.19,0.0,4,3676,买盘
1299,10:46:46,9.18,-0.01,7,6432,卖盘
1300,10:46:49,9.18,0.0,4,3672,卖盘
1301,10:46:51,9.19,0.01,5,4595,买盘
1302,10:46:57,9.19,0.0,89,81791,买盘
1303,10:47:00,9.18,-0.01,22,20217,卖盘
1304,10:47:03,9.19,0.01,4,3676,买盘
1305,10:47:06,9.19,0.0,289,265591,买盘
1306,10:47:09,9.19,0.0,149,136931,买盘
1307,10:47:12,9.2,0.01,1,920,买盘
1308,10:47:15,9.19,-0.01,20,18385,卖盘
1309,10:47:21,9.2,0.01,4,3680,买盘
1310,10:47:24,9.2,0.0,4,3680,买盘
1311,10:47:27,9.19,-0.01,11,10109,卖盘
1312,10:47:30,9.19,0.0,2,1838,卖盘
1313,10:47:33,9.2,0.01,4,3680,买盘
1314,10:47:36,9.2,0.0,5,4600,买盘
1315,10:47:39,9.2,0.0,11,10120,买盘
1316,10:47:48,9.2,0.0,9,8280,买盘
1317,10:47:51,9.19,-0.01,23,21137,卖盘
1318,10:47:57,9.2,0.01,5,4600,买盘
1319,10:48:00,9.19,-0.01,35,32165,卖盘
1320,10:48:03,9.2,0.01,4,3680,买盘
1321,10:48:06,9.19,-0.01,10,9190,卖盘
1322,10:48:09,9.2,0.01,18,16556,买盘
1323,10:48:13,9.19,-0.01,14,12866,卖盘
1324,10:48:16,9.2,0.01,4,3680,买盘
1325,10:48:21,9.2,0.0,5,4600,买盘
1326,10:48:27,9.2,0.0,99,91080,买盘
1327,10:48:30,9.2,0.0,5,4600,买盘
1328,10:48:33,9.2,0.0,4,3680,买盘
1329,10:48:39,9.2,0.0,7,6440,买盘
1330,10:48:42,9.2,0.0,14,12870,买盘
1331,10:48:46,9.2,0.0,53,48760,买盘
1332,10:48:54,9.19,-0.01,25,22980,卖盘
1333,10:48:57,9.2,0.01,4,3680,买盘
1334,10:49:00,9.19,-0.01,35,32165,卖盘
1335,10:49:04,9.19,0.0,6,5514,卖盘
1336,10:49:06,9.19,0.0,47,43226,卖盘
1337,10:49:09,9.2,0.01,30,27580,买盘
1338,10:49:13,9.19,-0.01,10,9190,卖盘
1339,10:49:15,9.2,0.01,5,4600,买盘
1340,10:49:24,9.19,-0.01,21,19304,卖盘
1341,10:49:27,9.19,0.0,105,96499,卖盘
1342,10:49:33,9.19,0.0,29,26662,中性盘
1343,10:49:39,9.19,0.0,12,11028,买盘
1344,10:49:48,9.19,0.0,5,4595,买盘
1345,10:49:51,9.18,-0.01,20,18360,卖盘
1346,10:49:58,9.2,0.02,103,94663,买盘
1347,10:50:00,9.2,0.0,5,4600,买盘
1348,10:50:04,9.2,0.0,8,7360,买盘
1349,10:50:06,9.19,-0.01,111,102009,买盘
1350,10:50:09,9.19,0.0,6,5514,买盘
1351,10:50:12,9.19,0.0,4,3676,买盘
1352,10:50:15,9.18,-0.01,1,918,卖盘
1353,10:50:18,9.19,0.01,4,3676,买盘
1354,10:50:21,9.19,0.0,4,3676,买盘
1355,10:50:30,9.19,0.0,21,19299,买盘
1356,10:50:33,9.19,0.0,72,66168,买盘
1357,10:50:36,9.19,0.0,5,4595,买盘
1358,10:50:39,9.19,0.0,18,16542,买盘
1359,10:50:42,9.19,0.0,8,7352,卖盘
1360,10:50:45,9.19,0.0,6,5514,买盘
1361,10:50:48,9.19,0.0,16,14704,买盘
1362,10:50:51,9.2,0.01,53,48756,买盘
1363,10:50:54,9.2,0.0,4,3680,买盘
1364,10:50:58,9.2,0.0,44,40480,买盘
1365,10:51:00,9.2,0.0,5,4600,买盘
1366,10:51:06,9.2,0.0,5,4600,买盘
1367,10:51:09,9.2,0.0,21,19320,买盘
1368,10:51:19,9.19,-0.01,15,13789,卖盘
1369,10:51:24,9.2,0.01,49,45080,买盘
1370,10:51:27,9.2,0.0,95,87400,买盘
1371,10:51:33,9.19,-0.01,10,9190,卖盘
1372,10:51:39,9.19,0.0,112,102936,卖盘
1373,10:51:42,9.19,0.0,16,14704,买盘
1374,10:51:45,9.19,0.0,8,7352,买盘
1375,10:51:48,9.19,0.0,27,24813,买盘
1376,10:51:51,9.19,0.0,52,47788,买盘
1377,10:51:54,9.19,0.0,13,11954,买盘
1378,10:52:00,9.2,0.01,7,6437,买盘
1379,10:52:04,9.19,-0.01,23,21137,卖盘
1380,10:52:06,9.19,0.0,68,62492,买盘
1381,10:52:09,9.2,0.01,501,459981,买盘
1382,10:52:12,9.2,0.0,17,15630,买盘
1383,10:52:16,9.19,-0.01,1,919,中性盘
1384,10:52:19,9.2,0.01,6,5520,买盘
1385,10:52:24,9.2,0.0,5,4600,买盘
1386,10:52:30,9.19,-0.01,8,7352,卖盘
1387,10:52:33,9.2,0.01,11,10117,买盘
1388,10:52:39,9.2,0.0,5,4600,买盘
1389,10:52:42,9.19,-0.01,4,3676,卖盘
1390,10:52:45,9.2,0.01,8,7360,买盘
1391,10:52:48,9.19,-0.01,2,1838,卖盘
1392,10:52:57,9.2,0.01,81,74520,买盘
1393,10:53:00,9.2,0.0,7,6440,买盘
1394,10:53:06,9.2,0.0,20,18385,买盘
1395,10:53:09,9.19,-0.01,18,16554,卖盘
1396,10:53:12,9.2,0.01,10,9200,买盘
1397,10:53:15,9.19,-0.01,5,4595,卖盘
1398,10:53:18,9.2,0.01,4,3680,买盘
1399,10:53:24,9.2,0.0,22,20240,买盘
1400,10:53:27,9.2,0.0,50,46000,买盘
1401,10:53:30,9.2,0.0,64,58830,买盘
1402,10:53:37,9.19,-0.01,2,1838,卖盘
1403,10:53:39,9.2,0.01,126,115805,买盘
1404,10:53:42,9.2,0.0,6,5520,买盘
1405,10:53:51,9.2,0.0,5,4600,买盘
1406,10:53:54,9.2,0.0,17,15640,买盘
1407,10:53:57,9.19,-0.01,64,58816,卖盘
1408,10:54:01,9.19,0.0,6,5514,买盘
1409,10:54:04,9.2,0.01,10,9200,买盘
1410,10:54:06,9.2,0.0,113,103947,买盘
1411,10:54:09,9.2,0.0,14,12880,买盘
1412,10:54:12,9.2,0.0,104,95680,买盘
1413,10:54:15,9.2,0.0,21,19320,买盘
1414,10:54:18,9.2,0.0,117,107640,买盘
1415,10:54:22,9.2,0.0,155,142597,买盘
1416,10:54:25,9.21,0.01,810,745205,买盘
1417,10:54:27,9.21,0.0,229,210909,买盘
1418,10:54:30,9.21,0.0,72,66312,买盘
1419,10:54:33,9.21,0.0,515,474315,买盘
1420,10:54:36,9.22,0.01,9,8298,买盘
1421,10:54:39,9.22,0.0,9,8296,买盘
1422,10:54:42,9.22,0.0,1,922,买盘
1423,10:54:45,9.21,-0.01,59,54348,卖盘
1424,10:54:48,9.22,0.01,10,9220,买盘
1425,10:54:51,9.22,0.0,110,101420,买盘
1426,10:54:54,9.22,0.0,6,5532,买盘
1427,10:54:57,9.22,0.0,21,19362,买盘
1428,10:55:04,9.22,0.0,1,922,买盘
1429,10:55:06,9.22,0.0,170,156740,买盘
1430,10:55:09,9.22,0.0,59,54398,买盘
1431,10:55:12,9.22,0.0,6,5532,买盘
1432,10:55:15,9.22,0.0,100,92200,买盘
1433,10:55:19,9.21,-0.01,393,362336,卖盘
1434,10:55:21,9.23,0.02,14,12920,买盘
1435,10:55:30,9.23,0.0,7,6458,买盘
1436,10:55:36,9.23,0.0,57,52611,买盘
1437,10:55:39,9.23,0.0,42,38766,买盘
1438,10:55:42,9.23,0.0,119,109827,买盘
1439,10:55:45,9.23,0.0,210,193830,买盘
1440,10:55:49,9.23,0.0,5,4615,买盘
1441,10:55:51,9.23,0.0,17,15691,买盘
1442,10:55:54,9.23,0.0,13,11999,买盘
1443,10:56:00,9.23,0.0,93,85839,买盘
1444,10:56:03,9.23,0.0,4,3692,买盘
1445,10:56:06,9.23,0.0,19,17537,买盘
1446,10:56:09,9.23,0.0,5,4615,买盘
1447,10:56:12,9.23,0.0,2,1846,买盘
1448,10:56:15,9.23,0.0,10,9230,买盘
1449,10:56:18,9.23,0.0,9,8307,买盘
1450,10:56:21,9.23,0.0,56,51688,买盘
1451,10:56:24,9.23,0.0,3,2769,买盘
1452,10:56:27,9.23,0.0,17,15691,买盘
1453,10:56:33,9.22,-0.01,17,15679,卖盘
1454,10:56:36,9.22,0.0,26,23986,卖盘
1455,10:56:39,9.23,0.01,34,31377,买盘
1456,10:56:42,9.23,0.0,4,3692,买盘
1457,10:56:49,9.23,0.0,4,3692,买盘
1458,10:56:52,9.23,0.0,9,8307,买盘
1459,10:56:57,9.22,-0.01,11,10142,卖盘
1460,10:57:00,9.23,0.01,50,46121,买盘
1461,10:57:06,9.23,0.0,6,5534,买盘
1462,10:57:09,9.23,0.0,11,10153,买盘
1463,10:57:13,9.23,0.0,7,6461,买盘
1464,10:57:18,9.23,0.0,9,8302,买盘
1465,10:57:21,9.23,0.0,52,47975,买盘
1466,10:57:27,9.23,0.0,116,107037,买盘
1467,10:57:33,9.23,0.0,110,101530,买盘
1468,10:57:37,9.23,0.0,6,5538,买盘
1469,10:57:40,9.23,0.0,18,16602,买盘
1470,10:57:42,9.23,0.0,6,5538,买盘
1471,10:57:45,9.23,0.0,6,5538,买盘
1472,10:57:54,9.23,0.0,4,3692,买盘
1473,10:57:57,9.23,0.0,77,71031,买盘
1474,10:58:00,9.23,0.0,4,3692,买盘
1475,10:58:03,9.22,-0.01,5,4610,卖盘
1476,10:58:06,9.23,0.01,5,4615,买盘
1477,10:58:10,9.23,0.0,390,359601,买盘
1478,10:58:12,9.24,0.01,14,12926,买盘
1479,10:58:15,9.24,0.0,4,3696,买盘
1480,10:58:18,9.23,-0.01,191,176314,卖盘
1481,10:58:24,9.23,0.0,25,23075,卖盘
1482,10:58:27,9.24,0.01,105,96920,买盘
1483,10:58:30,9.24,0.0,5,4620,买盘
1484,10:58:33,9.23,-0.01,6,5538,卖盘
1485,10:58:36,9.23,0.0,5,4615,卖盘
1486,10:58:39,9.24,0.01,24,22176,买盘
1487,10:58:42,9.24,0.0,647,597828,买盘
1488,10:58:45,9.23,-0.01,25,23075,卖盘
1489,10:58:48,9.24,0.01,57,52668,买盘
1490,10:58:54,9.23,-0.01,30,27690,卖盘
1491,10:59:00,9.24,0.01,62,57288,买盘
1492,10:59:04,9.24,0.0,2,1848,买盘
1493,10:59:06,9.24,0.0,11,10164,买盘
1494,10:59:09,9.24,0.0,6,5544,买盘
1495,10:59:12,9.24,0.0,15,13860,买盘
1496,10:59:21,9.24,0.0,12,11088,买盘
1497,10:59:24,9.24,0.0,4,3696,买盘
1498,10:59:30,9.24,0.0,28,25872,买盘
1499,10:59:33,9.24,0.0,25,23080,买盘
1500,10:59:36,9.24,0.0,11,10164,买盘
1501,10:59:42,9.24,0.0,7,6468,买盘
1502,10:59:45,9.23,-0.01,30,27694,卖盘
1503,10:59:48,9.24,0.01,8,7392,买盘
1504,10:59:52,9.24,0.0,70,64670,买盘
1505,10:59:54,9.24,0.0,11,10164,买盘
1506,10:59:57,9.23,-0.01,22,20306,卖盘
1507,11:00:03,9.24,0.01,5,4620,买盘
1508,11:00:06,9.24,0.0,42,38778,买盘
1509,11:00:12,9.24,0.0,68,62776,买盘
1510,11:00:18,9.23,-0.01,7,6465,卖盘
1511,11:00:21,9.24,0.01,2,1848,买盘
1512,11:00:27,9.24,0.0,140,129360,买盘
1513,11:00:30,9.23,-0.01,8,7388,卖盘
1514,11:00:36,9.24,0.01,6,5544,买盘
1515,11:00:39,9.24,0.0,5,4620,买盘
1516,11:00:42,9.24,0.0,7,6468,买盘
1517,11:00:46,9.24,0.0,5,4620,买盘
1518,11:00:49,9.24,0.0,57,52668,买盘
1519,11:00:51,9.24,0.0,9,8316,买盘
1520,11:01:00,9.23,-0.01,9,8307,卖盘
1521,11:01:03,9.24,0.01,4,3696,买盘
1522,11:01:06,9.23,-0.01,23,21233,卖盘
1523,11:01:12,9.24,0.01,19,17546,买盘
1524,11:01:16,9.24,0.0,8,7392,买盘
1525,11:01:18,9.24,0.0,6,5544,买盘
1526,11:01:24,9.24,0.0,5,4620,买盘
1527,11:01:27,9.23,-0.01,2,1846,卖盘
1528,11:01:33,9.24,0.01,7,6468,买盘
1529,11:01:36,9.23,-0.01,5,4619,卖盘
1530,11:01:39,9.24,0.01,101,93324,买盘
1531,11:01:42,9.24,0.0,45,41580,买盘
1532,11:01:45,9.24,0.0,104,96096,买盘
1533,11:01:51,9.24,0.0,14,12936,买盘
1534,11:01:54,9.24,0.0,20,18480,买盘
1535,11:01:57,9.24,0.0,10,9240,买盘
1536,11:02:00,9.24,0.0,78,72054,买盘
1537,11:02:06,9.24,0.0,8,7392,买盘
1538,11:02:09,9.24,0.0,63,58212,买盘
1539,11:02:12,9.24,0.0,10,9240,买盘
1540,11:02:15,9.24,0.0,30,27720,买盘
1541,11:02:19,9.24,0.0,5,4620,买盘
1542,11:02:28,9.24,0.0,4,3696,买盘
1543,11:02:30,9.24,0.0,4,3696,买盘
1544,11:02:36,9.24,0.0,21,19404,买盘
1545,11:02:39,9.24,0.0,4,3696,买盘
1546,11:02:42,9.24,0.0,30,27720,买盘
1547,11:02:45,9.24,0.0,1,924,买盘
1548,11:02:51,9.24,0.0,19,17556,买盘
1549,11:03:04,9.24,0.0,4,3696,买盘
1550,11:03:06,9.24,0.0,41,37864,买盘
1551,11:03:15,9.24,0.0,16,14784,买盘
1552,11:03:21,9.23,-0.01,7,6466,卖盘
1553,11:03:24,9.23,0.0,14,12922,卖盘
1554,11:03:30,9.24,0.01,115,106260,买盘
1555,11:03:33,9.24,0.0,4,3696,买盘
1556,11:03:36,9.23,-0.01,18,16623,卖盘
1557,11:03:42,9.24,0.01,26,24024,买盘
1558,11:03:45,9.24,0.0,7,6468,买盘
1559,11:03:51,9.24,0.0,6,5544,买盘
1560,11:03:57,9.24,0.0,15,13855,买盘
1561,11:04:01,9.24,0.0,32,29568,买盘
1562,11:04:04,9.24,0.0,143,132118,买盘
1563,11:04:06,9.24,0.0,121,111804,买盘
1564,11:04:09,9.23,-0.01,174,161042,卖盘
1565,11:04:12,9.23,0.0,26,23998,买盘
1566,11:04:15,9.23,0.0,341,314743,买盘
1567,11:04:18,9.23,0.0,1,554,卖盘
1568,11:04:22,9.24,0.01,60,55440,买盘
1569,11:04:25,9.25,0.01,15,13867,买盘
1570,11:04:36,9.24,-0.01,10,9240,卖盘
1571,11:04:43,9.25,0.01,36,33290,买盘
1572,11:04:45,9.23,-0.02,26,24021,卖盘
1573,11:04:49,9.24,0.01,8,7392,买盘
1574,11:05:00,9.25,0.01,83,76767,买盘
1575,11:05:03,9.25,0.0,4,3700,买盘
1576,11:05:12,9.24,-0.01,10,9240,卖盘
1577,11:05:15,9.25,0.01,5,4625,买盘
1578,11:05:18,9.25,0.0,5,4625,买盘
1579,11:05:24,9.25,0.0,64,59200,买盘
1580,11:05:31,9.25,0.0,6,5550,买盘
1581,11:05:34,9.24,-0.01,22,20346,卖盘
1582,11:05:37,9.25,0.01,6,5550,买盘
1583,11:05:40,9.25,0.0,49,45325,买盘
1584,11:05:42,9.25,0.0,391,361675,买盘
1585,11:05:45,9.25,0.0,137,126725,买盘
1586,11:05:48,9.25,0.0,1247,1153790,买盘
1587,11:05:51,9.26,0.01,55,50930,买盘
1588,11:05:54,9.26,0.0,145,134270,买盘
1589,11:05:57,9.26,0.0,397,367622,买盘
1590,11:06:00,9.26,0.0,156,144456,买盘
1591,11:06:04,9.26,0.0,31,28734,卖盘
1592,11:06:06,9.27,0.01,174,161295,买盘
1593,11:06:09,9.27,0.0,19,17613,买盘
1594,11:06:12,9.26,-0.01,5,4630,卖盘
1595,11:06:15,9.27,0.01,24,22248,买盘
1596,11:06:18,9.27,0.0,6,5562,买盘
1597,11:06:21,9.27,0.0,21,19467,买盘
1598,11:06:27,9.27,0.0,104,96408,买盘
1599,11:06:30,9.27,0.0,73,67671,买盘
1600,11:06:34,9.27,0.0,268,248436,买盘
1601,11:06:37,9.28,0.01,12,11136,买盘
1602,11:06:39,9.27,-0.01,1,927,卖盘
1603,11:06:42,9.28,0.01,26,24128,买盘
1604,11:06:45,9.28,0.0,3,2784,买盘
1605,11:06:48,9.27,-0.01,11,10204,卖盘
1606,11:06:51,9.27,0.0,5,4635,卖盘
1607,11:06:54,9.28,0.01,96,89088,买盘
1608,11:06:57,9.28,0.0,30,27818,买盘
1609,11:07:00,9.28,0.0,11,10208,买盘
1610,11:07:07,9.28,0.0,37,34306,买盘
1611,11:07:10,9.28,0.0,120,111360,买盘
1612,11:07:12,9.28,0.0,6,5568,买盘
1613,11:07:15,9.28,0.0,11,10208,买盘
1614,11:07:18,9.28,0.0,499,463072,买盘
1615,11:07:24,9.29,0.01,12,11148,买盘
1616,11:07:27,9.29,0.0,102,94756,买盘
1617,11:07:30,9.28,-0.01,9,8356,卖盘
1618,11:07:34,9.28,0.0,32,29718,卖盘
1619,11:07:36,9.29,0.01,602,559255,买盘
1620,11:07:39,9.28,-0.01,90,83570,卖盘
1621,11:07:42,9.29,0.01,74,68123,买盘
1622,11:07:45,9.29,0.0,56,52024,买盘
1623,11:07:48,9.29,0.0,125,116125,买盘
1624,11:07:51,9.29,0.0,151,140279,买盘
1625,11:07:54,9.28,-0.01,228,211631,卖盘
1626,11:07:57,9.28,0.0,36,33408,买盘
1627,11:08:00,9.28,0.0,86,79808,买盘
1628,11:08:03,9.28,0.0,7,6496,买盘
1629,11:08:06,9.27,-0.01,10,9275,卖盘
1630,11:08:09,9.28,0.01,16,14848,买盘
1631,11:08:13,9.28,0.0,12,11711,买盘
1632,11:08:16,9.29,0.01,2,1857,买盘
1633,11:08:21,9.28,-0.01,32,29128,卖盘
1634,11:08:24,9.28,0.0,15,13920,买盘
1635,11:08:27,9.28,0.0,7,6496,买盘
1636,11:08:30,9.27,-0.01,5,4635,卖盘
1637,11:08:36,9.28,0.01,15,13920,买盘
1638,11:08:43,9.28,0.0,37,34336,买盘
1639,11:08:45,9.28,0.0,5,4640,买盘
1640,11:08:48,9.28,0.0,4,3712,买盘
1641,11:08:57,9.27,-0.01,2,1854,卖盘
1642,11:09:03,9.27,0.0,105,97340,卖盘
1643,11:09:06,9.27,0.0,3,2781,卖盘
1644,11:09:09,9.28,0.01,45,41760,买盘
1645,11:09:15,9.27,-0.01,30,27810,卖盘
1646,11:09:18,9.27,0.0,5,4635,卖盘
1647,11:09:21,9.27,0.0,27,25029,卖盘
1648,11:09:24,9.27,0.0,2,1854,卖盘
1649,11:09:30,9.28,0.01,101,93728,买盘
1650,11:09:33,9.27,-0.01,37,34299,卖盘
1651,11:09:36,9.27,0.0,4,3708,买盘
1652,11:09:42,9.27,0.0,30,27810,买盘
1653,11:09:45,9.27,0.0,1,927,买盘
1654,11:09:57,9.26,-0.01,2,1852,卖盘
1655,11:10:00,9.27,0.01,28,25956,买盘
1656,11:10:06,9.27,0.0,3,2781,买盘
1657,11:10:18,9.26,-0.01,1,926,卖盘
1658,11:10:21,9.27,0.01,10,9270,买盘
1659,11:10:27,9.27,0.0,21,19467,买盘
1660,11:10:36,9.27,0.0,53,49131,买盘
1661,11:10:40,9.27,0.0,7,6484,买盘
1662,11:10:43,9.27,0.0,37,34289,买盘
1663,11:10:45,9.27,0.0,19,17613,买盘
1664,11:10:48,9.27,0.0,11,10197,卖盘
1665,11:10:54,9.26,-0.01,137,126869,卖盘
1666,11:11:00,9.28,0.02,84,77871,买盘
1667,11:11:03,9.26,-0.02,5,4630,卖盘
1668,11:11:09,9.27,0.01,8,7416,买盘
1669,11:11:18,9.27,0.0,31,28737,买盘
1670,11:11:21,9.28,0.01,66,61185,买盘
1671,11:11:24,9.28,0.0,4,3712,买盘
1672,11:11:30,9.28,0.0,1,928,买盘
1673,11:11:33,9.26,-0.02,1,926,卖盘
1674,11:11:36,9.27,0.01,4,3708,买盘
1675,11:11:39,9.27,0.0,52,48204,买盘
1676,11:11:42,9.28,0.01,26,24128,买盘
1677,11:11:45,9.28,0.0,8,7424,买盘
1678,11:11:48,9.28,0.0,322,298806,买盘
1679,11:11:51,9.27,-0.01,4,3708,卖盘
1680,11:11:57,9.27,0.0,10,9270,卖盘
1681,11:12:04,9.27,0.0,6,5567,卖盘
1682,11:12:06,9.28,0.01,12,11131,买盘
1683,11:12:09,9.28,0.0,47,43606,买盘
1684,11:12:15,9.28,0.0,21,19477,买盘
1685,11:12:18,9.28,0.0,5,4640,买盘
1686,11:12:24,9.25,-0.03,188,174085,卖盘
1687,11:12:30,9.25,0.0,119,110075,买盘
1688,11:12:33,9.25,0.0,5,4625,买盘
1689,11:12:36,9.25,0.0,9,8325,买盘
1690,11:12:42,9.27,0.02,26,24102,买盘
1691,11:12:45,9.25,-0.02,20,18500,卖盘
1692,11:12:48,9.26,0.01,8,7408,买盘
1693,11:12:51,9.25,-0.01,44,40737,卖盘
1694,11:12:54,9.26,0.01,5,4630,买盘
1695,11:13:00,9.25,-0.01,8,7400,卖盘
1696,11:13:06,9.27,0.02,4,3708,买盘
1697,11:13:09,9.26,-0.01,25,23150,卖盘
1698,11:13:15,9.27,0.01,17,15749,买盘
1699,11:13:18,9.27,0.0,11,10197,买盘
1700,11:13:21,9.27,0.0,45,41710,买盘
1701,11:13:30,9.26,-0.01,3,2778,卖盘
1702,11:13:33,9.27,0.01,17,15754,买盘
1703,11:13:36,9.27,0.0,16,14832,买盘
1704,11:13:43,9.27,0.0,26,24102,买盘
1705,11:13:48,9.27,0.0,8,7416,买盘
1706,11:13:51,9.26,-0.01,21,19450,卖盘
1707,11:13:57,9.27,0.01,39,36143,买盘
1708,11:14:04,9.27,0.0,94,87138,买盘
1709,11:14:07,9.26,-0.01,4,3704,卖盘
1710,11:14:09,9.27,0.01,45,41715,买盘
1711,11:14:12,9.26,-0.01,15,13890,卖盘
1712,11:14:15,9.27,0.01,5,4634,买盘
1713,11:14:18,9.26,-0.01,24,22226,卖盘
1714,11:14:21,9.27,0.01,6,5562,买盘
1715,11:14:27,9.27,0.0,4,3708,买盘
1716,11:14:30,9.26,-0.01,10,9260,卖盘
1717,11:14:33,9.26,0.0,33,30558,卖盘
1718,11:14:36,9.26,0.0,16,14816,卖盘
1719,11:14:42,9.27,0.01,31,28737,买盘
1720,11:14:48,9.27,0.0,6,5559,买盘
1721,11:14:54,9.26,-0.01,20,18520,卖盘
1722,11:15:00,9.26,0.0,26,24076,卖盘
1723,11:15:03,9.26,0.0,11,10186,买盘
1724,11:15:18,9.26,0.0,7,6482,买盘
1725,11:15:21,9.25,-0.01,10,9250,卖盘
1726,11:15:27,9.25,0.0,62,57350,卖盘
1727,11:15:30,9.26,0.01,80,74075,买盘
1728,11:15:39,9.24,-0.02,31,28644,卖盘
1729,11:15:52,9.25,0.01,43,39775,买盘
1730,11:15:55,9.24,-0.01,1,924,卖盘
1731,11:16:01,9.26,0.02,49,45374,买盘
1732,11:16:07,9.24,-0.02,5,4620,卖盘
1733,11:16:15,9.25,0.01,3,2775,买盘
1734,11:16:18,9.25,0.0,10,9241,买盘
1735,11:16:21,9.24,-0.01,62,57288,卖盘
1736,11:16:27,9.25,0.01,30,27750,买盘
1737,11:16:33,9.23,-0.02,2,1846,卖盘
1738,11:16:37,9.25,0.02,64,59170,买盘
1739,11:16:39,9.25,0.0,1,925,买盘
1740,11:16:42,9.25,0.0,6,5550,买盘
1741,11:16:48,9.25,0.0,10,9250,卖盘
1742,11:16:51,9.25,0.0,10,9250,卖盘
1743,11:16:54,9.25,0.0,3,2775,卖盘
1744,11:16:57,9.25,0.0,24,22200,卖盘
1745,11:17:01,9.26,0.01,86,79620,买盘
1746,11:17:18,9.25,-0.01,3,2775,买盘
1747,11:17:24,9.24,-0.01,3,2772,卖盘
1748,11:17:27,9.24,0.0,30,27720,卖盘
1749,11:17:30,9.24,0.0,40,36960,卖盘
1750,11:17:42,9.24,0.0,26,24024,买盘
1751,11:17:45,9.24,0.0,15,13860,买盘
1752,11:17:48,9.25,0.01,7,6475,买盘
1753,11:17:54,9.24,-0.01,51,47124,卖盘
1754,11:18:03,9.23,-0.01,30,27719,卖盘
1755,11:18:09,9.24,0.01,36,33264,卖盘
1756,11:18:12,9.24,0.0,4,3696,买盘
1757,11:18:15,9.23,-0.01,5,4615,卖盘
1758,11:18:21,9.23,0.0,24,22171,卖盘
1759,11:18:30,9.23,0.0,26,23998,卖盘
1760,11:18:33,9.23,0.0,81,74822,卖盘
1761,11:18:36,9.23,0.0,7,6461,卖盘
1762,11:18:39,9.23,0.0,54,49842,卖盘
1763,11:18:42,9.24,0.01,14,12925,买盘
1764,11:18:51,9.23,-0.01,9,8309,卖盘
1765,11:18:54,9.23,0.0,5,4615,卖盘
1766,11:18:57,9.23,0.0,11,10153,卖盘
1767,11:19:00,9.23,0.0,9,8307,买盘
1768,11:19:06,9.22,-0.01,60,55320,卖盘
1769,11:19:16,9.24,0.02,4,3696,买盘
1770,11:19:21,9.24,0.0,2,1848,买盘
1771,11:19:30,9.24,0.0,5,4620,买盘
1772,11:19:33,9.24,0.0,4,3696,买盘
1773,11:19:42,9.24,0.0,26,24024,买盘
1774,11:19:51,9.24,0.0,3,2772,买盘
1775,11:20:04,9.24,0.0,82,75750,买盘
1776,11:20:06,9.22,-0.02,40,36904,卖盘
1777,11:20:09,9.24,0.02,4,3696,买盘
1778,11:20:18,9.24,0.0,20,18480,买盘
1779,11:20:21,9.24,0.0,3,2772,买盘
1780,11:20:27,9.23,-0.01,65,59995,卖盘
1781,11:20:30,9.23,0.0,38,35074,买盘
1782,11:20:39,9.24,0.01,65,60060,买盘
1783,11:20:42,9.24,0.0,25,23100,买盘
1784,11:20:51,9.25,0.01,1,925,买盘
1785,11:20:55,9.25,0.0,49,45325,买盘
1786,11:20:57,9.24,-0.01,3,2772,卖盘
1787,11:21:04,9.24,0.0,10,9240,卖盘
1788,11:21:10,9.24,0.0,18,16632,卖盘
1789,11:21:12,9.24,0.0,3,2772,卖盘
1790,11:21:18,9.24,0.0,10,9240,卖盘
1791,11:21:21,9.25,0.01,5,4625,买盘
1792,11:21:33,9.25,0.0,138,127650,买盘
1793,11:21:37,9.24,-0.01,20,18489,卖盘
1794,11:21:39,9.24,0.0,10,9240,卖盘
1795,11:21:42,9.25,0.01,42,38850,买盘
1796,11:21:45,9.24,-0.01,336,310481,卖盘
1797,11:21:48,9.24,0.0,33,30492,买盘
1798,11:21:51,9.24,0.0,39,36036,买盘
1799,11:21:54,9.24,0.0,33,30492,买盘
1800,11:21:57,9.24,0.0,33,30492,买盘
1801,11:22:00,9.24,0.0,277,255948,买盘
1802,11:22:04,9.24,0.0,40,36960,买盘
1803,11:22:06,9.24,0.0,5,4620,买盘
1804,11:22:39,9.24,0.0,10,9240,买盘
1805,11:22:42,9.24,0.0,26,24024,买盘
1806,11:22:51,9.24,0.0,3,2772,买盘
1807,11:22:57,9.24,0.0,1,924,买盘
1808,11:23:04,9.24,0.0,98,90552,买盘
1809,11:23:12,9.23,-0.01,4,3692,卖盘
1810,11:23:16,9.24,0.01,91,84084,买盘
1811,11:23:30,9.24,0.0,8,7392,买盘
1812,11:23:36,9.24,0.0,13,12008,买盘
1813,11:23:40,9.24,0.0,12,11088,买盘
1814,11:23:43,9.25,0.01,26,24050,买盘
1815,11:23:51,9.25,0.0,1,925,买盘
1816,11:23:54,9.25,0.0,4,3700,买盘
1817,11:24:06,9.25,0.0,16,14800,买盘
1818,11:24:12,9.25,0.0,2,1850,买盘
1819,11:24:21,9.25,0.0,15,13875,买盘
1820,11:24:30,9.25,0.0,86,79550,买盘
1821,11:24:33,9.26,0.01,134,124008,买盘
1822,11:24:36,9.26,0.0,54,50004,买盘
1823,11:24:40,9.26,0.0,46,42596,买盘
1824,11:24:42,9.26,0.0,65,60190,买盘
1825,11:24:45,9.26,0.0,33,30558,买盘
1826,11:24:48,9.26,0.0,12,11112,买盘
1827,11:24:54,9.26,0.0,1,926,买盘
1828,11:24:57,9.26,0.0,5,4630,买盘
1829,11:25:00,9.26,0.0,1,926,买盘
1830,11:25:03,9.26,0.0,24,22224,买盘
1831,11:25:06,9.26,0.0,19,17610,中性盘
1832,11:25:15,9.26,0.0,3,2778,买盘
1833,11:25:21,9.27,0.01,12,11116,买盘
1834,11:25:24,9.26,-0.01,1,926,卖盘
1835,11:25:27,9.28,0.02,413,382932,买盘
1836,11:25:33,9.28,0.0,22,20416,买盘
1837,11:25:36,9.27,-0.01,36,33386,中性盘
1838,11:25:39,9.27,0.0,10,9270,买盘
1839,11:25:43,9.27,0.0,31,28736,买盘
1840,11:25:46,9.27,0.0,7,6489,买盘
1841,11:25:49,9.27,0.0,2,1854,卖盘
1842,11:25:51,9.27,0.0,11,10201,卖盘
1843,11:25:54,9.28,0.01,6,5568,买盘
1844,11:26:00,9.28,0.0,15,13910,买盘
1845,11:26:04,9.28,0.0,106,98368,买盘
1846,11:26:06,9.28,0.0,10,9280,买盘
1847,11:26:12,9.28,0.0,4,3712,买盘
1848,11:26:15,9.27,-0.01,3,2781,卖盘
1849,11:26:21,9.28,0.01,7,6496,买盘
1850,11:26:25,9.28,0.0,24,22272,买盘
1851,11:26:27,9.28,0.0,8,7421,买盘
1852,11:26:30,9.27,-0.01,1,927,卖盘
1853,11:26:33,9.28,0.01,27,25056,买盘
1854,11:26:36,9.28,0.0,15,13920,买盘
1855,11:26:39,9.28,0.0,17,15776,买盘
1856,11:26:42,9.28,0.0,54,50112,买盘
1857,11:26:45,9.28,0.0,21,19488,买盘
1858,11:26:55,9.28,0.0,14,12992,买盘
1859,11:26:57,9.27,-0.01,10,9275,卖盘
1860,11:27:01,9.28,0.01,4,3712,买盘
1861,11:27:04,9.29,0.01,554,514450,买盘
1862,11:27:06,9.28,-0.01,32,29713,卖盘
1863,11:27:09,9.29,0.01,551,512455,买盘
1864,11:27:18,9.3,0.01,4,3720,买盘
1865,11:27:21,9.3,0.0,8,7440,买盘
1866,11:27:24,9.29,-0.01,47,43689,卖盘
1867,11:27:27,9.3,0.01,5,4647,买盘
1868,11:27:30,9.29,-0.01,16,14870,卖盘
1869,11:27:33,9.3,0.01,81,75330,买盘
1870,11:27:36,9.3,0.0,73,67890,买盘
1871,11:27:39,9.3,0.0,14,13020,买盘
1872,11:27:42,9.3,0.0,29,26969,买盘
1873,11:27:45,9.3,0.0,183,170190,买盘
1874,11:27:48,9.31,0.01,674,626831,买盘
1875,11:27:51,9.32,0.01,91,84725,买盘
1876,11:27:54,9.32,0.0,25,23280,买盘
1877,11:27:57,9.32,0.0,9,8388,买盘
1878,11:28:00,9.32,0.0,4,3728,买盘
1879,11:28:03,9.32,0.0,169,157458,买盘
1880,11:28:07,9.32,0.0,189,176140,买盘
1881,11:28:09,9.32,0.0,9,8388,卖盘
1882,11:28:12,9.33,0.01,10,9325,买盘
1883,11:28:15,9.32,-0.01,8,7456,卖盘
1884,11:28:18,9.32,0.0,8,7456,卖盘
1885,11:28:21,9.32,0.0,15,13985,卖盘
1886,11:28:24,9.32,0.0,36,33558,卖盘
1887,11:28:27,9.32,0.0,8,7456,买盘
1888,11:28:30,9.31,-0.01,3,2793,卖盘
1889,11:28:36,9.31,0.0,10,9314,卖盘
1890,11:28:39,9.31,0.0,3,2793,卖盘
1891,11:28:42,9.32,0.01,33,30756,买盘
1892,11:28:45,9.32,0.0,5,4660,买盘
1893,11:28:48,9.31,-0.01,5,4655,卖盘
1894,11:28:51,9.32,0.01,4,3728,买盘
1895,11:28:57,9.31,-0.01,32,29819,卖盘
1896,11:29:00,9.31,0.0,34,31654,卖盘
1897,11:29:03,9.32,0.01,134,124670,买盘
1898,11:29:07,9.32,0.0,10,9320,买盘
1899,11:29:09,9.31,-0.01,63,58653,中性盘
1900,11:29:12,9.31,0.0,6,5586,买盘
1901,11:29:18,9.31,0.0,62,57722,买盘
1902,11:29:21,9.31,0.0,11,10236,买盘
1903,11:29:24,9.31,0.0,1,931,买盘
1904,11:29:30,9.31,0.0,9,8379,买盘
1905,11:29:33,9.31,0.0,73,67963,买盘
1906,11:29:36,9.3,-0.01,11,10234,卖盘
1907,11:29:39,9.31,0.01,5,4655,买盘
1908,11:29:42,9.31,0.0,31,28861,买盘
1909,11:29:45,9.3,-0.01,2,1860,卖盘
1910,11:29:48,9.32,0.02,452,421129,买盘
1911,11:29:51,9.33,0.01,9,8392,买盘
1912,11:29:54,9.33,0.0,58,54074,买盘
1913,11:29:57,9.32,-0.01,16,14912,卖盘
1914,13:00:01,9.33,0.01,295,275147,买盘
1915,13:00:04,9.35,0.02,1159,1081461,买盘
1916,13:00:07,9.34,-0.01,36,33624,卖盘
1917,13:00:09,9.35,0.01,58,54211,买盘
1918,13:00:12,9.34,-0.01,236,220454,卖盘
1919,13:00:15,9.35,0.01,11,10285,买盘
1920,13:00:21,9.35,0.0,3,2805,买盘
1921,13:00:24,9.35,0.0,17,15895,买盘
1922,13:00:33,9.35,0.0,23,21505,买盘
1923,13:00:36,9.35,0.0,241,225326,买盘
1924,13:00:39,9.34,-0.01,612,571046,中性盘
1925,13:00:42,9.35,0.01,23,21493,买盘
1926,13:00:45,9.34,-0.01,57,53238,卖盘
1927,13:00:48,9.34,0.0,42,39240,卖盘
1928,13:00:51,9.34,0.0,6,5604,卖盘
1929,13:00:57,9.34,0.0,1,934,买盘
1930,13:01:00,9.34,0.0,10,9340,买盘
1931,13:01:04,9.34,0.0,15,14010,买盘
1932,13:01:06,9.34,0.0,5,4670,买盘
1933,13:01:09,9.34,0.0,59,55091,买盘
1934,13:01:12,9.34,0.0,2,1868,买盘
1935,13:01:18,9.34,0.0,12,11208,买盘
1936,13:01:21,9.34,0.0,28,26152,买盘
1937,13:01:24,9.34,0.0,20,18680,买盘
1938,13:01:30,9.34,0.0,237,221349,买盘
1939,13:01:33,9.34,0.0,5,4670,买盘
1940,13:01:36,9.33,-0.01,30,28000,卖盘
1941,13:01:39,9.34,0.01,16,14932,买盘
1942,13:01:42,9.34,0.0,25,23350,买盘
1943,13:01:48,9.33,-0.01,4,3732,中性盘
1944,13:01:51,9.33,0.0,46,42918,买盘
1945,13:01:54,9.34,0.01,153,142628,买盘
1946,13:01:57,9.34,0.0,69,64446,买盘
1947,13:02:04,9.34,0.0,27,25218,买盘
1948,13:02:06,9.34,0.0,63,58842,买盘
1949,13:02:15,9.34,0.0,5,4670,买盘
1950,13:02:24,9.34,0.0,15,14000,买盘
1951,13:02:27,9.34,0.0,5,4670,买盘
1952,13:02:30,9.34,0.0,9,8406,买盘
1953,13:02:33,9.33,-0.01,22,20528,卖盘
1954,13:02:39,9.33,0.0,5,4665,买盘
1955,13:02:42,9.32,-0.01,5,4660,卖盘
1956,13:02:45,9.33,0.01,1,933,买盘
1957,13:02:48,9.33,0.0,4,3732,买盘
1958,13:02:51,9.33,0.0,25,23305,买盘
1959,13:02:54,9.32,-0.01,13,12116,卖盘
1960,13:02:57,9.32,0.0,14,13048,卖盘
1961,13:03:00,9.33,0.01,20,18644,买盘
1962,13:03:04,9.33,0.0,34,31711,买盘
1963,13:03:06,9.33,0.0,29,27032,买盘
1964,13:03:09,9.32,-0.01,32,29824,卖盘
1965,13:03:12,9.32,0.0,17,15844,买盘
1966,13:03:15,9.32,0.0,5,4660,买盘
1967,13:03:21,9.32,0.0,9,8388,买盘
1968,13:03:33,9.32,0.0,126,117432,买盘
1969,13:03:36,9.31,-0.01,92,85739,卖盘
1970,13:03:39,9.31,0.0,12,11172,卖盘
1971,13:03:42,9.31,0.0,7,6517,卖盘
1972,13:03:45,9.32,0.01,112,104367,买盘
1973,13:03:48,9.32,0.0,8,7456,买盘
1974,13:03:54,9.32,0.0,7,6522,买盘
1975,13:04:00,9.3,-0.02,65,60450,卖盘
1976,13:04:04,9.31,0.01,4,3724,中性盘
1977,13:04:06,9.32,0.01,7,6523,买盘
1978,13:04:12,9.31,-0.01,5,4655,卖盘
1979,13:04:15,9.31,0.0,2,1862,卖盘
1980,13:04:21,9.31,0.0,11,10241,卖盘
1981,13:04:25,9.32,0.01,18,16766,买盘
1982,13:04:28,9.31,-0.01,23,21413,卖盘
1983,13:04:42,9.3,-0.01,20,18600,卖盘
1984,13:04:51,9.3,0.0,15,13950,卖盘
1985,13:04:54,9.31,0.01,11,10236,买盘
1986,13:04:57,9.3,-0.01,11,10230,卖盘
1987,13:05:04,9.3,0.0,11,10230,卖盘
1988,13:05:06,9.3,0.0,79,73539,卖盘
1989,13:05:09,9.31,0.01,5,4655,买盘
1990,13:05:12,9.31,0.0,1,931,买盘
1991,13:05:15,9.31,0.0,3,2793,买盘
1992,13:05:18,9.32,0.01,32,29804,买盘
1993,13:05:21,9.31,-0.01,1,931,卖盘
1994,13:05:24,9.31,0.0,13,12103,买盘
1995,13:05:30,9.31,0.0,7,6517,买盘
1996,13:05:39,9.31,0.0,36,33516,买盘
1997,13:05:42,9.32,0.01,12,11184,买盘
1998,13:05:45,9.32,0.0,5,4660,买盘
1999,13:05:51,9.32,0.0,89,82948,买盘
2000,13:05:54,9.32,0.0,1,932,买盘
2001,13:06:03,9.32,0.0,32,29824,买盘
2002,13:06:07,9.31,-0.01,20,18626,卖盘
2003,13:06:12,9.31,0.0,3,2793,卖盘
2004,13:06:16,9.32,0.01,10,9318,买盘
2005,13:06:19,9.32,0.0,4,3728,买盘
2006,13:06:21,9.31,-0.01,2,1862,卖盘
2007,13:06:24,9.32,0.01,7,6524,买盘
2008,13:06:27,9.31,-0.01,13,12103,卖盘
2009,13:06:30,9.31,0.0,30,27930,卖盘
2010,13:06:33,9.31,0.0,11,10241,卖盘
2011,13:06:36,9.31,0.0,128,119277,卖盘
2012,13:06:39,9.31,0.0,22,20482,买盘
2013,13:06:42,9.31,0.0,10,9310,买盘
2014,13:06:45,9.31,0.0,2,1862,买盘
2015,13:06:48,9.31,0.0,4,3724,买盘
2016,13:06:51,9.31,0.0,121,112651,买盘
2017,13:06:54,9.31,0.0,6,5586,买盘
2018,13:06:57,9.31,0.0,4,3724,买盘
2019,13:07:03,9.3,-0.01,83,77190,卖盘
2020,13:07:06,9.31,0.01,123,114496,买盘
2021,13:07:09,9.31,0.0,24,22344,买盘
2022,13:07:12,9.3,-0.01,13,12090,卖盘
2023,13:07:15,9.3,0.0,3,2790,卖盘
2024,13:07:21,9.31,0.01,4,3724,买盘
2025,13:07:24,9.3,-0.01,75,69750,卖盘
2026,13:07:27,9.3,0.0,25,23250,买盘
2027,13:07:30,9.31,0.01,38,35373,买盘
2028,13:07:36,9.3,-0.01,2,1860,卖盘
2029,13:07:42,9.31,0.01,3,2793,买盘
2030,13:07:45,9.3,-0.01,6,5580,卖盘
2031,13:07:48,9.3,0.0,18,16740,卖盘
2032,13:07:54,9.3,0.0,55,51150,买盘
2033,13:07:57,9.3,0.0,17,15810,买盘
2034,13:08:00,9.3,0.0,2,1860,买盘
2035,13:08:03,9.31,0.01,29,26976,买盘
2036,13:08:06,9.31,0.0,66,61446,买盘
2037,13:08:09,9.3,-0.01,138,128430,卖盘
2038,13:08:15,9.3,0.0,3,2790,买盘
2039,13:08:18,9.29,-0.01,70,65035,卖盘
2040,13:08:21,9.3,0.01,533,495604,买盘
2041,13:08:24,9.29,-0.01,19,17683,卖盘
2042,13:08:27,9.32,0.03,18,16772,买盘
2043,13:08:39,9.3,-0.02,3,2790,买盘
2044,13:08:43,9.3,0.0,4,3720,买盘
2045,13:08:48,9.3,0.0,4,3720,买盘
2046,13:08:54,9.3,0.0,17,15810,买盘
2047,13:09:00,9.31,0.01,4,3724,买盘
2048,13:09:03,9.31,0.0,23,21413,买盘
2049,13:09:07,9.3,-0.01,30,27900,卖盘
2050,13:09:12,9.3,0.0,30,27904,卖盘
2051,13:09:15,9.3,0.0,8,7440,买盘
2052,13:09:21,9.3,0.0,3,2790,买盘
2053,13:09:24,9.31,0.01,131,121933,买盘
2054,13:09:27,9.31,0.0,120,111720,卖盘
2055,13:09:30,9.31,0.0,11,10245,卖盘
2056,13:09:33,9.31,0.0,5,4659,卖盘
2057,13:09:36,9.32,0.01,122,113704,买盘
2058,13:09:39,9.31,-0.01,20,18620,卖盘
2059,13:09:45,9.31,0.0,75,69835,卖盘
2060,13:09:51,9.31,0.0,10,9310,卖盘
2061,13:09:54,9.31,0.0,10,9310,卖盘
2062,13:09:57,9.32,0.01,110,102415,买盘
2063,13:10:04,9.32,0.0,40,37250,买盘
2064,13:10:06,9.32,0.0,51,47492,买盘
2065,13:10:09,9.32,0.0,1,932,买盘
2066,13:10:12,9.32,0.0,1,932,买盘
2067,13:10:18,9.32,0.0,3,2796,买盘
2068,13:10:24,9.32,0.0,8,7456,买盘
2069,13:10:27,9.32,0.0,67,62391,买盘
2070,13:10:36,9.32,0.0,20,18640,买盘
2071,13:10:39,9.28,-0.04,216,200532,卖盘
2072,13:10:43,9.28,0.0,77,71456,买盘
2073,13:10:46,9.31,0.03,3,2793,买盘
2074,13:10:51,9.32,0.01,4,3728,买盘
2075,13:10:57,9.32,0.0,1,932,买盘
2076,13:11:00,9.32,0.0,3,2796,买盘
2077,13:11:06,9.32,0.0,85,79220,买盘
2078,13:11:10,9.31,-0.01,4,3724,卖盘
2079,13:11:12,9.32,0.01,9,8388,买盘
2080,13:11:15,9.31,-0.01,10,9310,卖盘
2081,13:11:24,9.32,0.01,4,3728,买盘
2082,13:11:28,9.32,0.0,4,3728,买盘
2083,13:11:33,9.32,0.0,3,2796,买盘
2084,13:11:36,9.32,0.0,7,6524,买盘
2085,13:11:39,9.31,-0.01,16,14900,卖盘
2086,13:11:42,9.32,0.01,244,227408,买盘
2087,13:11:45,9.32,0.0,9,8396,卖盘
2088,13:11:48,9.32,0.0,3,2796,卖盘
2089,13:11:57,9.33,0.01,4,3732,买盘
2090,13:12:06,9.33,0.0,13,12121,买盘
2091,13:12:18,9.33,0.0,3,2799,买盘
2092,13:12:27,9.33,0.0,10,9330,买盘
2093,13:12:31,9.33,0.0,4,3732,买盘
2094,13:12:36,9.33,0.0,64,59712,买盘
2095,13:12:39,9.34,0.01,109,101700,买盘
2096,13:12:42,9.33,-0.01,13,12129,卖盘
2097,13:12:45,9.33,0.0,13,12129,卖盘
2098,13:12:48,9.33,0.0,4,3732,卖盘
2099,13:12:51,9.33,0.0,16,14932,卖盘
2100,13:12:54,9.33,0.0,9,8397,买盘
2101,13:12:57,9.34,0.01,18,16800,买盘
2102,13:13:04,9.33,-0.01,3,2799,买盘
2103,13:13:06,9.33,0.0,4,3732,买盘
2104,13:13:12,9.33,0.0,4,3732,买盘
2105,13:13:15,9.33,0.0,3,2799,买盘
2106,13:13:24,9.33,0.0,4,3732,买盘
2107,13:13:27,9.33,0.0,57,53173,买盘
2108,13:13:30,9.33,0.0,4,3732,买盘
2109,13:13:36,9.33,0.0,24,22395,卖盘
2110,13:13:39,9.33,0.0,6,5598,买盘
2111,13:13:48,9.33,0.0,8,7464,买盘
2112,13:13:54,9.32,-0.01,19,17708,卖盘
2113,13:13:57,9.33,0.01,5,4665,买盘
2114,13:14:06,9.33,0.0,64,59712,买盘
2115,13:14:09,9.33,0.0,3,2799,买盘
2116,13:14:21,9.33,0.0,4,3732,买盘
2117,13:14:27,9.33,0.0,1,933,买盘
2118,13:14:31,9.33,0.0,10,9330,买盘
2119,13:14:37,9.33,0.0,4,3732,买盘
2120,13:14:39,9.32,-0.01,19,17708,卖盘
2121,13:14:42,9.33,0.01,8,7464,买盘
2122,13:14:48,9.33,0.0,6,5598,买盘
2123,13:14:52,9.32,-0.01,3,2798,卖盘
2124,13:14:54,9.33,0.01,160,149280,买盘
2125,13:14:58,9.33,0.0,123,114759,买盘
2126,13:15:00,9.33,0.0,32,29856,买盘
2127,13:15:04,9.34,0.01,27,25194,买盘
2128,13:15:09,9.33,-0.01,1,933,卖盘
2129,13:15:12,9.33,0.0,14,13066,卖盘
2130,13:15:15,9.34,0.01,4,3736,买盘
2131,13:15:24,9.33,-0.01,4,3732,卖盘
2132,13:15:27,9.34,0.01,6,5604,买盘
2133,13:15:33,9.34,0.0,2,1868,买盘
2134,13:15:36,9.34,0.0,83,77522,买盘
2135,13:15:45,9.34,0.0,7,6538,买盘
2136,13:15:48,9.34,0.0,10,9340,买盘
2137,13:15:54,9.33,-0.01,40,37320,卖盘
2138,13:15:57,9.34,0.01,7,6538,买盘
2139,13:16:00,9.33,-0.01,5,4669,卖盘
2140,13:16:03,9.34,0.01,8,7472,买盘
2141,13:16:06,9.33,-0.01,73,68109,卖盘
2142,13:16:09,9.33,0.0,4,3732,买盘
2143,13:16:12,9.33,0.0,5,4665,买盘
2144,13:16:15,9.33,0.0,12,11196,买盘
2145,13:16:18,9.33,0.0,21,19593,买盘
2146,13:16:21,9.34,0.01,13,12132,买盘
2147,13:16:33,9.33,-0.01,41,38256,卖盘
2148,13:16:36,9.33,0.0,10,9330,买盘
2149,13:16:42,9.33,0.0,4,3732,买盘
2150,13:16:45,9.33,0.0,27,25191,买盘
2151,13:16:54,9.34,0.01,4,3736,买盘
2152,13:16:57,9.33,-0.01,12,11198,卖盘
2153,13:17:00,9.33,0.0,37,34521,卖盘
2154,13:17:04,9.33,0.0,7,6531,买盘
2155,13:17:06,9.34,0.01,110,102740,买盘
2156,13:17:09,9.33,-0.01,7,6531,卖盘
2157,13:17:12,9.33,0.0,19,17727,买盘
2158,13:17:15,9.33,0.0,7,6531,买盘
2159,13:17:21,9.33,0.0,59,55047,买盘
2160,13:17:24,9.33,0.0,1,933,买盘
2161,13:17:27,9.33,0.0,6,5598,买盘
2162,13:17:33,9.33,0.0,4,3732,买盘
2163,13:17:36,9.33,0.0,25,23325,买盘
2164,13:17:39,9.33,0.0,4,3732,买盘
2165,13:17:45,9.33,0.0,1,933,买盘
2166,13:17:49,9.33,0.0,8,7464,买盘
2167,13:17:51,9.33,0.0,4,3732,买盘
2168,13:17:57,9.33,0.0,3,2799,买盘
2169,13:18:00,9.33,0.0,3,2799,买盘
2170,13:18:04,9.32,-0.01,44,41017,卖盘
2171,13:18:06,9.32,0.0,19,17713,卖盘
2172,13:18:12,9.33,0.01,35,32624,买盘
2173,13:18:15,9.32,-0.01,12,11184,卖盘
2174,13:18:18,9.32,0.0,10,9320,卖盘
2175,13:18:21,9.33,0.01,4,3732,买盘
2176,13:18:27,9.33,0.0,1,933,买盘
2177,13:18:30,9.33,0.0,105,97965,买盘
2178,13:18:33,9.33,0.0,9,8397,买盘
2179,13:18:36,9.33,0.0,119,111027,买盘
2180,13:18:45,9.33,0.0,4,3732,买盘
2181,13:18:48,9.33,0.0,6,5598,买盘
2182,13:18:54,9.33,0.0,92,85748,买盘
2183,13:18:57,9.33,0.0,3,2799,买盘
2184,13:19:00,9.32,-0.01,143,133281,卖盘
2185,13:19:04,9.32,0.0,4,3728,买盘
2186,13:19:06,9.31,-0.01,132,122892,卖盘
2187,13:19:09,9.3,-0.01,1,930,卖盘
2188,13:19:13,9.3,0.0,11,10230,卖盘
2189,13:19:18,9.3,0.0,29,26973,卖盘
2190,13:19:24,9.3,0.0,13,12095,卖盘
2191,13:19:28,9.31,0.01,17,15820,买盘
2192,13:19:36,9.31,0.0,41,38158,买盘
2193,13:19:39,9.31,0.0,14,13034,买盘
2194,13:19:42,9.3,-0.01,33,30660,中性盘
2195,13:19:45,9.3,0.0,5,4650,买盘
2196,13:19:48,9.3,0.0,13,12090,卖盘
2197,13:19:51,9.3,0.0,4,3720,买盘
2198,13:19:54,9.3,0.0,5,4650,买盘
2199,13:19:57,9.3,0.0,1,930,买盘
2200,13:20:04,9.3,0.0,3,2790,买盘
2201,13:20:06,9.31,0.01,75,69801,买盘
2202,13:20:09,9.31,0.0,4,3724,买盘
2203,13:20:12,9.31,0.0,4,3724,买盘
2204,13:20:15,9.29,-0.02,1,929,卖盘
2205,13:20:24,9.3,0.01,4,3720,买盘
2206,13:20:30,9.3,0.0,8,7440,买盘
2207,13:20:36,9.3,0.0,4,3720,买盘
2208,13:20:39,9.3,0.0,4,3720,买盘
2209,13:20:45,9.3,0.0,33,30661,买盘
2210,13:20:49,9.3,0.0,12,11160,买盘
2211,13:20:57,9.3,0.0,3,2790,买盘
2212,13:21:00,9.3,0.0,2,1860,买盘
2213,13:21:07,9.29,-0.01,1,929,卖盘
2214,13:21:10,9.3,0.01,9,8370,买盘
2215,13:21:18,9.3,0.0,4,3720,买盘
2216,13:21:21,9.3,0.0,8,7433,买盘
2217,13:21:24,9.29,-0.01,10,9290,卖盘
2218,13:21:27,9.29,0.0,60,55745,卖盘
2219,13:21:30,9.3,0.01,16,14877,买盘
2220,13:21:33,9.29,-0.01,22,20438,卖盘
2221,13:21:36,9.3,0.01,100,92984,买盘
2222,13:21:42,9.29,-0.01,24,22318,卖盘
2223,13:21:48,9.3,0.01,1,930,买盘
2224,13:21:54,9.3,0.0,3,2790,买盘
2225,13:22:00,9.29,-0.01,15,13947,卖盘
2226,13:22:03,9.3,0.01,16,14873,买盘
2227,13:22:06,9.3,0.0,15,13950,买盘
2228,13:22:09,9.28,-0.02,74,68824,卖盘
2229,13:22:12,9.3,0.02,5,4650,买盘
2230,13:22:15,9.3,0.0,19,17670,买盘
2231,13:22:18,9.3,0.0,12,11160,买盘
2232,13:22:21,9.3,0.0,15,13950,买盘
2233,13:22:24,9.3,0.0,18,16740,买盘
2234,13:22:30,9.3,0.0,2,1860,买盘
2235,13:22:36,9.3,0.0,4,3720,买盘
2236,13:22:39,9.29,-0.01,3,2787,买盘
2237,13:22:48,9.3,0.01,4,3720,买盘
2238,13:23:00,9.3,0.0,6,5580,买盘
2239,13:23:09,9.31,0.01,146,135767,买盘
2240,13:23:21,9.31,0.0,8,7448,买盘
2241,13:23:30,9.31,0.0,4,3724,买盘
2242,13:23:36,9.3,-0.01,6,5580,卖盘
2243,13:23:42,9.31,0.01,18,16743,买盘
2244,13:23:54,9.31,0.0,4,3724,买盘
2245,13:23:57,9.3,-0.01,2,1860,卖盘
2246,13:24:00,9.31,0.01,8,7448,买盘
2247,13:24:06,9.31,0.0,4,3724,买盘
2248,13:24:15,9.31,0.0,3,2793,买盘
2249,13:24:18,9.3,-0.01,18,16740,卖盘
2250,13:24:27,9.31,0.01,4,3724,买盘
2251,13:24:30,9.31,0.0,4,3724,买盘
2252,13:24:36,9.32,0.01,127,118277,买盘
2253,13:24:48,9.32,0.0,4,3728,买盘
2254,13:24:57,9.32,0.0,6,5592,买盘
2255,13:25:00,9.32,0.0,5,4660,买盘
2256,13:25:04,9.32,0.0,3,2796,买盘
2257,13:25:09,9.32,0.0,4,3728,买盘
2258,13:25:18,9.32,0.0,2,1864,买盘
2259,13:25:21,9.32,0.0,3,2796,买盘
2260,13:25:24,9.32,0.0,9,8388,买盘
2261,13:25:27,9.32,0.0,4,3728,买盘
2262,13:25:31,9.32,0.0,5,4660,买盘
2263,13:25:33,9.31,-0.01,85,79181,卖盘
2264,13:25:39,9.31,0.0,20,18620,卖盘
2265,13:25:42,9.32,0.01,4,3728,买盘
2266,13:25:45,9.32,0.0,123,114636,买盘
2267,13:25:48,9.31,-0.01,22,20490,卖盘
2268,13:25:54,9.32,0.01,12,11184,买盘
2269,13:25:57,9.32,0.0,3,2796,买盘
2270,13:26:00,9.32,0.0,7,6524,买盘
2271,13:26:06,9.32,0.0,12,11184,买盘
2272,13:26:09,9.31,-0.01,79,73625,卖盘
2273,13:26:15,9.32,0.01,4,3728,买盘
2274,13:26:18,9.32,0.0,4,3728,买盘
2275,13:26:21,9.32,0.0,8,7456,买盘
2276,13:26:27,9.32,0.0,8,7451,买盘
2277,13:26:30,9.32,0.0,9,8388,买盘
2278,13:26:33,9.32,0.0,5,4660,买盘
2279,13:26:36,9.32,0.0,40,37280,买盘
2280,13:26:39,9.32,0.0,54,50328,买盘
2281,13:26:42,9.32,0.0,59,54988,买盘
2282,13:26:45,9.32,0.0,120,111840,买盘
2283,13:26:48,9.33,0.01,4,3732,买盘
2284,13:26:51,9.32,-0.01,12,11184,卖盘
2285,13:26:57,9.32,0.0,20,18640,买盘
2286,13:27:00,9.32,0.0,18,16776,买盘
2287,13:27:03,9.32,0.0,8,7456,买盘
2288,13:27:06,9.32,0.0,5,4660,买盘
2289,13:27:12,9.33,0.01,21,19580,买盘
2290,13:27:15,9.31,-0.02,84,78229,卖盘
2291,13:27:24,9.33,0.02,4,3732,买盘
2292,13:27:27,9.32,-0.01,7,6524,卖盘
2293,13:27:30,9.33,0.01,10,9330,买盘
2294,13:27:36,9.32,-0.01,6,5596,卖盘
2295,13:27:39,9.33,0.01,116,108228,买盘
2296,13:27:45,9.33,0.0,4,3732,买盘
2297,13:27:48,9.32,-0.01,5,4663,卖盘
2298,13:27:57,9.33,0.01,4,3732,买盘
2299,13:28:04,9.32,-0.01,62,57841,卖盘
2300,13:28:07,9.32,0.0,6,5592,卖盘
2301,13:28:10,9.33,0.01,3,2799,买盘
2302,13:28:18,9.31,-0.02,115,107126,卖盘
2303,13:28:21,9.32,0.01,4,3728,中性盘
2304,13:28:30,9.32,0.0,4,3728,买盘
2305,13:28:33,9.31,-0.01,47,43764,卖盘
2306,13:28:39,9.31,0.0,32,29792,卖盘
2307,13:28:42,9.31,0.0,9,8383,卖盘
2308,13:28:51,9.32,0.01,4,3728,买盘
2309,13:28:54,9.32,0.0,4,3728,买盘
2310,13:29:00,9.32,0.0,5,4660,买盘
2311,13:29:04,9.32,0.0,8,7456,买盘
2312,13:29:06,9.32,0.0,26,24232,买盘
2313,13:29:09,9.32,0.0,96,89472,买盘
2314,13:29:12,9.31,-0.01,3,2793,中性盘
2315,13:29:15,9.31,0.0,16,14896,买盘
2316,13:29:24,9.32,0.01,4,3728,买盘
2317,13:29:27,9.31,-0.01,20,18620,卖盘
2318,13:29:33,9.31,0.0,57,53068,卖盘
2319,13:29:36,9.32,0.01,4,3728,买盘
2320,13:29:39,9.32,0.0,43,40076,买盘
2321,13:29:42,9.31,-0.01,3,2794,卖盘
2322,13:29:45,9.32,0.01,5,4660,买盘
2323,13:29:48,9.32,0.0,27,25164,买盘
2324,13:29:51,9.31,-0.01,23,21413,卖盘
2325,13:29:57,9.32,0.01,4,3728,买盘
2326,13:30:04,9.32,0.0,65,60520,买盘
2327,13:30:06,9.31,-0.01,14,13034,卖盘
2328,13:30:09,9.32,0.01,3,2796,买盘
2329,13:30:12,9.32,0.0,5,4660,买盘
2330,13:30:18,9.32,0.0,4,3728,买盘
2331,13:30:27,9.31,-0.01,15,13969,卖盘
2332,13:30:30,9.32,0.01,4,3728,买盘
2333,13:30:33,9.31,-0.01,53,49386,卖盘
2334,13:30:39,9.32,0.01,71,66172,买盘
2335,13:30:42,9.32,0.0,4,3728,买盘
2336,13:30:51,9.32,0.0,23,21436,买盘
2337,13:30:54,9.31,-0.01,18,16766,卖盘
2338,13:31:03,9.32,0.01,3,2796,买盘
2339,13:31:09,9.31,-0.01,25,23275,卖盘
2340,13:31:15,9.31,0.0,8,7452,卖盘
2341,13:31:18,9.31,0.0,9,8379,卖盘
2342,13:31:27,9.31,0.0,28,26072,卖盘
2343,13:31:36,9.32,0.01,31,28892,买盘
2344,13:31:48,9.32,0.0,4,3728,买盘
2345,13:31:51,9.31,-0.01,3,2793,卖盘
2346,13:31:57,9.32,0.01,1,932,买盘
2347,13:32:00,9.32,0.0,45,41940,买盘
2348,13:32:04,9.32,0.0,20,18640,买盘
2349,13:32:06,9.32,0.0,15,13980,买盘
2350,13:32:09,9.31,-0.01,103,95985,卖盘
2351,13:32:12,9.32,0.01,67,62444,买盘
2352,13:32:15,9.32,0.0,25,23300,买盘
2353,13:32:18,9.31,-0.01,30,27950,卖盘
2354,13:32:22,9.32,0.01,74,68918,买盘
2355,13:32:25,9.32,0.0,21,19572,买盘
2356,13:32:34,9.32,0.0,5,4660,买盘
2357,13:32:36,9.32,0.0,2,1864,买盘
2358,13:32:42,9.32,0.0,3,2796,买盘
2359,13:32:51,9.31,-0.01,10,9310,卖盘
2360,13:32:54,9.32,0.01,4,3728,买盘
2361,13:32:57,9.32,0.0,100,93200,买盘
2362,13:33:00,9.32,0.0,5,4660,买盘
2363,13:33:04,9.32,0.0,6,5592,买盘
2364,13:33:06,9.32,0.0,4,3728,买盘
2365,13:33:16,9.32,0.0,4,3728,买盘
2366,13:33:21,9.32,0.0,60,55920,买盘
2367,13:33:27,9.32,0.0,4,3728,买盘
2368,13:33:36,9.32,0.0,57,53124,买盘
2369,13:33:39,9.32,0.0,124,115568,买盘
2370,13:33:51,9.32,0.0,13,12116,买盘
2371,13:33:57,9.32,0.0,4,3728,买盘
2372,13:34:00,9.32,0.0,51,47532,买盘
2373,13:34:03,9.32,0.0,17,15844,买盘
2374,13:34:06,9.32,0.0,29,27028,买盘
2375,13:34:09,9.32,0.0,18,16776,买盘
2376,13:34:12,9.32,0.0,22,20504,买盘
2377,13:34:15,9.32,0.0,4,3728,买盘
2378,13:34:24,9.32,0.0,3,2796,买盘
2379,13:34:30,9.31,-0.01,69,64239,卖盘
2380,13:34:33,9.32,0.01,68,63312,买盘
2381,13:34:36,9.31,-0.01,17,15827,卖盘
2382,13:34:42,9.31,0.0,31,28861,买盘
2383,13:34:45,9.3,-0.01,134,124625,卖盘
2384,13:34:48,9.3,0.0,5,4650,买盘
2385,13:34:57,9.3,0.0,3,2790,买盘
2386,13:35:00,9.3,0.0,5,4650,买盘
2387,13:35:04,9.29,-0.01,19,17651,卖盘
2388,13:35:07,9.3,0.01,9,8370,买盘
2389,13:35:10,9.29,-0.01,110,102331,卖盘
2390,13:35:12,9.29,0.0,1,929,卖盘
2391,13:35:18,9.31,0.02,3,2793,买盘
2392,13:35:24,9.29,-0.02,10,9290,卖盘
2393,13:35:30,9.3,0.01,4,3720,买盘
2394,13:35:33,9.29,-0.01,9,8361,卖盘
2395,13:35:36,9.29,0.0,2,1858,买盘
2396,13:35:39,9.3,0.01,4,3720,买盘
2397,13:35:42,9.29,-0.01,5,4645,卖盘
2398,13:35:48,9.29,0.0,22,20438,卖盘
2399,13:35:51,9.3,0.01,4,3719,买盘
2400,13:35:54,9.29,-0.01,20,18580,卖盘
2401,13:35:57,9.29,0.0,10,9290,卖盘
2402,13:36:00,9.29,0.0,10,9290,买盘
2403,13:36:03,9.3,0.01,10,9300,买盘
2404,13:36:06,9.29,-0.01,4,3716,中性盘
2405,13:36:12,9.29,0.0,23,21370,卖盘
2406,13:36:15,9.29,0.0,5,4645,买盘
2407,13:36:18,9.29,0.0,4,3716,买盘
2408,13:36:21,9.28,-0.01,10,9280,卖盘
2409,13:36:24,9.29,0.01,4,3716,买盘
2410,13:36:33,9.29,0.0,15,13925,买盘
2411,13:36:36,9.28,-0.01,23,21347,卖盘
2412,13:36:40,9.29,0.01,147,136530,买盘
2413,13:36:45,9.28,-0.01,58,53824,卖盘
2414,13:36:48,9.28,0.0,16,14848,买盘
2415,13:36:51,9.28,0.0,43,39939,卖盘
2416,13:36:54,9.28,0.0,3,2784,卖盘
2417,13:36:57,9.28,0.0,13,12067,卖盘
2418,13:37:00,9.29,0.01,4,3716,买盘
2419,13:37:03,9.28,-0.01,19,17632,卖盘
2420,13:37:09,9.29,0.01,4,3716,买盘
2421,13:37:12,9.28,-0.01,17,15776,卖盘
2422,13:37:18,9.29,0.01,4,3716,买盘
2423,13:37:21,9.28,-0.01,8,7424,卖盘
2424,13:37:24,9.28,0.0,35,32480,卖盘
2425,13:37:30,9.29,0.01,26,24131,买盘
2426,13:37:33,9.28,-0.01,31,28768,卖盘
2427,13:37:36,9.28,0.0,1,928,中性盘
2428,13:37:39,9.28,0.0,1,928,买盘
2429,13:37:42,9.28,0.0,8,7424,买盘
2430,13:37:45,9.27,-0.01,5,4635,卖盘
2431,13:37:48,9.27,0.0,23,21321,卖盘
2432,13:37:51,9.28,0.01,12,11136,买盘
2433,13:37:57,9.28,0.0,1,928,买盘
2434,13:38:04,9.27,-0.01,5,4638,卖盘
2435,13:38:06,9.27,0.0,3,2781,卖盘
2436,13:38:09,9.29,0.02,100,92812,买盘
2437,13:38:15,9.29,0.0,4,3714,买盘
2438,13:38:21,9.27,-0.02,11,10198,卖盘
2439,13:38:24,9.28,0.01,4,3712,买盘
2440,13:38:27,9.29,0.01,20,18566,买盘
2441,13:38:36,9.29,0.0,34,31586,买盘
2442,13:38:39,9.28,-0.01,41,38048,卖盘
2443,13:38:42,9.28,0.0,10,9280,买盘
2444,13:38:49,9.29,0.01,15,13921,买盘
2445,13:38:54,9.27,-0.02,29,26896,卖盘
2446,13:38:57,9.28,0.01,10,9279,买盘
2447,13:39:09,9.28,0.0,3,2784,买盘
2448,13:39:21,9.27,-0.01,6,5566,卖盘
2449,13:39:30,9.27,0.0,20,18540,卖盘
2450,13:39:33,9.28,0.01,16,14844,买盘
2451,13:39:39,9.28,0.0,91,84448,买盘
2452,13:39:42,9.28,0.0,13,12064,买盘
2453,13:39:48,9.27,-0.01,80,74160,卖盘
2454,13:39:54,9.28,0.01,9,8352,买盘
2455,13:39:57,9.27,-0.01,7,6489,卖盘
2456,13:40:04,9.27,0.0,3,2781,卖盘
2457,13:40:06,9.27,0.0,4,3711,卖盘
2458,13:40:09,9.28,0.01,3,2784,买盘
2459,13:40:15,9.28,0.0,4,3712,买盘
2460,13:40:19,9.28,0.0,4,3712,买盘
2461,13:40:24,9.28,0.0,4,3712,买盘
2462,13:40:27,9.27,-0.01,16,14836,卖盘
2463,13:40:31,9.27,0.0,3,2782,卖盘
2464,13:40:36,9.28,0.01,5,4640,买盘
2465,13:40:39,9.28,0.0,4,3712,买盘
2466,13:40:42,9.28,0.0,7,6496,买盘
2467,13:40:48,9.28,0.0,42,38963,买盘
2468,13:40:51,9.28,0.0,151,140128,买盘
2469,13:40:54,9.29,0.01,109,101223,买盘
2470,13:40:57,9.29,0.0,19,17645,买盘
2471,13:41:00,9.29,0.0,4,3716,买盘
2472,13:41:06,9.28,-0.01,19,17636,卖盘
2473,13:41:09,9.29,0.01,84,78032,买盘
2474,13:41:12,9.29,0.0,71,65959,买盘
2475,13:41:15,9.29,0.0,14,13006,买盘
2476,13:41:19,9.29,0.0,24,22296,买盘
2477,13:41:21,9.3,0.01,179,166470,买盘
2478,13:41:24,9.3,0.0,43,39990,买盘
2479,13:41:28,9.31,0.01,79,73549,买盘
2480,13:41:31,9.31,0.0,24,22344,买盘
2481,13:41:33,9.31,0.0,3,2793,买盘
2482,13:41:45,9.31,0.0,4,3724,买盘
2483,13:41:48,9.3,-0.01,56,52106,卖盘
2484,13:41:54,9.31,0.01,3,2793,买盘
2485,13:42:07,9.3,-0.01,18,16744,卖盘
2486,13:42:13,9.31,0.01,9,8379,买盘
2487,13:42:16,9.3,-0.01,16,14880,卖盘
2488,13:42:18,9.3,0.0,18,16744,卖盘
2489,13:42:21,9.3,0.0,30,27900,卖盘
2490,13:42:24,9.3,0.0,9,8370,卖盘
2491,13:42:28,9.31,0.01,4,3724,买盘
2492,13:42:33,9.3,-0.01,19,17670,买盘
2493,13:42:40,9.3,0.0,4,3720,买盘
2494,13:42:43,9.3,0.0,103,95790,买盘
2495,13:42:51,9.3,0.0,8,7440,买盘
2496,13:42:54,9.29,-0.01,10,9290,卖盘
2497,13:42:57,9.3,0.01,4,3720,买盘
2498,13:43:01,9.3,0.0,4,3720,买盘
2499,13:43:09,9.29,-0.01,65,60385,卖盘
2500,13:43:13,9.29,0.0,4,3716,买盘
2501,13:43:24,9.29,0.0,9,8356,买盘
2502,13:43:27,9.29,0.0,22,20438,买盘
2503,13:43:30,9.29,0.0,5,4645,买盘
2504,13:43:34,9.29,0.0,3,2787,买盘
2505,13:43:37,9.29,0.0,54,50116,买盘
2506,13:43:45,9.29,0.0,4,3716,买盘
2507,13:43:55,9.29,0.0,5,4645,买盘
2508,13:43:57,9.28,-0.01,24,22276,卖盘
2509,13:44:04,9.29,0.01,25,23205,买盘
2510,13:44:06,9.29,0.0,8,7428,买盘
2511,13:44:10,9.28,-0.01,5,4640,卖盘
2512,13:44:13,9.29,0.01,97,90113,买盘
2513,13:44:18,9.29,0.0,32,29728,买盘
2514,13:44:24,9.28,-0.01,12,11136,卖盘
2515,13:44:30,9.28,0.0,16,14852,卖盘
2516,13:44:36,9.28,0.0,5,4640,卖盘
2517,13:44:39,9.29,0.01,4,3716,买盘
2518,13:44:42,9.28,-0.01,5,4640,卖盘
2519,13:44:45,9.29,0.01,4,3716,买盘
2520,13:44:51,9.29,0.0,12,11148,买盘
2521,13:45:04,9.28,-0.01,19,17645,卖盘
2522,13:45:09,9.29,0.01,4,3716,买盘
2523,13:45:12,9.29,0.0,4,3716,买盘
2524,13:45:18,9.29,0.0,9,8361,买盘
2525,13:45:24,9.28,-0.01,24,22275,卖盘
2526,13:45:33,9.29,0.01,5,4645,买盘
2527,13:45:36,9.29,0.0,4,3716,买盘
2528,13:45:42,9.29,0.0,102,94758,买盘
2529,13:45:45,9.29,0.0,4,3716,买盘
2530,13:45:57,9.29,0.0,4,3716,买盘
2531,13:46:09,9.29,0.0,9,8361,买盘
2532,13:46:12,9.29,0.0,9,8361,买盘
2533,13:46:15,9.29,0.0,10,9290,买盘
2534,13:46:18,9.29,0.0,7,6503,买盘
2535,13:46:21,9.28,-0.01,20,18560,卖盘
2536,13:46:24,9.28,0.0,3,2784,卖盘
2537,13:46:27,9.29,0.01,16,14864,买盘
2538,13:46:30,9.29,0.0,14,12996,买盘
2539,13:46:33,9.28,-0.01,90,83570,卖盘
2540,13:46:36,9.28,0.0,18,16704,买盘
2541,13:46:39,9.28,0.0,28,25984,卖盘
2542,13:46:42,9.28,0.0,3,2784,买盘
2543,13:46:51,9.28,0.0,4,3712,买盘
2544,13:46:55,9.28,0.0,4,3712,买盘
2545,13:46:58,9.27,-0.01,8,7416,卖盘
2546,13:47:04,9.28,0.01,34,31522,买盘
2547,13:47:12,9.28,0.0,80,74240,买盘
2548,13:47:15,9.28,0.0,4,3712,买盘
2549,13:47:24,9.25,-0.03,179,165783,卖盘
2550,13:47:27,9.27,0.02,4,3708,买盘
2551,13:47:30,9.27,0.0,10,9270,买盘
2552,13:47:36,9.27,0.0,14,12978,买盘
2553,13:47:42,9.27,0.0,5,4635,买盘
2554,13:47:45,9.26,-0.01,20,18520,卖盘
2555,13:47:48,9.27,0.01,10,9264,买盘
2556,13:47:55,9.27,0.0,30,27810,买盘
2557,13:48:00,9.28,0.01,34,31505,买盘
2558,13:48:09,9.28,0.0,4,3712,买盘
2559,13:48:12,9.26,-0.02,49,45387,卖盘
2560,13:48:15,9.28,0.02,11,10201,买盘
2561,13:48:18,9.27,-0.01,21,19467,卖盘
2562,13:48:21,9.28,0.01,3,2784,买盘
2563,13:48:33,9.28,0.0,4,3712,买盘
2564,13:48:36,9.28,0.0,20,18550,买盘
2565,13:48:42,9.28,0.0,105,97440,买盘
2566,13:48:49,9.28,0.0,7,6496,买盘
2567,13:48:54,9.28,0.0,7,6496,买盘
2568,13:48:57,9.28,0.0,4,3712,买盘
2569,13:49:01,9.28,0.0,4,3712,买盘
2570,13:49:04,9.28,0.0,3,2784,买盘
2571,13:49:06,9.28,0.0,14,12992,买盘
2572,13:49:09,9.27,-0.01,7,6489,卖盘
2573,13:49:12,9.28,0.01,10,9280,买盘
2574,13:49:15,9.27,-0.01,17,15766,卖盘
2575,13:49:27,9.27,0.0,24,22252,卖盘
2576,13:49:33,9.28,0.01,5,4640,买盘
2577,13:49:36,9.28,0.0,14,12992,买盘
2578,13:49:39,9.28,0.0,4,3712,买盘
2579,13:49:48,9.28,0.0,3,2784,买盘
2580,13:50:00,9.28,0.0,4,3712,买盘
2581,13:50:06,9.28,0.0,4,3712,买盘
2582,13:50:09,9.27,-0.01,118,109486,卖盘
2583,13:50:12,9.28,0.01,90,83520,买盘
2584,13:50:15,9.27,-0.01,10,9270,卖盘
2585,13:50:21,9.28,0.01,8,7424,买盘
2586,13:50:24,9.27,-0.01,10,9270,卖盘
2587,13:50:30,9.28,0.01,12,11136,买盘
2588,13:50:33,9.28,0.0,3,2784,买盘
2589,13:50:36,9.28,0.0,4,3712,买盘
2590,13:50:39,9.27,-0.01,11,10203,卖盘
2591,13:50:45,9.27,0.0,9,8347,卖盘
2592,13:50:54,9.28,0.01,3,2784,买盘
2593,13:50:57,9.27,-0.01,10,9270,卖盘
2594,13:51:04,9.28,0.01,5,4640,买盘
2595,13:51:06,9.28,0.0,8,7424,买盘
2596,13:51:15,9.27,-0.01,10,9270,卖盘
2597,13:51:18,9.28,0.01,68,63100,买盘
2598,13:51:27,9.27,-0.01,11,10201,卖盘
2599,13:51:34,9.28,0.01,477,442656,买盘
2600,13:51:36,9.28,0.0,2,1856,买盘
2601,13:51:39,9.29,0.01,4,3716,买盘
2602,13:51:42,9.29,0.0,221,205307,买盘
2603,13:51:48,9.29,0.0,3,2787,卖盘
2604,13:51:51,9.3,0.01,3,2790,买盘
2605,13:51:57,9.3,0.0,1,930,买盘
2606,13:52:00,9.3,0.0,9,8370,买盘
2607,13:52:03,9.3,0.0,7,6510,买盘
2608,13:52:06,9.3,0.0,31,28830,买盘
2609,13:52:09,9.29,-0.01,1,929,卖盘
2610,13:52:12,9.29,0.0,10,9294,卖盘
2611,13:52:15,9.29,0.0,7,6503,卖盘
2612,13:52:24,9.3,0.01,4,3720,买盘
2613,13:52:30,9.29,-0.01,10,9290,卖盘
2614,13:52:33,9.29,0.0,23,21376,卖盘
2615,13:52:36,9.3,0.01,12,11159,买盘
2616,13:52:45,9.3,0.0,15,13938,买盘
2617,13:52:48,9.29,-0.01,23,21367,卖盘
2618,13:52:54,9.29,0.0,60,55740,卖盘
2619,13:52:57,9.3,0.01,4,3720,买盘
2620,13:53:00,9.29,-0.01,10,9290,卖盘
2621,13:53:09,9.3,0.01,3,2790,买盘
2622,13:53:12,9.3,0.0,76,70680,买盘
2623,13:53:15,9.3,0.0,4,3720,买盘
2624,13:53:18,9.3,0.0,296,275280,买盘
2625,13:53:21,9.3,0.0,105,97640,买盘
2626,13:53:24,9.3,0.0,224,208320,买盘
2627,13:53:27,9.3,0.0,4,3720,卖盘
2628,13:53:30,9.31,0.01,3,2793,买盘
2629,13:53:36,9.31,0.0,22,20482,买盘
2630,13:53:39,9.31,0.0,47,43757,买盘
2631,13:53:42,9.3,-0.01,44,40948,卖盘
2632,13:53:45,9.3,0.0,44,40960,卖盘
2633,13:53:52,9.31,0.01,42,39064,买盘
2634,13:54:04,9.31,0.0,3,2793,买盘
2635,13:54:06,9.31,0.0,18,16744,买盘
2636,13:54:09,9.31,0.0,100,93100,买盘
2637,13:54:12,9.3,-0.01,3,2790,卖盘
2638,13:54:16,9.31,0.01,11,10241,买盘
2639,13:54:18,9.31,0.0,3,2793,买盘
2640,13:54:24,9.3,-0.01,10,9304,卖盘
2641,13:54:27,9.3,0.0,5,4650,卖盘
2642,13:54:30,9.31,0.01,22,20477,买盘
2643,13:54:33,9.3,-0.01,4,3720,卖盘
2644,13:54:36,9.31,0.01,103,95893,买盘
2645,13:54:39,9.3,-0.01,10,9300,卖盘
2646,13:54:48,9.31,0.01,4,3724,买盘
2647,13:54:54,9.31,0.0,4,3724,买盘
2648,13:54:57,9.31,0.0,4,3724,买盘
2649,13:55:00,9.3,-0.01,10,9300,卖盘
2650,13:55:04,9.3,0.0,3,2790,卖盘
2651,13:55:06,9.3,0.0,89,82770,卖盘
2652,13:55:09,9.3,0.0,3,2790,中性盘
2653,13:55:12,9.3,0.0,4,3720,买盘
2654,13:55:21,9.31,0.01,114,106125,买盘
2655,13:55:31,9.3,-0.01,3,2790,买盘
2656,13:55:34,9.3,0.0,2,1860,买盘
2657,13:55:36,9.3,0.0,4,3720,中性盘
2658,13:55:42,9.3,0.0,37,34414,买盘
2659,13:55:48,9.3,0.0,23,21381,中性盘
2660,13:55:54,9.3,0.0,3,2790,买盘
2661,13:56:00,9.3,0.0,13,12088,买盘
2662,13:56:04,9.3,0.0,11,10225,买盘
2663,13:56:06,9.3,0.0,30,27900,买盘
2664,13:56:15,9.31,0.01,3,2793,买盘
2665,13:56:18,9.31,0.0,1,931,买盘
2666,13:56:27,9.3,-0.01,4,3720,买盘
2667,13:56:30,9.29,-0.01,20,18580,卖盘
2668,13:56:37,9.3,0.01,50,46454,买盘
2669,13:56:39,9.29,-0.01,39,36231,卖盘
2670,13:56:42,9.29,0.0,1,929,卖盘
2671,13:56:48,9.3,0.01,7,6505,买盘
2672,13:57:01,9.3,0.0,4,3720,买盘
2673,13:57:06,9.29,-0.01,1,929,买盘
2674,13:57:09,9.29,0.0,4,3716,买盘
2675,13:57:21,9.29,0.0,48,44592,买盘
2676,13:57:27,9.29,0.0,1,929,买盘
2677,13:57:30,9.29,0.0,2,1858,买盘
2678,13:57:33,9.29,0.0,3,2787,买盘
2679,13:57:39,9.29,0.0,4,3716,买盘
2680,13:57:42,9.29,0.0,4,3716,买盘
2681,13:57:46,9.29,0.0,1,929,买盘
2682,13:57:49,9.29,0.0,5,4645,买盘
2683,13:57:52,9.28,-0.01,10,9280,卖盘
2684,13:57:55,9.29,0.01,4,3716,买盘
2685,13:57:58,9.28,-0.01,30,27840,卖盘
2686,13:58:07,9.29,0.01,3,2787,买盘
2687,13:58:12,9.29,0.0,6,5574,买盘
2688,13:58:18,9.29,0.0,11,10219,买盘
2689,13:58:21,9.28,-0.01,20,18560,卖盘
2690,13:58:27,9.29,0.01,4,3716,买盘
2691,13:58:36,9.29,0.0,10,9290,买盘
2692,13:58:39,9.29,0.0,11,10219,买盘
2693,13:58:45,9.28,-0.01,10,9280,卖盘
2694,13:58:48,9.28,0.0,43,39904,卖盘
2695,13:58:51,9.28,0.0,34,31555,卖盘
2696,13:58:54,9.28,0.0,11,10208,卖盘
2697,13:58:57,9.28,0.0,15,13920,卖盘
2698,13:59:00,9.29,0.01,4,3716,买盘
2699,13:59:04,9.28,-0.01,2,1856,卖盘
2700,13:59:12,9.29,0.01,4,3716,买盘
2701,13:59:16,9.28,-0.01,10,9280,卖盘
2702,13:59:19,9.29,0.01,5,4645,买盘
2703,13:59:24,9.29,0.0,4,3716,买盘
2704,13:59:33,9.29,0.0,112,104048,买盘
2705,13:59:42,9.28,-0.01,3,2784,卖盘
2706,13:59:45,9.29,0.01,4,3716,买盘
2707,13:59:57,9.29,0.0,3,2787,买盘
2708,14:00:06,9.28,-0.01,103,95584,卖盘
2709,14:00:18,9.28,0.0,27,25056,买盘
2710,14:00:24,9.28,0.0,45,41760,买盘
2711,14:00:27,9.28,0.0,34,31552,买盘
2712,14:00:30,9.28,0.0,6,5572,卖盘
2713,14:00:36,9.29,0.01,4,3716,买盘
2714,14:00:39,9.29,0.0,4,3716,买盘
2715,14:00:51,9.29,0.0,3,2787,买盘
2716,14:01:04,9.29,0.0,77,71533,买盘
2717,14:01:12,9.29,0.0,4,3716,买盘
2718,14:01:18,9.29,0.0,95,88255,买盘
2719,14:01:21,9.29,0.0,21,19509,买盘
2720,14:01:24,9.3,0.01,20,18590,买盘
2721,14:01:27,9.29,-0.01,101,93920,卖盘
2722,14:01:33,9.3,0.01,3,2790,买盘
2723,14:01:36,9.3,0.0,31,28830,买盘
2724,14:01:45,9.3,0.0,4,3720,买盘
2725,14:01:48,9.3,0.0,86,79980,买盘
2726,14:01:52,9.3,0.0,147,136706,买盘
2727,14:01:54,9.3,0.0,55,51150,买盘
2728,14:01:57,9.3,0.0,86,79980,买盘
2729,14:02:00,9.3,0.0,76,70680,买盘
2730,14:02:03,9.3,0.0,65,60512,卖盘
2731,14:02:06,9.31,0.01,12,11172,买盘
2732,14:02:09,9.31,0.0,3,2793,买盘
2733,14:02:19,9.31,0.0,4,3724,买盘
2734,14:02:21,9.31,0.0,33,30723,买盘
2735,14:02:27,9.31,0.0,6,5586,买盘
2736,14:02:30,9.31,0.0,4,3724,买盘
2737,14:02:33,9.31,0.0,75,69825,买盘
2738,14:02:36,9.31,0.0,8,7448,买盘
2739,14:02:39,9.31,0.0,6,5586,买盘
2740,14:02:42,9.31,0.0,3,2793,买盘
2741,14:02:52,9.31,0.0,41,38171,买盘
2742,14:02:54,9.3,-0.01,11,10240,卖盘
2743,14:03:00,9.31,0.01,5,4655,买盘
2744,14:03:03,9.31,0.0,9,8379,买盘
2745,14:03:06,9.31,0.0,13,12103,买盘
2746,14:03:13,9.31,0.0,17,15827,买盘
2747,14:03:15,9.31,0.0,4,3724,买盘
2748,14:03:21,9.31,0.0,36,33516,买盘
2749,14:03:24,9.31,0.0,4,3724,买盘
2750,14:03:27,9.31,0.0,22,20472,买盘
2751,14:03:30,9.31,0.0,21,19551,买盘
2752,14:03:33,9.31,0.0,4,3724,买盘
2753,14:03:36,9.3,-0.01,8,7447,卖盘
2754,14:03:40,9.31,0.01,318,296058,买盘
2755,14:03:42,9.31,0.0,25,23275,买盘
2756,14:03:48,9.31,0.0,16,14895,买盘
2757,14:03:51,9.31,0.0,45,41895,买盘
2758,14:03:54,9.3,-0.01,10,9300,卖盘
2759,14:03:57,9.31,0.01,13,12103,买盘
2760,14:04:04,9.31,0.0,85,79135,买盘
2761,14:04:06,9.31,0.0,3,2793,买盘
2762,14:04:09,9.31,0.0,4,3724,买盘
2763,14:04:15,9.31,0.0,74,68894,买盘
2764,14:04:21,9.31,0.0,104,96824,买盘
2765,14:04:27,9.31,0.0,6,5586,买盘
2766,14:04:30,9.31,0.0,47,43757,买盘
2767,14:04:33,9.31,0.0,6,5586,买盘
2768,14:04:36,9.31,0.0,9,8374,买盘
2769,14:04:39,9.3,-0.01,5,4650,卖盘
2770,14:04:42,9.31,0.01,4,3724,买盘
2771,14:04:45,9.31,0.0,110,102112,买盘
2772,14:04:54,9.32,0.01,3,2796,买盘
2773,14:04:57,9.31,-0.01,16,14902,卖盘
2774,14:05:00,9.31,0.0,31,28882,卖盘
2775,14:05:04,9.31,0.0,220,205118,卖盘
2776,14:05:07,9.31,0.0,6,5288,买盘
2777,14:05:12,9.31,0.0,3,3091,卖盘
2778,14:05:15,9.31,0.0,19,17395,买盘
2779,14:05:18,9.32,0.01,108,100466,买盘
2780,14:05:21,9.32,0.0,44,41000,买盘
2781,14:05:24,9.31,-0.01,1,931,卖盘
2782,14:05:27,9.32,0.01,4,3727,买盘
2783,14:05:30,9.32,0.0,2,1864,买盘
2784,14:05:34,9.32,0.0,94,87608,买盘
2785,14:05:40,9.32,0.0,4,3728,买盘
2786,14:05:45,9.32,0.0,591,550812,买盘
2787,14:05:48,9.33,0.01,4,3732,买盘
2788,14:05:51,9.33,0.0,36,33588,买盘
2789,14:05:57,9.33,0.0,6,5598,买盘
2790,14:06:00,9.32,-0.01,81,75513,卖盘
2791,14:06:04,9.32,0.0,84,78288,买盘
2792,14:06:06,9.32,0.0,30,27960,买盘
2793,14:06:09,9.33,0.01,1,933,买盘
2794,14:06:12,9.33,0.0,3,2799,买盘
2795,14:06:18,9.32,-0.01,6,5593,卖盘
2796,14:06:21,9.33,0.01,13,12129,买盘
2797,14:06:27,9.33,0.0,6,5598,买盘
2798,14:06:30,9.33,0.0,23,21459,买盘
2799,14:06:33,9.32,-0.01,24,22372,卖盘
2800,14:06:36,9.33,0.01,10,9327,买盘
2801,14:06:39,9.32,-0.01,44,41009,卖盘
2802,14:06:42,9.33,0.01,154,143682,买盘
2803,14:06:45,9.33,0.0,4,3732,买盘
2804,14:06:48,9.33,0.0,11,10263,买盘
2805,14:06:51,9.33,0.0,47,43851,买盘
2806,14:06:54,9.33,0.0,39,36387,买盘
2807,14:06:57,9.33,0.0,6,5598,买盘
2808,14:07:00,9.32,-0.01,22,20525,卖盘
2809,14:07:03,9.32,0.0,176,164032,卖盘
2810,14:07:06,9.32,0.0,14,13048,买盘
2811,14:07:09,9.32,0.0,2,1864,买盘
2812,14:07:18,9.32,0.0,9,8388,买盘
2813,14:07:21,9.32,0.0,45,41940,买盘
2814,14:07:27,9.32,0.0,4,3728,买盘
2815,14:07:30,9.31,-0.01,25,23296,卖盘
2816,14:07:33,9.32,0.01,7,6524,买盘
2817,14:07:36,9.32,0.0,11,10252,买盘
2818,14:07:39,9.32,0.0,9,8388,买盘
2819,14:07:45,9.32,0.0,93,86676,买盘
2820,14:07:48,9.31,-0.01,30,27937,卖盘
2821,14:07:51,9.32,0.01,12,11184,买盘
2822,14:07:57,9.32,0.0,21,19572,买盘
2823,14:08:00,9.32,0.0,25,23300,买盘
2824,14:08:04,9.32,0.0,8,7456,买盘
2825,14:08:06,9.31,-0.01,187,174097,卖盘
2826,14:08:12,9.31,0.0,8,7451,卖盘
2827,14:08:15,9.31,0.0,69,64246,卖盘
2828,14:08:18,9.32,0.01,12,11184,买盘
2829,14:08:24,9.32,0.0,4,3728,买盘
2830,14:08:33,9.32,0.0,91,84812,买盘
2831,14:08:45,9.32,0.0,14,13038,买盘
2832,14:08:48,9.31,-0.01,101,94031,卖盘
2833,14:08:51,9.31,0.0,19,17689,买盘
2834,14:08:54,9.31,0.0,16,14896,买盘
2835,14:08:57,9.32,0.01,4,3728,买盘
2836,14:09:06,9.32,0.0,3,2796,买盘
2837,14:09:09,9.32,0.0,4,3728,买盘
2838,14:09:18,9.32,0.0,4,3728,买盘
2839,14:09:21,9.31,-0.01,3,2793,卖盘
2840,14:09:30,9.31,0.0,6,5586,卖盘
2841,14:09:36,9.31,0.0,5,4655,买盘
2842,14:09:39,9.31,0.0,4,3724,买盘
2843,14:09:42,9.31,0.0,8,7448,买盘
2844,14:09:45,9.32,0.01,69,64260,买盘
2845,14:09:48,9.32,0.0,8,7456,买盘
2846,14:09:51,9.31,-0.01,7,6520,卖盘
2847,14:09:54,9.32,0.01,9,8388,买盘
2848,14:09:57,9.32,0.0,223,207836,买盘
2849,14:10:00,9.32,0.0,30,27960,买盘
2850,14:10:04,9.33,0.01,79,73693,买盘
2851,14:10:06,9.33,0.0,17,15861,买盘
2852,14:10:09,9.32,-0.01,10,9320,卖盘
2853,14:10:12,9.33,0.01,49,45672,买盘
2854,14:10:18,9.32,-0.01,5,4660,卖盘
2855,14:10:24,9.33,0.01,4,3732,买盘
2856,14:10:30,9.32,-0.01,60,55920,卖盘
2857,14:10:33,9.33,0.01,19,17710,买盘
2858,14:10:36,9.32,-0.01,55,51264,卖盘
2859,14:10:42,9.32,0.0,4,3728,买盘
2860,14:10:45,9.32,0.0,3,2796,买盘
2861,14:10:54,9.31,-0.01,52,48412,卖盘
2862,14:10:57,9.32,0.01,4,3728,买盘
2863,14:11:00,9.31,-0.01,9,8379,卖盘
2864,14:11:03,9.31,0.0,8,7448,买盘
2865,14:11:06,9.31,0.0,1,931,买盘
2866,14:11:09,9.32,0.01,3,2796,买盘
2867,14:11:12,9.31,-0.01,9,8379,卖盘
2868,14:11:15,9.32,0.01,11,10252,买盘
2869,14:11:19,9.32,0.0,4,3728,买盘
2870,14:11:22,9.32,0.0,1,932,买盘
2871,14:11:25,9.31,-0.01,11,10241,卖盘
2872,14:11:30,9.32,0.01,4,3728,买盘
2873,14:11:33,9.32,0.0,55,51260,买盘
2874,14:11:36,9.33,0.01,77,71777,买盘
2875,14:11:39,9.33,0.0,4,3732,买盘
2876,14:11:42,9.33,0.0,26,24251,买盘
2877,14:11:45,9.32,-0.01,1,932,卖盘
2878,14:11:48,9.32,0.0,4,3728,买盘
2879,14:11:54,9.32,0.0,5,4664,卖盘
2880,14:11:57,9.32,0.0,10,9320,卖盘
2881,14:12:06,9.32,0.0,13,12116,买盘
2882,14:12:12,9.32,0.0,29,27028,买盘
