,time,price,change,volume,amount,type
0,09:25:05,15.99,-0.43,612,978588,卖盘
1,09:30:04,15.95,-0.04,178,283012,卖盘
2,09:30:07,15.98,0.03,479,762711,买盘
3,09:30:10,15.91,-0.07,80,127597,卖盘
4,09:30:13,15.98,0.07,62,98972,买盘
5,09:30:16,15.98,0.0,10,15980,买盘
6,09:30:19,15.95,-0.03,19,30335,卖盘
7,09:30:25,15.95,0.0,2,3190,卖盘
8,09:30:28,15.92,-0.03,57,90771,卖盘
9,09:30:31,15.92,0.0,17,27064,卖盘
10,09:30:34,15.93,0.01,69,110037,中性盘
11,09:30:40,15.95,0.02,39,62171,卖盘
12,09:30:43,15.95,0.0,37,58965,卖盘
13,09:30:46,15.95,0.0,19,30305,卖盘
14,09:30:49,15.95,0.0,3,4787,卖盘
15,09:30:52,15.93,-0.02,148,236050,卖盘
16,09:30:55,15.96,0.03,40,63835,中性盘
17,09:30:58,15.97,0.01,22,35090,买盘
18,09:31:01,15.93,-0.04,83,132252,卖盘
19,09:31:04,15.92,-0.01,43,68501,卖盘
20,09:31:07,15.97,0.05,103,163993,买盘
21,09:31:10,15.96,-0.01,24,38204,中性盘
22,09:31:13,15.92,-0.04,65,103694,卖盘
23,09:31:16,15.92,0.0,5,7963,卖盘
24,09:31:19,15.96,0.04,8,12747,买盘
25,09:31:22,15.9,-0.06,62,98709,卖盘
26,09:31:25,15.92,0.02,17,27062,买盘
27,09:31:28,15.92,0.0,14,22278,买盘
28,09:31:31,15.93,0.01,36,57375,卖盘
29,09:31:34,15.91,-0.02,45,71637,卖盘
30,09:31:37,15.9,-0.01,97,154282,卖盘
31,09:31:40,15.9,0.0,46,73145,卖盘
32,09:31:43,15.87,-0.03,105,166981,卖盘
33,09:31:46,15.9,0.03,19,30210,中性盘
34,09:31:49,15.9,0.0,42,66820,卖盘
35,09:31:52,15.87,-0.03,12,19051,卖盘
36,09:31:55,15.9,0.03,81,128542,买盘
37,09:31:58,15.86,-0.04,32,50784,卖盘
38,09:32:01,15.82,-0.04,23,36409,卖盘
39,09:32:04,15.82,0.0,27,42714,买盘
40,09:32:07,15.82,0.0,14,22144,买盘
41,09:32:10,15.82,0.0,45,71109,买盘
42,09:32:13,15.81,-0.01,88,139128,卖盘
43,09:32:16,15.82,0.01,121,191278,中性盘
44,09:32:19,15.76,-0.06,108,170413,卖盘
45,09:32:22,15.8,0.04,29,45735,买盘
46,09:32:25,15.82,0.02,43,67998,买盘
47,09:32:28,15.84,0.02,30,47441,买盘
48,09:32:31,15.76,-0.08,55,86710,卖盘
49,09:32:34,15.82,0.06,14,22155,买盘
50,09:32:37,15.78,-0.04,26,41086,卖盘
51,09:32:40,15.81,0.03,188,296728,中性盘
52,09:32:43,15.8,-0.01,18,28442,卖盘
53,09:32:46,15.76,-0.04,24,37871,卖盘
54,09:32:49,15.76,0.0,29,45735,卖盘
55,09:32:55,15.75,-0.01,65,102439,卖盘
56,09:32:58,15.78,0.03,25,39484,中性盘
57,09:33:01,15.78,0.0,18,28430,卖盘
58,09:33:04,15.77,-0.01,62,97774,卖盘
59,09:33:07,15.76,-0.01,26,40979,卖盘
60,09:33:10,15.78,0.02,70,110352,买盘
61,09:33:13,15.78,0.0,83,130912,买盘
62,09:33:16,15.77,-0.01,38,59914,卖盘
63,09:33:19,15.77,0.0,77,121317,买盘
64,09:33:22,15.76,-0.01,79,124533,中性盘
65,09:33:25,15.76,0.0,143,225431,买盘
66,09:33:28,15.77,0.01,144,227144,买盘
67,09:33:31,15.78,0.01,42,66331,中性盘
68,09:33:34,15.78,0.0,14,22092,卖盘
69,09:33:37,15.78,0.0,1,1578,卖盘
70,09:33:40,15.79,0.01,40,63165,卖盘
71,09:33:43,15.8,0.01,59,93220,买盘
72,09:33:49,15.8,0.0,24,37920,卖盘
73,09:33:52,15.82,0.02,11,17402,买盘
74,09:33:55,15.82,0.0,7,11090,卖盘
75,09:34:01,15.86,0.04,12,19024,买盘
76,09:34:07,15.86,0.0,2,3172,买盘
77,09:34:10,15.83,-0.03,23,36442,卖盘
78,09:34:13,15.86,0.03,9,14274,买盘
79,09:34:19,15.86,0.0,2,3172,卖盘
80,09:34:22,15.86,0.0,18,28548,卖盘
81,09:34:25,15.86,0.0,21,33306,卖盘
82,09:34:28,15.86,0.0,4,6344,买盘
83,09:34:31,15.86,0.0,16,25376,买盘
84,09:34:34,15.86,0.0,8,12688,卖盘
85,09:34:37,15.9,0.04,11,17490,买盘
86,09:34:43,15.9,0.0,8,12720,买盘
87,09:34:46,15.86,-0.04,38,60291,卖盘
88,09:34:49,15.89,0.03,46,73048,买盘
89,09:34:52,15.89,0.0,7,11123,买盘
90,09:34:55,15.89,0.0,9,14294,买盘
91,09:34:58,15.85,-0.04,20,31710,卖盘
92,09:35:01,15.86,0.01,76,120536,买盘
93,09:35:04,15.86,0.0,13,20618,买盘
94,09:35:07,15.86,0.0,43,68172,买盘
95,09:35:10,15.86,0.0,23,36480,卖盘
96,09:35:13,15.87,0.01,36,57069,买盘
97,09:35:16,15.85,-0.02,19,30125,卖盘
98,09:35:19,15.87,0.02,58,92007,买盘
99,09:35:22,15.85,-0.02,11,17430,买盘
100,09:35:25,15.84,-0.01,28,44362,卖盘
101,09:35:28,15.84,0.0,6,9504,买盘
102,09:35:31,15.82,-0.02,70,110776,卖盘
103,09:35:34,15.82,0.0,37,58590,卖盘
104,09:35:37,15.83,0.01,8,12659,中性盘
105,09:35:40,15.82,-0.01,182,288259,卖盘
106,09:35:43,15.81,-0.01,8,12656,卖盘
107,09:35:46,15.82,0.01,11,17406,买盘
108,09:35:49,15.82,0.0,98,154957,买盘
109,09:35:52,15.82,0.0,31,49057,买盘
110,09:35:55,15.8,-0.02,18,28440,卖盘
111,09:35:58,15.8,0.0,27,42677,卖盘
112,09:36:01,15.81,0.01,287,453116,买盘
113,09:36:04,15.81,0.0,39,61653,买盘
114,09:36:07,15.8,-0.01,7,11070,中性盘
115,09:36:10,15.8,0.0,54,85320,买盘
116,09:36:13,15.78,-0.02,92,145280,中性盘
117,09:36:16,15.77,-0.01,26,41005,卖盘
118,09:36:19,15.77,0.0,18,28383,买盘
119,09:36:22,15.76,-0.01,3,4728,卖盘
120,09:36:25,15.76,0.0,10,15760,卖盘
121,09:36:28,15.77,0.01,24,37835,买盘
122,09:36:31,15.76,-0.01,64,100903,卖盘
123,09:36:34,15.76,0.0,35,55170,卖盘
124,09:36:37,15.76,0.0,24,37837,卖盘
125,09:36:40,15.77,0.01,49,77271,买盘
126,09:36:43,15.76,-0.01,100,157700,卖盘
127,09:36:46,15.75,-0.01,59,93003,卖盘
128,09:36:49,15.76,0.01,23,36258,中性盘
129,09:36:52,15.75,-0.01,81,127660,卖盘
130,09:36:55,15.76,0.01,31,48896,中性盘
131,09:36:58,15.76,0.0,40,63012,买盘
132,09:37:01,15.75,-0.01,150,236308,卖盘
133,09:37:04,15.76,0.01,1,1576,中性盘
134,09:37:10,15.76,0.0,31,48856,卖盘
135,09:37:13,15.76,0.0,31,48856,卖盘
136,09:37:16,15.76,0.0,4,6304,卖盘
137,09:37:19,15.76,0.0,72,114384,卖盘
138,09:37:25,15.77,0.01,4,6306,中性盘
139,09:37:28,15.76,-0.01,103,162398,卖盘
140,09:37:31,15.79,0.03,40,63102,买盘
141,09:37:34,15.76,-0.03,7,11032,卖盘
142,09:37:37,15.77,0.01,8,12616,买盘
143,09:37:40,15.77,0.0,12,18924,卖盘
144,09:37:43,15.77,0.0,34,53618,卖盘
145,09:37:46,15.79,0.02,44,69440,买盘
146,09:37:49,15.78,-0.01,16,25252,卖盘
147,09:37:52,15.77,-0.01,9,14195,卖盘
148,09:38:01,15.82,0.05,5,7910,买盘
149,09:38:07,15.79,-0.03,2,3158,卖盘
150,09:38:10,15.8,0.01,1,1580,中性盘
151,09:38:13,15.8,0.0,2,3160,买盘
152,09:38:16,15.82,0.02,12,18974,买盘
153,09:38:22,15.81,-0.01,1,1581,卖盘
154,09:38:25,15.82,0.01,7,11074,买盘
155,09:38:28,15.82,0.0,10,15820,卖盘
156,09:38:31,15.83,0.01,15,23745,买盘
157,09:38:34,15.83,0.0,5,7915,买盘
158,09:38:37,15.83,0.0,6,9498,卖盘
159,09:38:40,15.84,0.01,4,6336,买盘
160,09:38:46,15.84,0.0,8,12672,卖盘
161,09:38:49,15.85,0.01,27,42795,买盘
162,09:38:52,15.85,0.0,2,3170,买盘
163,09:38:55,15.85,0.0,1,1585,买盘
164,09:38:58,15.86,0.01,21,33289,买盘
165,09:39:13,15.92,0.06,22,34995,买盘
166,09:39:19,15.9,-0.02,16,25401,中性盘
167,09:39:25,15.92,0.02,5,7960,买盘
168,09:39:37,15.95,0.03,5,7975,卖盘
169,09:39:40,15.96,0.01,35,55843,买盘
170,09:39:43,15.94,-0.02,1,1594,中性盘
171,09:39:46,15.96,0.02,26,41435,买盘
172,09:39:49,15.92,-0.04,40,63793,卖盘
173,09:40:04,15.95,0.03,28,44607,买盘
174,09:40:07,15.95,0.0,3,4785,卖盘
175,09:40:10,15.95,0.0,11,17545,买盘
176,09:40:16,15.92,-0.03,27,43000,卖盘
177,09:40:19,15.96,0.04,45,71807,买盘
178,09:40:22,15.92,-0.04,21,33436,卖盘
179,09:40:28,15.95,0.03,2,3190,买盘
180,09:40:31,15.97,0.02,69,110125,买盘
181,09:40:37,15.92,-0.05,20,31876,卖盘
182,09:40:46,15.97,0.05,12,19164,买盘
183,09:40:49,15.92,-0.05,13,20696,卖盘
184,09:40:52,15.92,0.0,11,17517,卖盘
185,09:40:55,15.97,0.05,2,3194,买盘
186,09:40:58,15.93,-0.04,2,3186,卖盘
187,09:41:01,15.93,0.0,2,3186,卖盘
188,09:41:04,15.96,0.03,28,44658,买盘
189,09:41:10,15.93,-0.03,3,4779,卖盘
190,09:41:13,15.93,0.0,12,19126,卖盘
191,09:41:16,15.93,0.0,13,20709,卖盘
192,09:41:28,15.93,0.0,12,19116,买盘
193,09:41:31,15.92,-0.01,4,6368,卖盘
194,09:41:34,15.93,0.01,8,12744,买盘
195,09:41:37,15.92,-0.01,12,19106,卖盘
196,09:41:40,15.93,0.01,25,39825,买盘
197,09:41:46,15.93,0.0,15,23893,买盘
198,09:41:49,15.9,-0.03,135,214695,卖盘
199,09:41:52,15.9,0.0,10,15900,买盘
200,09:41:55,15.88,-0.02,16,25414,卖盘
201,09:41:58,15.88,0.0,12,19056,卖盘
202,09:42:01,15.9,0.02,28,44520,买盘
203,09:42:04,15.88,-0.02,46,73110,卖盘
204,09:42:07,15.9,0.02,4,6360,中性盘
205,09:42:10,15.88,-0.02,2,3176,卖盘
206,09:42:16,15.92,0.04,10,15902,买盘
207,09:42:19,15.88,-0.04,10,15880,卖盘
208,09:42:25,15.87,-0.01,31,49221,卖盘
209,09:42:28,15.87,0.0,29,46023,买盘
210,09:42:31,15.87,0.0,21,33327,买盘
211,09:42:34,15.88,0.01,9,14289,买盘
212,09:42:46,15.9,0.02,11,17490,买盘
213,09:42:49,15.89,-0.01,3,4767,卖盘
214,09:42:52,15.89,0.0,62,98451,买盘
215,09:42:58,15.9,0.01,13,20667,买盘
216,09:43:01,15.9,0.0,2,3179,买盘
217,09:43:04,15.9,0.0,10,15894,买盘
218,09:43:07,15.87,-0.03,18,28605,卖盘
219,09:43:22,15.9,0.03,2,3180,卖盘
220,09:43:25,15.91,0.01,22,34997,买盘
221,09:43:28,15.91,0.0,5,7955,卖盘
222,09:43:31,15.9,-0.01,45,71562,卖盘
223,09:43:37,15.91,0.01,2,3182,卖盘
224,09:43:40,15.9,-0.01,5,7952,卖盘
225,09:43:46,15.91,0.01,22,35001,买盘
226,09:43:55,15.92,0.01,15,23880,买盘
227,09:43:58,15.91,-0.01,1,1591,卖盘
228,09:44:01,15.92,0.01,1,1592,买盘
229,09:44:04,15.91,-0.01,10,15910,卖盘
230,09:44:07,15.91,0.0,14,22276,卖盘
231,09:44:10,15.92,0.01,8,12736,买盘
232,09:44:19,15.92,0.0,21,33432,卖盘
233,09:44:22,15.91,-0.01,7,11143,中性盘
234,09:44:25,15.93,0.02,33,52538,买盘
235,09:44:34,15.93,0.0,9,14337,买盘
236,09:44:37,15.92,-0.01,2,3184,卖盘
237,09:44:40,15.92,0.0,2,3184,卖盘
238,09:44:43,15.92,0.0,69,109848,卖盘
239,09:44:46,15.92,0.0,22,35024,买盘
240,09:44:52,15.9,-0.02,73,116094,卖盘
241,09:44:55,15.92,0.02,7,11144,买盘
242,09:44:58,15.92,0.0,23,36616,买盘
243,09:45:07,15.92,0.0,17,27064,卖盘
244,09:45:13,15.92,0.0,12,19106,卖盘
245,09:45:19,15.92,0.0,2,3184,卖盘
246,09:45:22,15.92,0.0,14,22288,买盘
247,09:45:28,15.94,0.02,24,38240,买盘
248,09:45:31,15.92,-0.02,27,42996,卖盘
249,09:45:40,15.91,-0.01,5,7955,卖盘
250,09:45:43,15.92,0.01,4,6368,买盘
251,09:45:46,15.91,-0.01,5,7959,卖盘
252,09:45:49,15.91,0.0,4,6364,卖盘
253,09:45:58,15.9,-0.01,35,55655,卖盘
254,09:46:01,15.9,0.0,18,28620,卖盘
255,09:46:07,15.9,0.0,10,15900,买盘
256,09:46:10,15.89,-0.01,3,4767,卖盘
257,09:46:13,15.89,0.0,6,9537,卖盘
258,09:46:19,15.9,0.01,17,27022,买盘
259,09:46:22,15.89,-0.01,3,4769,卖盘
260,09:46:25,15.9,0.01,69,109704,买盘
261,09:46:28,15.88,-0.02,157,249496,卖盘
262,09:46:31,15.88,0.0,2,3176,卖盘
263,09:46:37,15.89,0.01,20,31780,卖盘
264,09:46:43,15.89,0.0,9,14305,卖盘
265,09:46:46,15.88,-0.01,10,15882,卖盘
266,09:46:49,15.88,0.0,6,9528,买盘
267,09:46:52,15.88,0.0,9,14292,买盘
268,09:46:55,15.88,0.0,30,47646,卖盘
269,09:46:58,15.91,0.03,25,39718,买盘
270,09:47:01,15.88,-0.03,1,1588,卖盘
271,09:47:10,15.87,-0.01,13,20631,卖盘
272,09:47:13,15.88,0.01,30,47640,买盘
273,09:47:16,15.88,0.0,13,20644,买盘
274,09:47:19,15.87,-0.01,25,39675,卖盘
275,09:47:22,15.87,0.0,78,123794,卖盘
276,09:47:34,15.86,-0.01,11,17451,卖盘
277,09:47:37,15.87,0.01,12,19044,买盘
278,09:47:40,15.87,0.0,9,14280,买盘
279,09:47:46,15.86,-0.01,13,20619,卖盘
280,09:47:49,15.86,0.0,24,38064,卖盘
281,09:47:55,15.87,0.01,7,11109,买盘
282,09:47:58,15.87,0.0,5,7935,卖盘
283,09:48:07,15.87,0.0,36,57132,卖盘
284,09:48:13,15.92,0.05,38,60444,买盘
285,09:48:16,15.87,-0.05,17,26982,卖盘
286,09:48:19,15.87,0.0,2,3176,卖盘
287,09:48:25,15.87,0.0,54,85703,卖盘
288,09:48:28,15.87,0.0,20,31740,卖盘
289,09:48:31,15.87,0.0,3,4761,卖盘
290,09:48:34,15.88,0.01,5,7948,中性盘
291,09:48:37,15.88,0.0,29,46092,卖盘
292,09:48:43,15.92,0.04,15,23880,买盘
293,09:48:46,15.92,0.0,5,7960,卖盘
294,09:48:58,15.88,-0.04,1,1588,卖盘
295,09:49:01,15.92,0.04,36,57298,买盘
296,09:49:04,15.92,0.0,5,7960,买盘
297,09:49:07,15.92,0.0,9,14328,卖盘
298,09:49:10,15.92,0.0,2,3184,卖盘
299,09:49:13,15.93,0.01,2,3186,买盘
300,09:49:19,15.93,0.0,8,12744,买盘
301,09:49:22,15.93,0.0,3,4779,卖盘
302,09:49:28,15.95,0.02,28,44660,买盘
303,09:49:37,15.97,0.02,5,7985,买盘
304,09:49:43,15.97,0.0,1,1597,买盘
305,09:49:52,15.98,0.01,24,38352,买盘
306,09:49:55,15.98,0.0,2,3196,卖盘
307,09:49:58,15.99,0.01,2,3198,买盘
308,09:50:07,16.0,0.01,28,44799,买盘
309,09:50:10,16.0,0.0,8,12800,卖盘
310,09:50:16,16.0,0.0,21,33600,卖盘
311,09:50:22,16.06,0.06,51,81711,买盘
312,09:50:25,16.02,-0.04,20,32135,卖盘
313,09:50:28,16.02,0.0,20,32040,卖盘
314,09:50:37,16.07,0.05,2,3214,买盘
315,09:50:49,16.05,-0.02,5,8021,买盘
316,09:50:52,16.05,0.0,26,41720,买盘
317,09:50:55,16.05,0.0,2,3210,卖盘
318,09:50:58,16.05,0.0,24,38518,卖盘
319,09:51:01,16.05,0.0,12,19255,卖盘
320,09:51:04,16.05,0.0,2,3210,买盘
321,09:51:07,16.01,-0.04,13,20818,卖盘
322,09:51:10,16.01,0.0,6,9606,买盘
323,09:51:13,16.05,0.04,74,118770,买盘
324,09:51:16,16.02,-0.03,1,1602,买盘
325,09:51:19,15.99,-0.03,83,132781,卖盘
326,09:51:22,15.99,0.0,1,1599,卖盘
327,09:51:28,15.99,0.0,10,16020,卖盘
328,09:51:37,15.97,-0.02,13,20778,卖盘
329,09:51:40,15.99,0.02,52,83190,中性盘
330,09:51:46,15.97,-0.02,5,7985,买盘
331,09:51:49,15.99,0.02,10,15990,买盘
332,09:51:51,16.03,0.04,11,17612,买盘
333,09:51:55,15.98,-0.05,15,23992,卖盘
334,09:51:58,15.98,0.0,8,12784,卖盘
335,09:52:07,15.99,0.01,27,43173,中性盘
336,09:52:22,15.99,0.0,10,15990,卖盘
337,09:52:25,16.02,0.03,24,38448,买盘
338,09:52:40,16.02,0.0,4,6408,卖盘
339,09:52:46,16.03,0.01,10,16030,买盘
340,09:52:49,16.02,-0.01,40,64080,卖盘
341,09:52:52,16.03,0.01,26,41674,买盘
342,09:52:55,16.05,0.02,19,30470,买盘
343,09:53:04,16.03,-0.02,57,91371,卖盘
344,09:53:07,16.05,0.02,2,3210,买盘
345,09:53:10,16.03,-0.02,29,46529,卖盘
346,09:53:13,16.07,0.04,54,86722,买盘
347,09:53:16,16.05,-0.02,15,24075,卖盘
348,09:53:25,16.07,0.02,2,3214,买盘
349,09:53:28,16.07,0.0,13,20867,买盘
350,09:53:31,16.07,0.0,9,14463,买盘
351,09:53:34,16.05,-0.02,26,41778,卖盘
352,09:53:37,16.08,0.03,16,25717,买盘
353,09:53:43,16.07,-0.01,9,14463,卖盘
354,09:53:52,16.07,0.0,14,22498,卖盘
355,09:53:55,16.08,0.01,5,8040,买盘
356,09:53:58,16.08,0.0,23,36964,买盘
357,09:54:01,16.07,-0.01,7,11252,卖盘
358,09:54:04,16.09,0.02,5,8044,买盘
359,09:54:07,16.08,-0.01,27,43416,卖盘
360,09:54:10,16.07,-0.01,69,110892,卖盘
361,09:54:13,16.09,0.02,27,43393,买盘
362,09:54:16,16.08,-0.01,18,28958,卖盘
363,09:54:19,16.09,0.01,47,75597,买盘
364,09:54:22,16.05,-0.04,5,8025,卖盘
365,09:54:28,16.07,0.02,2,3214,买盘
366,09:54:31,16.05,-0.02,40,64200,卖盘
367,09:54:37,16.05,0.0,23,36928,卖盘
368,09:54:43,16.06,0.01,12,19265,买盘
369,09:54:46,16.05,-0.01,47,75435,卖盘
370,09:54:49,16.0,-0.05,75,120202,卖盘
371,09:54:55,16.02,0.02,10,16013,买盘
372,09:54:58,16.03,0.01,17,27245,买盘
373,09:55:01,16.03,0.0,24,38472,卖盘
374,09:55:07,16.0,-0.03,2,3200,卖盘
375,09:55:13,16.0,0.0,19,30400,买盘
376,09:55:16,16.0,0.0,14,22400,卖盘
377,09:55:19,16.0,0.0,26,41600,卖盘
378,09:55:28,16.0,0.0,1,1600,买盘
379,09:55:31,15.99,-0.01,30,47990,卖盘
380,09:55:34,16.0,0.01,36,57574,买盘
381,09:55:49,16.02,0.02,4,6408,买盘
382,09:55:52,16.0,-0.02,2,3200,卖盘
383,09:55:55,16.0,0.0,5,8000,卖盘
384,09:56:01,16.01,0.01,1,1601,中性盘
385,09:56:04,16.0,-0.01,205,328031,卖盘
386,09:56:13,16.02,0.02,2,3202,买盘
387,09:56:19,16.0,-0.02,2,3200,卖盘
388,09:56:22,16.0,0.0,6,9600,卖盘
389,09:56:25,16.0,0.0,1,1600,卖盘
390,09:56:28,16.0,0.0,10,16000,卖盘
391,09:56:31,16.0,0.0,42,67200,卖盘
392,09:56:43,16.0,0.0,11,17600,买盘
393,09:56:55,16.0,0.0,6,9600,买盘
394,09:57:04,15.98,-0.02,37,59126,卖盘
395,09:57:10,15.98,0.0,10,15980,买盘
396,09:57:13,15.97,-0.01,11,17567,卖盘
397,09:57:16,15.98,0.01,3,4794,买盘
398,09:57:22,15.97,-0.01,13,20764,卖盘
399,09:57:25,16.0,0.03,20,31996,买盘
400,09:57:31,15.97,-0.03,42,67074,卖盘
401,09:57:34,15.97,0.0,14,22348,买盘
402,09:57:46,15.97,0.0,30,47910,买盘
403,09:57:49,15.97,0.0,2,3194,买盘
404,09:57:58,15.96,-0.01,28,44688,卖盘
405,09:58:01,15.96,0.0,1,1596,卖盘
406,09:58:04,15.96,0.0,6,9576,卖盘
407,09:58:07,15.96,0.0,1,1596,买盘
408,09:58:16,15.95,-0.01,29,46255,卖盘
409,09:58:25,15.95,0.0,10,15950,买盘
410,09:58:34,15.95,0.0,10,15950,买盘
411,09:58:46,15.95,0.0,4,6380,卖盘
412,09:58:58,15.92,-0.03,20,31855,卖盘
413,09:59:01,15.92,0.0,48,76417,卖盘
414,09:59:19,15.93,0.01,10,15930,卖盘
415,09:59:25,15.95,0.02,18,28710,买盘
416,09:59:40,15.95,0.0,42,66990,买盘
417,09:59:43,15.95,0.0,17,27115,买盘
418,09:59:46,15.95,0.0,5,7975,买盘
419,09:59:52,15.95,0.0,1,1595,买盘
420,09:59:58,15.95,0.0,3,4785,买盘
421,10:00:16,15.97,0.02,5,7985,买盘
422,10:00:19,15.95,-0.02,11,17545,卖盘
423,10:00:22,15.97,0.02,7,11179,买盘
424,10:00:55,15.99,0.02,10,15990,买盘
425,10:01:04,15.98,-0.01,28,44744,卖盘
426,10:01:13,15.99,0.01,3,4797,买盘
427,10:01:25,16.0,0.01,17,27200,买盘
428,10:01:31,15.98,-0.02,4,6392,卖盘
429,10:01:34,16.0,0.02,18,28794,买盘
430,10:01:37,16.0,0.0,19,30400,买盘
431,10:01:40,16.0,0.0,11,17600,卖盘
432,10:01:43,16.0,0.0,17,27200,卖盘
433,10:01:58,16.02,0.02,15,24030,买盘
434,10:02:22,16.04,0.02,3,4812,买盘
435,10:02:25,16.03,-0.01,2,3206,卖盘
436,10:02:28,16.02,-0.01,51,81705,卖盘
437,10:02:34,16.03,0.01,1,1603,买盘
438,10:02:37,16.04,0.01,5,8017,买盘
439,10:02:40,16.0,-0.04,76,121682,卖盘
440,10:02:52,16.0,0.0,12,19200,卖盘
441,10:03:01,15.99,-0.01,46,73554,卖盘
442,10:03:04,16.0,0.01,5,8000,买盘
443,10:03:07,15.99,-0.01,13,20787,卖盘
444,10:03:10,15.99,0.0,26,41574,卖盘
445,10:03:13,15.99,0.0,38,60762,卖盘
446,10:03:16,16.0,0.01,15,23986,买盘
447,10:03:28,15.98,-0.02,73,116654,卖盘
448,10:03:34,15.98,0.0,8,12784,买盘
449,10:03:37,15.98,0.0,104,166243,买盘
450,10:03:46,15.97,-0.01,7,11191,卖盘
451,10:03:52,15.98,0.01,10,15984,卖盘
452,10:03:58,15.98,0.0,5,7990,买盘
453,10:04:10,15.97,-0.01,2,3194,卖盘
454,10:04:16,15.98,0.01,123,196514,买盘
455,10:04:19,15.98,0.0,13,20774,卖盘
456,10:04:22,15.98,0.0,5,7990,卖盘
457,10:04:31,15.98,0.0,5,7990,卖盘
458,10:04:34,15.98,0.0,18,28764,卖盘
459,10:04:43,16.0,0.02,4,6400,买盘
460,10:04:46,16.0,0.0,10,16000,买盘
461,10:04:52,16.0,0.0,1,1600,卖盘
462,10:04:58,16.02,0.02,44,70488,买盘
463,10:05:01,16.02,0.0,10,16020,卖盘
464,10:05:04,16.02,0.0,11,17622,卖盘
465,10:05:10,16.02,0.0,10,16020,卖盘
466,10:05:19,16.02,0.0,7,11214,卖盘
467,10:05:22,16.02,0.0,10,16020,卖盘
468,10:05:34,16.02,0.0,8,12816,卖盘
469,10:05:43,16.02,0.0,20,32050,卖盘
470,10:05:49,16.02,0.0,5,8010,卖盘
471,10:05:52,16.02,0.0,62,99324,卖盘
472,10:05:55,16.02,0.0,7,11214,买盘
473,10:06:04,16.0,-0.02,2,3200,卖盘
474,10:06:07,16.0,0.0,12,19200,买盘
475,10:06:10,16.02,0.02,9,14406,买盘
476,10:06:19,15.97,-0.05,5,7991,卖盘
477,10:06:22,15.97,0.0,7,11179,卖盘
478,10:06:37,15.97,0.0,2,3194,卖盘
479,10:06:40,15.97,0.0,16,25575,卖盘
480,10:06:43,15.96,-0.01,9,14386,卖盘
481,10:06:46,15.95,-0.01,60,95714,卖盘
482,10:06:48,15.97,0.02,1,1597,中性盘
483,10:06:58,15.94,-0.03,5,7973,卖盘
484,10:07:04,15.96,0.02,35,55860,卖盘
485,10:07:10,15.93,-0.03,52,82944,卖盘
486,10:07:13,15.97,0.04,19,30343,卖盘
487,10:07:22,15.94,-0.03,3,4782,买盘
488,10:07:31,15.96,0.02,6,9575,买盘
489,10:07:37,15.94,-0.02,3,4782,卖盘
490,10:07:40,15.94,0.0,4,6376,买盘
491,10:07:46,15.96,0.02,5,7980,买盘
492,10:07:55,15.93,-0.03,1,1593,卖盘
493,10:07:58,15.94,0.01,5,7970,买盘
494,10:08:01,15.94,0.0,11,17534,买盘
495,10:08:10,15.94,0.0,5,7970,买盘
496,10:08:13,15.94,0.0,12,19128,买盘
497,10:08:16,15.94,0.0,15,23910,买盘
498,10:08:19,15.94,0.0,5,7970,卖盘
499,10:08:22,15.94,0.0,11,17534,卖盘
500,10:08:34,15.94,0.0,25,39850,卖盘
501,10:08:37,15.95,0.01,77,122857,卖盘
502,10:08:40,15.95,0.0,3,4785,卖盘
503,10:08:55,15.96,0.01,8,12773,卖盘
504,10:09:19,15.97,0.01,38,60686,买盘
505,10:09:22,15.96,-0.01,1,1596,卖盘
506,10:09:25,15.95,-0.01,12,19147,卖盘
507,10:09:28,15.97,0.02,3,4791,买盘
508,10:09:34,15.94,-0.03,25,39870,卖盘
509,10:09:37,15.97,0.03,17,27149,买盘
510,10:09:46,15.94,-0.03,1,1594,卖盘
511,10:10:04,15.94,0.0,5,7974,卖盘
512,10:10:07,15.94,0.0,28,44632,卖盘
513,10:10:10,15.94,0.0,22,35068,买盘
514,10:10:16,15.92,-0.02,26,41422,卖盘
515,10:10:28,15.92,0.0,12,19104,卖盘
516,10:10:34,15.92,0.0,6,9552,买盘
517,10:10:37,15.92,0.0,38,60496,买盘
518,10:10:43,15.92,0.0,9,14328,卖盘
519,10:10:49,15.93,0.01,3,4779,买盘
520,10:10:52,15.92,-0.01,3,4776,卖盘
521,10:10:58,15.93,0.01,2,3186,买盘
522,10:11:01,15.92,-0.01,5,7963,卖盘
523,10:11:13,15.94,0.02,40,63731,买盘
524,10:11:16,15.92,-0.02,1,1592,卖盘
525,10:11:19,15.92,0.0,15,23880,卖盘
526,10:11:43,15.93,0.01,1,1593,卖盘
527,10:11:52,15.93,0.0,2,3186,卖盘
528,10:11:58,15.94,0.01,9,14346,买盘
529,10:12:01,15.93,-0.01,13,20710,卖盘
530,10:12:16,15.93,0.0,4,6372,卖盘
531,10:12:37,15.93,0.0,10,15930,卖盘
532,10:12:40,15.95,0.02,5,7975,买盘
533,10:12:46,15.95,0.0,2,3190,卖盘
534,10:12:55,15.95,0.0,20,31900,卖盘
535,10:13:07,15.95,0.0,6,9570,卖盘
536,10:13:19,15.95,0.0,5,7975,卖盘
537,10:13:34,15.96,0.01,2,3192,卖盘
538,10:13:37,15.96,0.0,33,52668,卖盘
539,10:13:43,15.96,0.0,19,30324,卖盘
540,10:14:13,15.95,-0.01,3,4785,卖盘
541,10:14:28,15.95,0.0,3,4785,卖盘
542,10:14:37,15.95,0.0,1,1595,卖盘
543,10:14:46,15.95,0.0,2,3190,卖盘
544,10:14:58,15.95,0.0,17,27115,卖盘
545,10:15:04,15.93,-0.02,7,11151,卖盘
546,10:15:28,15.95,0.02,2,3190,卖盘
547,10:15:31,15.95,0.0,4,6380,卖盘
548,10:15:34,15.95,0.0,20,31900,卖盘
549,10:15:37,15.93,-0.02,10,15930,卖盘
550,10:15:43,15.93,0.0,2,3186,卖盘
551,10:15:52,15.95,0.02,4,6380,卖盘
552,10:16:07,15.93,-0.02,2,3186,卖盘
553,10:16:10,15.95,0.02,18,28710,买盘
554,10:16:16,15.93,-0.02,4,6372,卖盘
555,10:16:31,15.93,0.0,2,3186,卖盘
556,10:16:37,15.93,0.0,14,22302,卖盘
557,10:16:49,15.93,0.0,33,52569,买盘
558,10:16:52,15.93,0.0,40,63720,卖盘
559,10:16:55,15.93,0.0,5,7965,卖盘
560,10:16:58,15.93,0.0,36,57348,卖盘
561,10:17:01,15.93,0.0,6,9558,买盘
562,10:17:04,15.92,-0.01,7,11144,卖盘
563,10:17:07,15.92,0.0,32,50944,卖盘
564,10:17:09,15.92,0.0,12,19104,卖盘
565,10:17:13,15.92,0.0,8,12736,卖盘
566,10:17:16,15.93,0.01,30,47790,买盘
567,10:17:22,15.92,-0.01,11,17522,卖盘
568,10:17:37,15.89,-0.03,157,249681,卖盘
569,10:17:43,15.92,0.03,10,15920,买盘
570,10:17:52,15.9,-0.02,7,11130,卖盘
571,10:17:55,15.89,-0.01,6,9534,卖盘
572,10:18:09,15.89,0.0,9,14301,买盘
573,10:18:13,15.89,0.0,5,7945,卖盘
574,10:18:22,15.89,0.0,35,55615,卖盘
575,10:18:37,15.89,0.0,2,3179,卖盘
576,10:18:46,15.88,-0.01,100,158865,卖盘
577,10:18:49,15.9,0.02,6,9535,中性盘
578,10:18:52,15.9,0.0,3,4770,卖盘
579,10:18:55,15.89,-0.01,18,28602,卖盘
580,10:18:57,15.89,0.0,5,7945,卖盘
581,10:19:00,15.89,0.0,5,7945,卖盘
582,10:19:04,15.89,0.0,17,27013,卖盘
583,10:19:07,15.89,0.0,6,9530,买盘
584,10:19:10,15.89,0.0,1,1589,卖盘
585,10:19:16,15.9,0.01,7,11130,卖盘
586,10:19:18,15.89,-0.01,9,14304,卖盘
587,10:19:22,15.89,0.0,10,15890,卖盘
588,10:19:43,15.89,0.0,34,54026,卖盘
589,10:19:49,15.89,0.0,28,44517,卖盘
590,10:20:01,15.88,-0.01,166,263670,卖盘
591,10:20:04,15.88,0.0,2,3176,买盘
592,10:20:07,15.88,0.0,15,23820,买盘
593,10:20:16,15.87,-0.01,30,47610,卖盘
594,10:20:18,15.87,0.0,12,19044,买盘
595,10:20:25,15.86,-0.01,5,7930,卖盘
596,10:20:28,15.86,0.0,16,25376,卖盘
597,10:20:34,15.86,0.0,18,28548,卖盘
598,10:20:37,15.86,0.0,14,22204,卖盘
599,10:20:40,15.86,0.0,13,20618,买盘
600,10:20:49,15.85,-0.01,31,49139,卖盘
601,10:20:55,15.85,0.0,18,28530,卖盘
602,10:20:58,15.85,0.0,7,11097,卖盘
603,10:21:01,15.86,0.01,4,6344,买盘
604,10:21:07,15.85,-0.01,12,19030,卖盘
605,10:21:19,15.85,0.0,16,25360,卖盘
606,10:21:22,15.86,0.01,22,34876,买盘
607,10:21:25,15.86,0.0,9,14274,买盘
608,10:21:27,15.86,0.0,12,19021,买盘
609,10:21:31,15.85,-0.01,9,14265,卖盘
610,10:21:33,15.86,0.01,9,14274,买盘
611,10:21:37,15.86,0.0,22,34892,买盘
612,10:21:40,15.85,-0.01,16,25373,卖盘
613,10:21:43,15.86,0.01,11,17446,买盘
614,10:21:46,15.86,0.0,12,19032,买盘
615,10:22:01,15.87,0.01,25,39655,买盘
616,10:22:04,15.86,-0.01,12,19032,卖盘
617,10:22:10,15.85,-0.01,20,31719,卖盘
618,10:22:13,15.85,0.0,7,11095,卖盘
619,10:22:16,15.85,0.0,29,45967,卖盘
620,10:22:19,15.85,0.0,44,69740,卖盘
621,10:22:22,15.85,0.0,105,166427,卖盘
622,10:22:34,15.84,-0.01,10,15840,卖盘
623,10:22:37,15.84,0.0,52,82368,卖盘
624,10:22:40,15.85,0.01,2,3170,买盘
625,10:22:42,15.84,-0.01,29,45936,卖盘
626,10:22:49,15.8,-0.04,405,640223,卖盘
627,10:22:52,15.8,0.0,50,79000,买盘
628,10:23:01,15.78,-0.02,16,25258,卖盘
629,10:23:04,15.78,0.0,20,31562,卖盘
630,10:23:10,15.79,0.01,22,34721,买盘
631,10:23:13,15.79,0.0,2,3158,卖盘
632,10:23:16,15.79,0.0,4,6316,卖盘
633,10:23:19,15.79,0.0,43,67897,卖盘
634,10:23:22,15.79,0.0,30,47396,卖盘
635,10:23:25,15.79,0.0,5,7895,卖盘
636,10:23:31,15.79,0.0,17,26843,卖盘
637,10:23:34,15.79,0.0,2,3158,买盘
638,10:23:40,15.79,0.0,10,15790,卖盘
639,10:23:43,15.79,0.0,15,23685,卖盘
640,10:23:46,15.79,0.0,14,22116,卖盘
641,10:23:49,15.78,-0.01,31,48946,卖盘
642,10:23:55,15.79,0.01,3,4737,买盘
643,10:24:04,15.78,-0.01,10,15780,卖盘
644,10:24:10,15.79,0.01,101,159465,买盘
645,10:24:16,15.79,0.0,6,9474,卖盘
646,10:24:25,15.79,0.0,5,7895,卖盘
647,10:24:31,15.79,0.0,22,34738,卖盘
648,10:24:34,15.79,0.0,23,36339,卖盘
649,10:24:43,15.79,0.0,5,7895,卖盘
650,10:24:46,15.79,0.0,8,12637,卖盘
651,10:24:49,15.79,0.0,5,7895,卖盘
652,10:24:55,15.79,0.0,9,14211,卖盘
653,10:25:10,15.79,0.0,11,17369,卖盘
654,10:25:16,15.8,0.01,6,9480,买盘
655,10:25:22,15.8,0.0,5,7900,卖盘
656,10:25:31,15.85,0.05,6,9510,买盘
657,10:25:46,15.85,0.0,4,6340,买盘
658,10:25:58,15.8,-0.05,13,20595,卖盘
659,10:26:04,15.85,0.05,13,20605,买盘
660,10:26:34,15.85,0.0,3,4755,买盘
661,10:26:40,15.85,0.0,57,90345,买盘
662,10:26:46,15.81,-0.04,10,15810,卖盘
663,10:26:58,15.82,0.01,10,15820,卖盘
664,10:27:01,15.82,0.0,2,3164,卖盘
665,10:27:04,15.85,0.03,1,1585,买盘
666,10:27:13,15.85,0.0,4,6340,卖盘
667,10:27:19,15.85,0.0,8,12680,卖盘
668,10:27:25,15.85,0.0,30,47550,买盘
669,10:27:28,15.81,-0.04,39,61681,卖盘
670,10:27:46,15.85,0.04,4,6340,买盘
671,10:28:07,15.82,-0.03,16,25342,卖盘
672,10:28:13,15.85,0.03,1,1585,买盘
673,10:28:28,15.85,0.0,2,3170,买盘
674,10:28:31,15.81,-0.04,140,221514,卖盘
675,10:28:34,15.83,0.02,5,7915,卖盘
676,10:28:55,15.83,0.0,10,15830,买盘
677,10:28:58,15.83,0.0,10,15830,买盘
678,10:29:07,15.83,0.0,22,34826,买盘
679,10:29:22,15.85,0.02,10,15850,买盘
680,10:29:36,15.85,0.0,4,6340,买盘
681,10:29:43,15.83,-0.02,1,1583,卖盘
682,10:29:46,15.85,0.02,3,4755,买盘
683,10:29:55,15.85,0.0,10,15850,买盘
684,10:30:16,15.85,0.0,2,3170,卖盘
685,10:30:25,15.85,0.0,1,1585,卖盘
686,10:30:31,15.88,0.03,10,15880,买盘
687,10:30:46,15.88,0.0,6,9528,买盘
688,10:30:49,15.88,0.0,1,1588,买盘
689,10:30:51,15.9,0.02,1,1590,卖盘
690,10:31:09,15.9,0.0,3,4770,卖盘
691,10:31:46,15.9,0.0,5,7950,卖盘
692,10:31:52,15.9,0.0,5,7950,卖盘
693,10:31:54,15.92,0.02,3,4776,买盘
694,10:32:19,15.92,0.0,7,11144,卖盘
695,10:32:22,15.92,0.0,13,20696,买盘
696,10:32:31,15.93,0.01,25,39825,买盘
697,10:32:34,15.93,0.0,5,7965,卖盘
698,10:32:49,15.93,0.0,3,4779,卖盘
699,10:32:58,15.94,0.01,2,3188,买盘
700,10:33:04,15.93,-0.01,11,17523,卖盘
701,10:33:10,15.94,0.01,16,25504,买盘
702,10:33:13,15.94,0.0,3,4782,买盘
703,10:34:10,15.95,0.01,30,47850,卖盘
704,10:34:22,15.97,0.02,2,3194,买盘
705,10:34:28,15.95,-0.02,10,15956,卖盘
706,10:34:42,15.97,0.02,2,3194,卖盘
707,10:34:52,15.97,0.0,1,1597,卖盘
708,10:35:01,15.97,0.0,5,7985,卖盘
709,10:35:07,15.98,0.01,9,14382,买盘
710,10:35:10,15.98,0.0,52,83045,买盘
711,10:35:13,15.97,-0.01,30,47910,卖盘
712,10:35:25,15.97,0.0,20,31940,卖盘
713,10:35:34,15.97,0.0,10,15970,卖盘
714,10:35:55,15.97,0.0,22,35134,卖盘
715,10:36:21,15.95,-0.02,20,31900,卖盘
716,10:36:28,15.95,0.0,10,15950,卖盘
717,10:36:31,15.95,0.0,13,20735,卖盘
718,10:36:40,15.95,0.0,36,57420,买盘
719,10:36:48,15.94,-0.01,10,15940,卖盘
720,10:36:51,15.94,0.0,13,20722,卖盘
721,10:37:01,15.93,-0.01,32,50978,卖盘
722,10:37:04,15.93,0.0,69,109917,卖盘
723,10:37:07,15.93,0.0,1,1593,买盘
724,10:37:10,15.95,0.02,139,221650,买盘
725,10:37:13,15.95,0.0,2,3190,卖盘
726,10:37:16,15.95,0.0,2,3190,卖盘
727,10:37:33,15.97,0.02,25,39917,买盘
728,10:37:55,15.97,0.0,11,17567,买盘
729,10:38:01,15.95,-0.02,30,47850,卖盘
730,10:38:04,15.97,0.02,8,12776,买盘
731,10:38:16,15.97,0.0,20,31940,卖盘
732,10:38:22,15.97,0.0,14,22358,卖盘
733,10:38:28,15.97,0.0,28,44716,卖盘
734,10:38:31,15.97,0.0,4,6391,卖盘
735,10:38:37,15.97,0.0,10,15970,卖盘
736,10:38:40,15.97,0.0,19,30343,卖盘
737,10:38:43,15.97,0.0,3,4791,买盘
738,10:39:13,15.93,-0.04,42,66986,卖盘
739,10:39:28,15.93,0.0,40,63720,买盘
740,10:39:46,15.91,-0.02,4,6364,卖盘
741,10:39:55,15.91,0.0,10,15910,卖盘
742,10:40:07,15.9,-0.01,4,6360,卖盘
743,10:40:19,15.88,-0.02,3,4764,卖盘
744,10:40:24,15.86,-0.02,10,15878,卖盘
745,10:40:34,15.86,0.0,5,7930,卖盘
746,10:40:37,15.86,0.0,10,15860,卖盘
747,10:40:43,15.86,0.0,2,3172,卖盘
748,10:40:45,15.86,0.0,14,22204,卖盘
749,10:40:49,15.85,-0.01,6,9510,卖盘
750,10:40:52,15.85,0.0,81,128396,卖盘
751,10:40:55,15.85,0.0,5,7925,买盘
752,10:40:58,15.85,0.0,6,9510,买盘
753,10:41:16,15.85,0.0,3,4755,卖盘
754,10:41:18,15.88,0.03,9,14271,买盘
755,10:41:31,15.88,0.0,20,31760,买盘
756,10:41:34,15.88,0.0,4,6346,买盘
757,10:41:37,15.93,0.05,30,47736,买盘
758,10:41:55,15.93,0.0,10,15930,买盘
759,10:42:22,15.93,0.0,3,4779,买盘
760,10:42:37,15.96,0.03,17,27127,买盘
761,10:42:43,15.93,-0.03,1,1593,卖盘
762,10:43:25,15.92,-0.01,21,33432,买盘
763,10:43:28,15.92,0.0,6,9552,卖盘
764,10:43:46,15.92,0.0,21,33435,卖盘
765,10:43:52,15.92,0.0,18,28656,卖盘
766,10:43:57,15.92,0.0,10,15920,卖盘
767,10:44:13,15.93,0.01,46,73278,买盘
768,10:44:34,15.93,0.0,21,33453,买盘
769,10:45:22,15.94,0.01,30,47820,买盘
770,10:46:10,15.95,0.01,20,31900,买盘
771,10:46:19,15.95,0.0,3,4785,买盘
772,10:46:40,15.95,0.0,2,3190,买盘
773,10:46:43,15.94,-0.01,5,7970,卖盘
774,10:46:49,15.94,0.0,1,1594,买盘
775,10:46:55,15.94,0.0,3,4782,买盘
776,10:47:10,15.94,0.0,1,1594,买盘
777,10:47:19,15.94,0.0,4,6376,卖盘
778,10:47:21,15.95,0.01,1,1595,买盘
779,10:47:34,15.98,0.03,50,79856,买盘
780,10:47:54,15.98,0.0,39,62322,买盘
781,10:48:01,15.99,0.01,6,9592,买盘
782,10:48:10,16.0,0.01,8,12800,买盘
783,10:48:12,16.0,0.0,12,19200,买盘
784,10:48:27,16.02,0.02,5,8010,买盘
785,10:48:37,16.03,0.01,30,48090,买盘
786,10:48:40,16.03,0.0,16,25648,买盘
787,10:48:49,16.04,0.01,4,6416,买盘
788,10:48:51,16.04,0.0,6,9624,买盘
789,10:49:06,16.05,0.01,23,36895,买盘
790,10:49:10,16.04,-0.01,5,8020,卖盘
791,10:49:12,16.05,0.01,45,72225,买盘
792,10:49:16,16.04,-0.01,10,16048,卖盘
793,10:49:18,16.05,0.01,4,6417,买盘
794,10:49:22,16.05,0.0,4,6420,卖盘
795,10:49:24,16.05,0.0,2,3210,卖盘
796,10:49:28,16.05,0.0,18,28895,卖盘
797,10:49:31,16.05,0.0,13,20865,卖盘
798,10:49:34,16.05,0.0,14,22470,卖盘
799,10:49:36,16.05,0.0,15,24075,买盘
800,10:49:40,16.05,0.0,3,4815,买盘
801,10:49:43,16.05,0.0,3,4815,卖盘
802,10:49:55,16.03,-0.02,9,14427,卖盘
803,10:50:15,16.03,0.0,2,3206,买盘
804,10:50:18,16.01,-0.02,10,16011,卖盘
805,10:50:31,16.01,0.0,21,33621,卖盘
806,10:50:37,16.01,0.0,7,11207,卖盘
807,10:50:43,16.01,0.0,1,1601,卖盘
808,10:50:46,16.01,0.0,2,3202,卖盘
809,10:50:49,16.01,0.0,13,20813,卖盘
810,10:50:51,16.01,0.0,13,20813,卖盘
811,10:50:57,16.01,0.0,30,48030,买盘
812,10:51:01,16.0,-0.01,10,16000,卖盘
813,10:51:04,16.0,0.0,45,72000,卖盘
814,10:51:40,15.95,-0.05,1,1595,卖盘
815,10:52:09,15.95,0.0,2,3190,卖盘
816,10:52:49,15.95,0.0,1,1595,卖盘
817,10:52:55,15.95,0.0,1,1595,卖盘
818,10:53:07,15.96,0.01,1,1596,买盘
819,10:53:12,15.95,-0.01,3,4785,卖盘
820,10:53:28,15.95,0.0,36,57420,卖盘
821,10:53:43,15.95,0.0,19,30305,买盘
822,10:53:49,15.95,0.0,10,15950,卖盘
823,10:53:52,15.93,-0.02,9,14337,卖盘
824,10:54:01,15.93,0.0,16,25488,买盘
825,10:54:07,15.9,-0.03,7,11130,卖盘
826,10:54:15,15.88,-0.02,1,1588,卖盘
827,10:54:22,15.88,0.0,10,15880,卖盘
828,10:54:25,15.88,0.0,7,11116,卖盘
829,10:54:28,15.9,0.02,6,9540,买盘
830,10:54:34,15.88,-0.02,3,4764,卖盘
831,10:54:52,15.88,0.0,1,1588,卖盘
832,10:55:04,15.9,0.02,7,11130,买盘
833,10:55:07,15.88,-0.02,18,28590,卖盘
834,10:55:22,15.9,0.02,6,9540,卖盘
835,10:55:31,15.92,0.02,10,15908,买盘
836,10:55:46,15.92,0.0,7,11144,买盘
837,10:56:01,15.93,0.01,6,9553,买盘
838,10:56:13,15.92,-0.01,5,7960,卖盘
839,10:56:28,15.92,0.0,3,4776,买盘
840,10:56:52,15.92,0.0,2,3184,买盘
841,10:57:04,15.93,0.01,4,6372,买盘
842,10:57:07,15.92,-0.01,15,23880,卖盘
843,10:57:19,15.92,0.0,5,7960,买盘
844,10:57:25,15.9,-0.02,44,69982,卖盘
845,10:57:28,15.92,0.02,19,30224,买盘
846,10:57:43,15.92,0.0,10,15920,卖盘
847,10:58:07,15.93,0.01,29,46197,买盘
848,10:58:55,15.93,0.0,2,3186,卖盘
849,10:59:04,15.96,0.03,5,7980,买盘
850,10:59:48,15.96,0.0,3,4788,买盘
851,10:59:58,15.96,0.0,6,9576,买盘
852,11:00:13,15.96,0.0,4,6384,卖盘
853,11:00:28,15.93,-0.03,5,7965,卖盘
854,11:00:31,15.94,0.01,2,3188,买盘
855,11:00:37,15.93,-0.01,10,15930,卖盘
856,11:00:43,15.92,-0.01,8,12736,卖盘
857,11:00:46,15.92,0.0,1,1592,卖盘
858,11:00:49,15.81,-0.11,174,275857,卖盘
859,11:01:01,15.81,0.0,3,4743,卖盘
860,11:01:10,15.81,0.0,3,4743,卖盘
861,11:01:19,15.81,0.0,10,15810,卖盘
862,11:01:34,15.81,0.0,1,1581,卖盘
863,11:01:40,15.81,0.0,6,9487,卖盘
864,11:01:46,15.81,0.0,4,6324,卖盘
865,11:01:52,15.8,-0.01,172,271839,卖盘
866,11:01:58,15.82,0.02,3,4746,中性盘
867,11:02:01,15.81,-0.01,10,15810,卖盘
868,11:02:07,15.82,0.01,2,3164,买盘
869,11:02:10,15.82,0.0,3,4745,买盘
870,11:02:43,15.82,0.0,1,1582,卖盘
871,11:02:55,15.83,0.01,7,11081,卖盘
872,11:02:58,15.82,-0.01,3,4748,卖盘
873,11:03:22,15.83,0.01,23,36409,卖盘
874,11:03:31,15.83,0.0,2,3166,买盘
875,11:03:49,15.83,0.0,13,20579,卖盘
876,11:03:58,15.83,0.0,47,74361,买盘
877,11:04:01,15.82,-0.01,111,175615,卖盘
878,11:04:10,15.82,0.0,10,15820,买盘
879,11:04:19,15.81,-0.01,21,33207,卖盘
880,11:04:22,15.82,0.01,10,15820,买盘
881,11:04:25,15.81,-0.01,6,9486,卖盘
882,11:04:28,15.82,0.01,30,47436,买盘
883,11:04:34,15.81,-0.01,9,14229,卖盘
884,11:04:43,15.81,0.0,5,7905,买盘
885,11:04:46,15.81,0.0,6,9486,买盘
886,11:04:49,15.81,0.0,10,15810,买盘
887,11:04:55,15.8,-0.01,2,3160,卖盘
888,11:05:13,15.81,0.01,2,3162,买盘
889,11:05:16,15.8,-0.01,16,25280,卖盘
890,11:05:22,15.8,0.0,43,67972,卖盘
891,11:05:25,15.8,0.0,68,107440,卖盘
892,11:05:37,15.81,0.01,12,18972,卖盘
893,11:05:52,15.81,0.0,5,7905,买盘
894,11:05:55,15.81,0.0,5,7905,买盘
895,11:05:58,15.8,-0.01,6,9485,卖盘
896,11:06:19,15.8,0.0,6,9480,卖盘
897,11:06:22,15.82,0.02,1,1582,中性盘
898,11:06:34,15.82,0.0,1,1582,卖盘
899,11:06:43,15.82,0.0,1,1582,卖盘
900,11:06:46,15.81,-0.01,8,12648,中性盘
901,11:06:58,15.8,-0.01,41,64780,卖盘
902,11:07:04,15.8,0.0,3,4740,买盘
903,11:07:10,15.8,0.0,5,7900,买盘
904,11:07:13,15.8,0.0,37,58460,买盘
905,11:07:16,15.79,-0.01,29,45793,卖盘
906,11:07:19,15.77,-0.02,95,149883,卖盘
907,11:07:22,15.8,0.03,10,15800,买盘
908,11:07:28,15.77,-0.03,3,4731,卖盘
909,11:07:31,15.79,0.02,21,33159,买盘
910,11:07:40,15.79,0.0,1,1579,买盘
911,11:07:43,15.77,-0.02,16,25232,卖盘
912,11:07:46,15.79,0.02,4,6316,中性盘
913,11:07:55,15.79,0.0,15,23685,卖盘
914,11:08:01,15.8,0.01,10,15800,买盘
915,11:08:04,15.8,0.0,1,1580,买盘
916,11:08:10,15.8,0.0,3,4740,买盘
917,11:08:13,15.8,0.0,1,1580,买盘
918,11:08:25,15.8,0.0,2,3160,卖盘
919,11:08:31,15.8,0.0,10,15800,卖盘
920,11:08:37,15.82,0.02,3,4746,买盘
921,11:08:40,15.82,0.0,2,3164,买盘
922,11:08:43,15.8,-0.02,3,4740,卖盘
923,11:08:58,15.83,0.03,6,9488,买盘
924,11:09:01,15.83,0.0,1,1583,买盘
925,11:09:16,15.83,0.0,9,14247,卖盘
926,11:09:25,15.83,0.0,6,9498,买盘
927,11:09:34,15.81,-0.02,8,12648,买盘
928,11:09:40,15.81,0.0,21,33183,买盘
929,11:09:43,15.8,-0.01,1,1580,卖盘
930,11:09:46,15.81,0.01,3,4743,买盘
931,11:09:49,15.81,0.0,9,14229,买盘
932,11:09:55,15.81,0.0,18,28458,买盘
933,11:10:07,15.81,0.0,9,14229,买盘
934,11:10:10,15.8,-0.01,55,86903,卖盘
935,11:10:13,15.8,0.0,6,9480,买盘
936,11:10:16,15.8,0.0,1,1580,买盘
937,11:10:28,15.8,0.0,6,9480,买盘
938,11:10:34,15.8,0.0,9,14217,买盘
939,11:10:37,15.79,-0.01,5,7895,卖盘
940,11:10:40,15.8,0.01,3,4740,买盘
941,11:10:43,15.8,0.0,18,28440,买盘
942,11:11:07,15.8,0.0,4,6320,卖盘
943,11:11:10,15.89,0.09,6,9534,买盘
944,11:12:01,15.82,-0.07,32,50624,卖盘
945,11:12:04,15.89,0.07,10,15890,买盘
946,11:12:07,15.82,-0.07,1,1582,卖盘
947,11:12:25,15.83,0.01,7,11081,卖盘
948,11:12:40,15.84,0.01,1,1584,卖盘
949,11:13:04,15.8,-0.04,99,156594,卖盘
950,11:13:19,15.8,0.0,10,15810,卖盘
951,11:13:31,15.8,0.0,1,1580,卖盘
952,11:13:34,15.8,0.0,9,14220,买盘
953,11:13:40,15.84,0.04,10,15828,买盘
954,11:14:19,15.81,-0.03,10,15810,卖盘
955,11:14:22,15.84,0.03,15,23760,买盘
956,11:14:37,15.84,0.0,2,3168,买盘
957,11:14:46,15.81,-0.03,3,4743,卖盘
958,11:14:58,15.81,0.0,9,14229,卖盘
959,11:15:09,15.81,0.0,16,25281,买盘
960,11:16:01,15.81,0.0,18,28462,卖盘
961,11:16:25,15.84,0.03,15,23726,买盘
962,11:16:49,15.84,0.0,10,15840,买盘
963,11:16:55,15.84,0.0,4,6336,买盘
964,11:17:31,15.82,-0.02,10,15820,卖盘
965,11:17:45,15.82,0.0,9,14238,卖盘
966,11:18:18,15.82,0.0,12,18984,卖盘
967,11:18:21,15.84,0.02,21,33240,买盘
968,11:18:28,15.81,-0.03,10,15810,卖盘
969,11:18:34,15.81,0.0,1,1581,卖盘
970,11:18:37,15.81,0.0,7,11067,买盘
971,11:18:43,15.82,0.01,6,9492,买盘
972,11:18:52,15.8,-0.02,30,47405,卖盘
973,11:19:07,15.8,0.0,2,3160,卖盘
974,11:19:25,15.8,0.0,26,41080,卖盘
975,11:19:34,15.79,-0.01,2,3158,卖盘
976,11:19:37,15.8,0.01,10,15800,买盘
977,11:19:40,15.79,-0.01,54,85266,卖盘
978,11:19:46,15.78,-0.01,7,11046,卖盘
979,11:19:52,15.79,0.01,135,212999,买盘
980,11:20:04,15.78,-0.01,4,6309,买盘
981,11:20:07,15.77,-0.01,15,23655,卖盘
982,11:20:16,15.76,-0.01,2,3152,卖盘
983,11:20:28,15.76,0.0,32,50432,卖盘
984,11:20:31,15.76,0.0,54,85104,卖盘
985,11:20:34,15.76,0.0,22,34672,卖盘
986,11:20:37,15.76,0.0,36,56736,卖盘
987,11:20:40,15.76,0.0,37,58312,卖盘
988,11:20:46,15.75,-0.01,17,26775,卖盘
989,11:20:49,15.75,0.0,3,4725,卖盘
990,11:20:52,15.75,0.0,18,28350,卖盘
991,11:20:55,15.75,0.0,51,80325,卖盘
992,11:21:01,15.75,0.0,18,28350,卖盘
993,11:21:04,15.75,0.0,57,89752,卖盘
994,11:21:07,15.75,0.0,2,3150,买盘
995,11:21:10,15.74,-0.01,5,7871,卖盘
996,11:21:16,15.73,-0.01,5,7868,卖盘
997,11:21:19,15.74,0.01,19,29888,买盘
998,11:21:22,15.72,-0.02,26,40896,卖盘
999,11:21:25,15.73,0.01,11,17303,买盘
1000,11:21:28,15.73,0.0,9,14157,卖盘
1001,11:21:37,15.73,0.0,17,26741,卖盘
1002,11:21:40,15.73,0.0,26,40898,卖盘
1003,11:21:43,15.73,0.0,42,66066,卖盘
1004,11:21:46,15.72,-0.01,3,4716,卖盘
1005,11:21:49,15.72,0.0,22,34584,卖盘
1006,11:21:52,15.71,-0.01,28,44008,卖盘
1007,11:21:55,15.71,0.0,21,32991,卖盘
1008,11:21:58,15.71,0.0,33,51843,卖盘
1009,11:22:01,15.73,0.02,12,18856,买盘
1010,11:22:04,15.72,-0.01,19,29843,买盘
1011,11:22:10,15.71,-0.01,1,1571,中性盘
1012,11:22:13,15.72,0.01,60,94310,买盘
1013,11:22:16,15.72,0.0,15,23580,卖盘
1014,11:22:19,15.72,0.0,26,40872,卖盘
1015,11:22:22,15.72,0.0,20,31440,卖盘
1016,11:22:25,15.71,-0.01,78,122559,卖盘
1017,11:22:28,15.71,0.0,36,56556,买盘
1018,11:22:31,15.73,0.02,1,1573,买盘
1019,11:22:34,15.73,0.0,2,3146,卖盘
1020,11:22:43,15.74,0.01,2,3148,买盘
1021,11:22:52,15.75,0.01,12,18896,买盘
1022,11:22:55,15.74,-0.01,4,6296,卖盘
1023,11:22:58,15.75,0.01,10,15750,买盘
1024,11:23:01,15.75,0.0,2,3150,买盘
1025,11:23:04,15.74,-0.01,2,3148,卖盘
1026,11:23:10,15.75,0.01,21,33074,买盘
1027,11:23:13,15.75,0.0,2,3150,买盘
1028,11:23:16,15.74,-0.01,10,15740,卖盘
1029,11:23:28,15.74,0.0,13,20462,买盘
1030,11:23:31,15.74,0.0,7,11018,卖盘
1031,11:23:37,15.74,0.0,9,14166,买盘
1032,11:23:43,15.74,0.0,39,61386,买盘
1033,11:23:46,15.74,0.0,3,4722,卖盘
1034,11:24:01,15.75,0.01,17,26775,买盘
1035,11:24:13,15.74,-0.01,10,15740,卖盘
1036,11:24:25,15.76,0.02,5,7880,买盘
1037,11:24:33,15.76,0.0,1,1576,买盘
1038,11:24:40,15.76,0.0,11,17335,买盘
1039,11:24:45,15.76,0.0,2,3152,买盘
1040,11:24:49,15.76,0.0,13,20488,买盘
1041,11:24:52,15.76,0.0,3,4728,买盘
1042,11:24:58,15.76,0.0,10,15760,卖盘
1043,11:25:04,15.77,0.01,1,1577,买盘
1044,11:25:22,15.78,0.01,11,17358,买盘
1045,11:25:34,15.77,-0.01,20,31540,卖盘
1046,11:25:37,15.78,0.01,23,36294,买盘
1047,11:25:48,15.82,0.04,10,15820,买盘
1048,11:25:51,15.78,-0.04,100,157798,卖盘
1049,11:26:04,15.82,0.04,3,4746,卖盘
1050,11:26:16,15.84,0.02,2,3168,买盘
1051,11:26:31,15.83,-0.01,7,11081,卖盘
1052,11:26:48,15.83,0.0,49,77567,买盘
1053,11:26:51,15.83,0.0,3,4749,卖盘
1054,11:27:07,15.83,0.0,1,1583,卖盘
1055,11:27:18,15.83,0.0,51,80733,卖盘
1056,11:27:24,15.83,0.0,10,15830,卖盘
1057,11:27:34,15.83,0.0,4,6332,卖盘
1058,11:27:40,15.83,0.0,17,26911,卖盘
1059,11:27:55,15.82,-0.01,10,15820,卖盘
1060,11:28:04,15.82,0.0,43,68026,卖盘
1061,11:28:07,15.83,0.01,3,4749,买盘
1062,11:28:19,15.83,0.0,5,7915,买盘
1063,11:28:31,15.82,-0.01,20,31640,卖盘
1064,11:28:40,15.82,0.0,30,47460,卖盘
1065,11:29:13,15.82,0.0,3,4746,卖盘
1066,11:29:37,15.82,0.0,7,11074,卖盘
1067,11:29:57,15.78,-0.04,1,1578,卖盘
1068,11:30:01,15.78,0.0,2,3156,卖盘
1069,11:30:04,15.75,-0.03,26,41001,卖盘
1070,13:00:07,15.81,0.06,67,105509,买盘
1071,13:00:10,15.76,-0.05,24,37874,卖盘
1072,13:01:30,15.8,0.04,8,12640,买盘
1073,13:01:34,15.77,-0.03,13,20501,中性盘
1074,13:02:10,15.77,0.0,4,6308,卖盘
1075,13:03:28,15.78,0.01,9,14202,卖盘
1076,13:03:34,15.78,0.0,2,3156,买盘
1077,13:03:42,15.78,0.0,39,61542,买盘
1078,13:03:51,15.77,-0.01,6,9463,卖盘
1079,13:04:07,15.77,0.0,10,15770,卖盘
1080,13:04:46,15.78,0.01,3,4734,卖盘
1081,13:04:52,15.78,0.0,9,14202,卖盘
1082,13:05:27,15.78,0.0,8,12619,买盘
1083,13:05:40,15.78,0.0,29,45762,买盘
1084,13:05:54,15.81,0.03,116,183396,买盘
1085,13:06:10,15.81,0.0,34,53754,卖盘
1086,13:06:19,15.81,0.0,1,1581,卖盘
1087,13:06:22,15.82,0.01,25,39550,买盘
1088,13:06:49,15.82,0.0,4,6328,卖盘
1089,13:06:52,15.84,0.02,28,44330,买盘
1090,13:07:01,15.82,-0.02,3,4746,卖盘
1091,13:07:10,15.84,0.02,4,6336,买盘
1092,13:07:24,15.84,0.0,6,9494,买盘
1093,13:07:43,15.82,-0.02,2,3164,卖盘
1094,13:07:49,15.84,0.02,57,90288,买盘
1095,13:07:52,15.81,-0.03,55,86981,卖盘
1096,13:07:58,15.79,-0.02,6,9474,买盘
1097,13:08:01,15.79,0.0,23,36317,买盘
1098,13:08:04,15.79,0.0,3,4737,买盘
1099,13:08:10,15.79,0.0,4,6316,买盘
1100,13:08:18,15.78,-0.01,9,14202,卖盘
1101,13:08:25,15.79,0.01,5,7895,买盘
1102,13:08:28,15.78,-0.01,10,15780,卖盘
1103,13:08:31,15.78,0.0,2,3156,卖盘
1104,13:08:37,15.78,0.0,15,23670,卖盘
1105,13:08:52,15.78,0.0,24,37872,卖盘
1106,13:08:57,15.79,0.01,3,4737,买盘
1107,13:09:19,15.79,0.0,16,25264,买盘
1108,13:09:25,15.79,0.0,6,9474,买盘
1109,13:09:33,15.79,0.0,21,33159,买盘
1110,13:09:43,15.78,-0.01,5,7890,卖盘
1111,13:09:52,15.79,0.01,1,1579,买盘
1112,13:10:13,15.79,0.0,5,7895,卖盘
1113,13:10:28,15.83,0.04,68,107610,买盘
1114,13:10:46,15.84,0.01,1,1584,买盘
1115,13:10:52,15.83,-0.01,22,34826,卖盘
1116,13:10:58,15.83,0.0,4,6332,买盘
1117,13:11:04,15.83,0.0,25,39575,买盘
1118,13:11:28,15.83,0.0,30,47490,买盘
1119,13:11:43,15.83,0.0,2,3166,买盘
1120,13:11:49,15.83,0.0,2,3166,买盘
1121,13:11:51,15.84,0.01,47,74448,买盘
1122,13:12:10,15.85,0.01,6,9510,卖盘
1123,13:12:28,15.85,0.0,2,3170,卖盘
1124,13:12:31,15.85,0.0,3,4755,买盘
1125,13:12:34,15.85,0.0,2,3170,卖盘
1126,13:12:43,15.86,0.01,6,9515,买盘
1127,13:12:55,15.85,-0.01,1,1585,买盘
1128,13:13:13,15.86,0.01,6,9516,买盘
1129,13:13:39,15.86,0.0,3,4758,买盘
1130,13:14:28,15.86,0.0,6,9516,卖盘
1131,13:14:49,15.86,0.0,11,17446,卖盘
1132,13:15:07,15.85,-0.01,3,4755,卖盘
1133,13:15:13,15.85,0.0,1,1585,卖盘
1134,13:15:16,15.82,-0.03,8,12656,卖盘
1135,13:15:34,15.82,0.0,5,7910,卖盘
1136,13:15:43,15.81,-0.01,10,15817,卖盘
1137,13:15:55,15.8,-0.01,26,41082,卖盘
1138,13:16:04,15.8,0.0,6,9480,卖盘
1139,13:16:10,15.79,-0.01,27,42640,卖盘
1140,13:16:19,15.78,-0.01,19,29987,卖盘
1141,13:16:28,15.78,0.0,10,15780,卖盘
1142,13:16:58,15.79,0.01,8,12632,买盘
1143,13:17:01,15.78,-0.01,25,39451,卖盘
1144,13:17:13,15.78,0.0,1,1578,卖盘
1145,13:17:31,15.77,-0.01,12,18924,卖盘
1146,13:17:34,15.78,0.01,24,37872,买盘
1147,13:18:19,15.77,-0.01,73,115170,卖盘
1148,13:18:28,15.77,0.0,4,6308,买盘
1149,13:18:31,15.77,0.0,16,25232,买盘
1150,13:18:40,15.77,0.0,25,39425,卖盘
1151,13:18:42,15.77,0.0,17,26810,卖盘
1152,13:18:54,15.77,0.0,7,11039,卖盘
1153,13:20:10,15.79,0.02,5,7895,卖盘
1154,13:20:15,15.79,0.0,10,15790,买盘
1155,13:20:19,15.79,0.0,8,12632,买盘
1156,13:20:25,15.79,0.0,16,25264,买盘
1157,13:21:13,15.79,0.0,15,23685,卖盘
1158,13:21:22,15.79,0.0,1,1579,卖盘
1159,13:21:46,15.8,0.01,4,6320,买盘
1160,13:22:01,15.8,0.0,1,1580,买盘
1161,13:22:25,15.81,0.01,10,15810,买盘
1162,13:22:40,15.85,0.04,10,15846,买盘
1163,13:22:49,15.81,-0.04,22,34862,卖盘
1164,13:23:01,15.85,0.04,23,36445,买盘
1165,13:23:25,15.82,-0.03,12,18994,卖盘
1166,13:23:28,15.82,0.0,5,7910,买盘
1167,13:23:40,15.82,0.0,5,7910,买盘
1168,13:23:46,15.81,-0.01,2,3162,卖盘
1169,13:23:49,15.82,0.01,18,28476,买盘
1170,13:24:01,15.82,0.0,7,11074,卖盘
1171,13:24:13,15.82,0.0,1,1582,卖盘
1172,13:24:25,15.85,0.03,25,39625,买盘
1173,13:24:31,15.85,0.0,1,1585,卖盘
1174,13:24:40,15.9,0.05,48,76219,买盘
1175,13:24:49,15.9,0.0,69,109710,卖盘
1176,13:24:55,15.9,0.0,10,15900,买盘
1177,13:24:58,15.9,0.0,3,4770,买盘
1178,13:25:16,15.93,0.03,3,4779,买盘
1179,13:25:28,15.95,0.02,18,28678,买盘
1180,13:25:40,15.96,0.01,8,12762,买盘
1181,13:25:49,15.95,-0.01,9,14357,卖盘
1182,13:25:55,15.95,0.0,2,3190,买盘
1183,13:26:04,15.95,0.0,10,15950,买盘
1184,13:26:10,15.94,-0.01,8,12746,买盘
1185,13:26:28,15.94,0.0,3,4782,买盘
1186,13:26:31,15.93,-0.01,92,146556,卖盘
1187,13:26:46,15.88,-0.05,1,1588,卖盘
1188,13:27:04,15.89,0.01,4,6356,卖盘
1189,13:27:16,15.89,0.0,26,41314,卖盘
1190,13:27:25,15.89,0.0,6,9534,买盘
1191,13:27:34,15.88,-0.01,35,55580,卖盘
1192,13:27:46,15.88,0.0,5,7940,买盘
1193,13:28:01,15.89,0.01,3,4767,买盘
1194,13:28:16,15.92,0.03,12,19092,买盘
1195,13:28:36,15.91,-0.01,2,3182,买盘
1196,13:28:39,15.91,0.0,17,27047,卖盘
1197,13:28:43,15.9,-0.01,5,7950,卖盘
1198,13:28:52,15.92,0.02,5,7960,买盘
1199,13:28:55,15.9,-0.02,10,15900,卖盘
1200,13:29:13,15.9,0.0,8,12738,卖盘
1201,13:29:22,15.93,0.03,1,1593,买盘
1202,13:29:34,15.94,0.01,10,15940,买盘
1203,13:29:36,15.93,-0.01,5,7965,卖盘
1204,13:30:15,15.93,0.0,5,7965,卖盘
1205,13:30:34,15.93,0.0,2,3186,卖盘
1206,13:30:40,15.93,0.0,2,3186,买盘
1207,13:31:04,15.9,-0.03,15,23852,卖盘
1208,13:31:06,15.91,0.01,1,1591,买盘
1209,13:31:22,15.91,0.0,8,12728,买盘
1210,13:31:25,15.91,0.0,10,15910,买盘
1211,13:31:34,15.9,-0.01,2,3180,卖盘
1212,13:31:49,15.9,0.0,22,34980,买盘
1213,13:31:57,15.89,-0.01,1,1589,卖盘
1214,13:32:13,15.89,0.0,1,1589,卖盘
1215,13:32:31,15.89,0.0,3,4767,卖盘
1216,13:32:34,15.89,0.0,11,17479,卖盘
1217,13:32:55,15.88,-0.01,10,15880,卖盘
1218,13:32:58,15.88,0.0,4,6352,卖盘
1219,13:33:42,15.86,-0.02,14,22204,卖盘
1220,13:34:04,15.86,0.0,1,1586,卖盘
1221,13:34:25,15.86,0.0,3,4758,买盘
1222,13:34:27,15.86,0.0,5,7930,买盘
1223,13:34:30,15.86,0.0,1,1586,买盘
1224,13:35:07,15.85,-0.01,38,60230,卖盘
1225,13:35:13,15.85,0.0,2,3170,卖盘
1226,13:35:16,15.85,0.0,8,12680,卖盘
1227,13:35:54,15.86,0.01,1,1586,买盘
1228,13:36:01,15.86,0.0,6,9516,卖盘
1229,13:36:10,15.85,-0.01,5,7925,卖盘
1230,13:36:39,15.86,0.01,7,11102,中性盘
1231,13:36:49,15.86,0.0,4,6344,卖盘
1232,13:37:01,15.86,0.0,9,14274,卖盘
1233,13:37:19,15.85,-0.01,24,38045,卖盘
1234,13:37:55,15.85,0.0,9,14265,卖盘
1235,13:37:58,15.85,0.0,5,7925,卖盘
1236,13:38:10,15.84,-0.01,12,18998,卖盘
1237,13:38:31,15.82,-0.02,5,7912,卖盘
1238,13:38:33,15.84,0.02,2,3168,买盘
1239,13:38:55,15.83,-0.01,4,6332,卖盘
1240,13:39:09,15.82,-0.01,1,1582,卖盘
1241,13:39:12,15.83,0.01,4,6332,买盘
1242,13:39:31,15.82,-0.01,27,42714,卖盘
1243,13:39:34,15.83,0.01,2,3166,买盘
1244,13:39:52,15.82,-0.01,1,1582,卖盘
1245,13:39:55,15.83,0.01,3,4749,买盘
1246,13:39:58,15.82,-0.01,23,36386,卖盘
1247,13:40:12,15.82,0.0,21,33222,买盘
1248,13:40:15,15.82,0.0,10,15820,买盘
1249,13:40:19,15.81,-0.01,10,15810,卖盘
1250,13:40:27,15.82,0.01,2,3164,买盘
1251,13:40:34,15.81,-0.01,10,15810,卖盘
1252,13:40:40,15.82,0.01,18,28476,买盘
1253,13:41:16,15.81,-0.01,7,11071,卖盘
1254,13:42:22,15.83,0.02,1,1583,买盘
1255,13:42:40,15.83,0.0,1,1583,买盘
1256,13:42:49,15.83,0.0,10,15830,买盘
1257,13:42:52,15.83,0.0,10,15830,买盘
1258,13:42:54,15.83,0.0,10,15830,买盘
1259,13:43:09,15.81,-0.02,55,86963,卖盘
1260,13:43:13,15.81,0.0,18,28458,买盘
1261,13:43:31,15.81,0.0,10,15810,买盘
1262,13:43:33,15.81,0.0,38,60078,买盘
1263,13:43:36,15.81,0.0,1,1581,买盘
1264,13:43:49,15.8,-0.01,4,6320,卖盘
1265,13:43:54,15.81,0.01,6,9486,买盘
1266,13:46:09,15.82,0.01,5,7910,卖盘
1267,13:46:16,15.82,0.0,1,1582,卖盘
1268,13:46:31,15.85,0.03,5,7925,买盘
1269,13:46:55,15.82,-0.03,27,42714,卖盘
1270,13:46:58,15.85,0.03,3,4755,买盘
1271,13:47:13,15.82,-0.03,10,15820,卖盘
1272,13:47:22,15.82,0.0,8,12656,卖盘
1273,13:47:25,15.82,0.0,3,4746,卖盘
1274,13:47:39,15.81,-0.01,4,6324,卖盘
1275,13:47:49,15.81,0.0,1,1581,卖盘
1276,13:47:52,15.8,-0.01,39,61630,卖盘
1277,13:48:01,15.8,0.0,12,18960,卖盘
1278,13:48:07,15.81,0.01,4,6321,买盘
1279,13:48:10,15.82,0.01,20,31621,买盘
1280,13:48:16,15.8,-0.02,8,12640,卖盘
1281,13:48:25,15.8,0.0,11,17385,卖盘
1282,13:48:46,15.8,0.0,1,1580,卖盘
1283,13:48:52,15.82,0.02,8,12656,买盘
1284,13:49:34,15.82,0.0,1,1582,卖盘
1285,13:49:45,15.85,0.03,4,6340,买盘
1286,13:49:55,15.82,-0.03,3,4747,卖盘
1287,13:50:37,15.82,0.0,60,94920,卖盘
1288,13:50:51,15.82,0.0,13,20569,卖盘
1289,13:51:18,15.83,0.01,1,1583,卖盘
1290,13:51:31,15.83,0.0,1,1583,卖盘
1291,13:51:40,15.83,0.0,5,7915,卖盘
1292,13:52:10,15.85,0.02,7,11095,买盘
1293,13:52:16,15.84,-0.01,1,1584,卖盘
1294,13:53:40,15.84,0.0,1,1584,卖盘
1295,13:53:58,15.83,-0.01,1,1583,卖盘
1296,13:54:06,15.83,0.0,4,6332,卖盘
1297,13:54:19,15.82,-0.01,19,30058,卖盘
1298,13:54:34,15.82,0.0,5,7910,卖盘
1299,13:54:57,15.8,-0.02,26,41080,卖盘
1300,13:55:01,15.8,0.0,1,1580,卖盘
1301,13:55:06,15.8,0.0,5,7900,卖盘
1302,13:55:13,15.82,0.02,8,12656,买盘
1303,13:55:28,15.8,-0.02,84,132720,卖盘
1304,13:55:31,15.8,0.0,6,9480,买盘
1305,13:55:43,15.76,-0.04,7,11037,卖盘
1306,13:55:52,15.8,0.04,5,7900,买盘
1307,13:55:57,15.76,-0.04,29,45704,卖盘
1308,13:56:01,15.77,0.01,5,7893,中性盘
1309,13:56:13,15.75,-0.02,54,85116,卖盘
1310,13:56:31,15.8,0.05,10,15773,买盘
1311,13:56:37,15.77,-0.03,3,4731,卖盘
1312,13:56:40,15.77,0.0,3,4731,买盘
1313,13:56:52,15.77,0.0,17,26809,买盘
1314,13:57:10,15.77,0.0,25,39425,卖盘
1315,13:57:22,15.76,-0.01,8,12608,卖盘
1316,13:57:28,15.76,0.0,2,3152,卖盘
1317,13:57:40,15.8,0.04,1,1580,买盘
1318,13:57:42,15.75,-0.05,35,55155,卖盘
1319,13:57:48,15.76,0.01,6,9456,卖盘
1320,13:57:52,15.75,-0.01,65,102391,卖盘
1321,13:58:19,15.75,0.0,35,55133,卖盘
1322,13:58:22,15.75,0.0,27,42525,卖盘
1323,13:58:25,15.77,0.02,20,31540,买盘
1324,13:58:37,15.75,-0.02,100,157500,卖盘
1325,13:58:39,15.75,0.0,6,9450,卖盘
1326,13:58:45,15.75,0.0,13,20475,卖盘
1327,13:58:49,15.75,0.0,17,26775,卖盘
1328,13:59:04,15.75,0.0,20,31500,买盘
1329,13:59:07,15.75,0.0,10,15750,买盘
1330,13:59:12,15.74,-0.01,5,7870,卖盘
1331,13:59:25,15.74,0.0,100,157400,卖盘
1332,13:59:28,15.75,0.01,2,3150,买盘
1333,13:59:30,15.74,-0.01,92,144835,卖盘
1334,13:59:39,15.75,0.01,1,1575,卖盘
1335,13:59:46,15.75,0.0,1,1575,卖盘
1336,13:59:52,15.75,0.0,5,7875,买盘
1337,14:00:01,15.75,0.0,13,20475,买盘
1338,14:00:04,15.74,-0.01,2,3148,卖盘
1339,14:00:13,15.74,0.0,29,45646,卖盘
1340,14:00:16,15.74,0.0,19,29906,卖盘
1341,14:00:22,15.75,0.01,30,47250,买盘
1342,14:00:28,15.74,-0.01,17,26758,卖盘
1343,14:00:30,15.74,0.0,47,73978,卖盘
1344,14:00:36,15.75,0.01,5,7875,买盘
1345,14:00:49,15.74,-0.01,7,11018,买盘
1346,14:00:55,15.73,-0.01,40,62920,卖盘
1347,14:01:01,15.73,0.0,6,9438,买盘
1348,14:01:04,15.73,0.0,5,7865,买盘
1349,14:01:13,15.72,-0.01,20,31440,卖盘
1350,14:01:16,15.73,0.01,10,15730,买盘
1351,14:01:22,15.73,0.0,5,7865,买盘
1352,14:01:28,15.72,-0.01,15,23580,卖盘
1353,14:01:37,15.72,0.0,10,15720,卖盘
1354,14:01:40,15.73,0.01,9,14157,买盘
1355,14:01:52,15.72,-0.01,90,141504,卖盘
1356,14:01:55,15.72,0.0,2,3144,买盘
1357,14:01:58,15.72,0.0,11,17292,买盘
1358,14:02:01,15.72,0.0,10,15720,买盘
1359,14:02:04,15.72,0.0,26,40872,买盘
1360,14:02:07,15.72,0.0,27,42444,买盘
1361,14:02:10,15.72,0.0,39,61308,买盘
1362,14:02:16,15.73,0.01,75,118238,卖盘
1363,14:02:25,15.72,-0.01,41,64453,卖盘
1364,14:02:34,15.79,0.07,2,3158,买盘
1365,14:02:37,15.79,0.0,1,1579,买盘
1366,14:02:40,15.8,0.01,7,11060,买盘
1367,14:02:55,15.79,-0.01,8,12632,卖盘
1368,14:02:58,15.8,0.01,48,75840,卖盘
1369,14:03:01,15.85,0.05,15,23760,买盘
1370,14:03:22,15.85,0.0,2,3170,买盘
1371,14:03:31,15.85,0.0,26,41198,买盘
1372,14:03:43,15.85,0.0,45,71325,买盘
1373,14:03:55,15.85,0.0,9,14265,买盘
1374,14:04:01,15.85,0.0,10,15850,卖盘
1375,14:04:07,15.85,0.0,10,15850,卖盘
1376,14:04:16,15.92,0.07,8,12736,买盘
1377,14:04:34,15.93,0.01,37,58912,买盘
1378,14:04:43,15.93,0.0,1,1593,卖盘
1379,14:04:46,15.92,-0.01,4,6368,中性盘
1380,14:04:49,15.93,0.01,8,12738,买盘
1381,14:04:52,15.93,0.0,2,3186,卖盘
1382,14:04:55,15.92,-0.01,14,22288,买盘
1383,14:05:01,15.92,0.0,7,11144,买盘
1384,14:05:04,15.92,0.0,6,9552,买盘
1385,14:05:10,15.92,0.0,8,12736,卖盘
1386,14:05:16,15.92,0.0,3,4776,卖盘
1387,14:05:19,15.92,0.0,18,28656,卖盘
1388,14:05:25,15.88,-0.04,4,6352,卖盘
1389,14:05:37,15.88,0.0,4,6352,卖盘
1390,14:05:45,15.88,0.0,2,3176,卖盘
1391,14:05:55,15.88,0.0,43,68284,卖盘
1392,14:06:07,15.87,-0.01,12,19044,买盘
1393,14:06:13,15.85,-0.02,10,15850,卖盘
1394,14:06:15,15.87,0.02,8,12696,买盘
1395,14:06:28,15.87,0.0,11,17455,买盘
1396,14:06:52,15.87,0.0,8,12696,买盘
1397,14:07:01,15.85,-0.02,1,1585,卖盘
1398,14:07:28,15.85,0.0,26,41210,卖盘
1399,14:07:31,15.87,0.02,21,33309,买盘
1400,14:08:01,15.87,0.0,14,22218,买盘
1401,14:08:06,15.87,0.0,27,42849,买盘
1402,14:08:09,15.85,-0.02,6,9510,卖盘
1403,14:08:25,15.87,0.02,2,3174,买盘
1404,14:08:37,15.91,0.04,30,47710,买盘
1405,14:09:07,15.91,0.0,5,7955,买盘
1406,14:09:13,15.87,-0.04,6,9542,卖盘
1407,14:09:39,15.88,0.01,22,34966,卖盘
1408,14:09:42,15.91,0.03,10,15910,买盘
1409,14:09:49,15.88,-0.03,2,3176,卖盘
1410,14:09:58,15.89,0.01,1,1589,卖盘
1411,14:10:01,15.91,0.02,29,46139,买盘
1412,14:10:24,15.92,0.01,6,9547,买盘
1413,14:10:31,15.91,-0.01,5,7955,卖盘
1414,14:10:34,15.93,0.02,65,103527,买盘
1415,14:10:46,15.92,-0.01,15,23885,卖盘
1416,14:11:22,15.92,0.0,1,1592,卖盘
1417,14:11:28,15.92,0.0,5,7960,卖盘
1418,14:12:07,15.91,-0.01,10,15910,卖盘
1419,14:12:25,15.89,-0.02,3,4767,卖盘
1420,14:12:31,15.89,0.0,5,7945,卖盘
1421,14:12:37,15.89,0.0,4,6356,卖盘
1422,14:12:58,15.9,0.01,13,20670,买盘
1423,14:13:01,15.89,-0.01,19,30191,卖盘
1424,14:13:28,15.87,-0.02,14,22218,卖盘
1425,14:13:57,15.85,-0.02,3,4755,卖盘
1426,14:14:04,15.86,0.01,9,14274,买盘
1427,14:14:06,15.85,-0.01,20,31700,卖盘
1428,14:14:16,15.85,0.0,97,153745,卖盘
1429,14:14:28,15.84,-0.01,3,4752,卖盘
1430,14:14:39,15.83,-0.01,1,1583,卖盘
1431,14:15:10,15.8,-0.03,16,25280,卖盘
1432,14:15:13,15.8,0.0,8,12640,买盘
1433,14:15:40,15.81,0.01,39,61659,卖盘
1434,14:15:43,15.81,0.0,6,9486,买盘
1435,14:15:46,15.81,0.0,1,1581,买盘
1436,14:15:49,15.81,0.0,2,3162,买盘
1437,14:16:04,15.81,0.0,9,14229,买盘
1438,14:16:06,15.8,-0.01,1,1580,卖盘
1439,14:16:12,15.81,0.01,44,69563,买盘
1440,14:16:28,15.84,0.03,2,3168,买盘
1441,14:16:31,15.81,-0.03,90,142374,卖盘
1442,14:16:37,15.81,0.0,10,15810,买盘
1443,14:16:46,15.84,0.03,82,129888,卖盘
1444,14:16:52,15.84,0.0,10,15840,买盘
1445,14:17:01,15.84,0.0,8,12672,买盘
1446,14:17:07,15.88,0.04,3,4764,买盘
1447,14:17:10,15.81,-0.07,100,158109,卖盘
1448,14:17:19,15.81,0.0,30,47451,卖盘
1449,14:17:22,15.82,0.01,31,49390,中性盘
1450,14:17:34,15.82,0.0,37,58508,卖盘
1451,14:18:16,15.88,0.06,30,47640,买盘
1452,14:18:34,15.88,0.0,73,115802,买盘
1453,14:18:52,15.88,0.0,4,6352,买盘
1454,14:19:13,15.9,0.02,9,14310,买盘
1455,14:19:22,15.88,-0.02,5,7940,卖盘
1456,14:19:25,15.9,0.02,6,9540,买盘
1457,14:19:28,15.9,0.0,10,15900,买盘
1458,14:19:40,15.91,0.01,28,44548,买盘
1459,14:20:07,15.92,0.01,16,25472,买盘
1460,14:20:16,15.91,-0.01,18,28647,卖盘
1461,14:20:31,15.93,0.02,5,7965,买盘
1462,14:20:37,15.92,-0.01,2,3184,卖盘
1463,14:20:52,15.92,0.0,6,9552,卖盘
1464,14:20:55,15.92,0.0,23,36616,卖盘
1465,14:21:01,15.92,0.0,5,7960,买盘
1466,14:21:04,15.92,0.0,3,4776,买盘
1467,14:21:07,15.93,0.01,24,38227,买盘
1468,14:21:10,15.93,0.0,15,23895,卖盘
1469,14:21:16,15.93,0.0,2,3186,卖盘
1470,14:21:22,15.93,0.0,10,15930,卖盘
1471,14:21:31,15.93,0.0,2,3186,卖盘
1472,14:21:34,15.95,0.02,5,7975,买盘
1473,14:21:43,15.95,0.0,10,15950,买盘
1474,14:21:58,15.93,-0.02,1,1593,买盘
1475,14:22:04,15.94,0.01,5,7966,买盘
1476,14:22:10,15.92,-0.02,3,4776,卖盘
1477,14:22:22,15.92,0.0,9,14328,买盘
1478,14:22:25,15.91,-0.01,11,17511,卖盘
1479,14:22:30,15.92,0.01,1,1592,卖盘
1480,14:22:36,15.92,0.0,6,9552,买盘
1481,14:22:40,15.9,-0.02,48,76345,卖盘
1482,14:23:07,15.9,0.0,6,9540,卖盘
1483,14:23:28,15.91,0.01,1,1591,买盘
1484,14:23:37,15.9,-0.01,2,3180,卖盘
1485,14:23:40,15.9,0.0,20,31800,卖盘
1486,14:23:43,15.9,0.0,3,4770,卖盘
1487,14:24:04,15.91,0.01,8,12728,买盘
1488,14:24:13,15.9,-0.01,7,11130,卖盘
1489,14:24:19,15.91,0.01,100,159100,买盘
1490,14:24:25,15.91,0.0,5,7955,买盘
1491,14:24:28,15.9,-0.01,8,12720,卖盘
1492,14:24:31,15.91,0.01,4,6364,买盘
1493,14:24:58,15.93,0.02,38,60528,买盘
1494,14:25:13,15.94,0.01,8,12752,买盘
1495,14:25:19,15.94,0.0,3,4782,卖盘
1496,14:25:22,15.95,0.01,42,66990,买盘
1497,14:25:25,15.95,0.0,13,20735,买盘
1498,14:25:28,15.95,0.0,11,17535,买盘
1499,14:25:31,15.95,0.0,10,15950,卖盘
1500,14:25:43,15.96,0.01,24,38299,买盘
1501,14:25:46,15.96,0.0,4,6384,买盘
1502,14:25:52,15.96,0.0,5,7980,卖盘
1503,14:26:01,15.98,0.02,7,11186,买盘
1504,14:26:04,15.98,0.0,30,47940,买盘
1505,14:26:07,15.98,0.0,4,6392,买盘
1506,14:26:19,15.98,0.0,16,25568,卖盘
1507,14:26:31,15.99,0.01,207,330908,买盘
1508,14:26:37,15.98,-0.01,8,12784,卖盘
1509,14:26:49,15.98,0.0,10,15980,卖盘
1510,14:27:01,15.99,0.01,10,15990,买盘
1511,14:27:07,15.99,0.0,2,3198,买盘
1512,14:27:13,15.98,-0.01,3,4794,卖盘
1513,14:27:25,15.98,0.0,6,9588,卖盘
1514,14:27:46,15.97,-0.01,1,1597,卖盘
1515,14:27:49,15.97,0.0,5,7985,买盘
1516,14:27:52,15.98,0.01,1,1598,买盘
1517,14:27:58,15.97,-0.01,3,4791,卖盘
1518,14:28:01,15.97,0.0,2,3194,卖盘
1519,14:28:16,15.98,0.01,25,39932,买盘
1520,14:28:19,15.96,-0.02,5,7980,卖盘
1521,14:28:34,15.96,0.0,14,22344,买盘
1522,14:28:37,15.96,0.0,67,106932,卖盘
1523,14:28:43,15.96,0.0,1,1596,卖盘
1524,14:29:01,15.95,-0.01,5,7975,卖盘
1525,14:29:07,15.95,0.0,10,15950,卖盘
1526,14:29:10,15.95,0.0,4,6380,卖盘
1527,14:29:13,15.95,0.0,52,82940,卖盘
1528,14:29:37,15.95,0.0,6,9570,卖盘
1529,14:29:40,15.95,0.0,10,15950,卖盘
1530,14:30:00,15.95,0.0,1,1595,卖盘
1531,14:30:04,15.95,0.0,1,1595,买盘
1532,14:30:07,15.96,0.01,26,41496,买盘
1533,14:30:10,15.95,-0.01,8,12764,卖盘
1534,14:30:34,15.95,0.0,19,30305,卖盘
1535,14:30:43,15.95,0.0,5,7975,卖盘
1536,14:30:49,15.96,0.01,12,19142,买盘
1537,14:30:58,16.0,0.04,100,159875,买盘
1538,14:31:10,16.01,0.01,4,6402,买盘
1539,14:31:52,16.0,-0.01,24,38400,买盘
1540,14:31:58,16.0,0.0,1,1600,卖盘
1541,14:32:07,16.0,0.0,10,16000,卖盘
1542,14:32:19,16.01,0.01,17,27217,买盘
1543,14:32:24,16.0,-0.01,5,8000,卖盘
1544,14:32:31,16.01,0.01,1,1601,卖盘
1545,14:32:40,16.01,0.0,10,16010,卖盘
1546,14:32:49,16.01,0.0,14,22414,卖盘
1547,14:33:01,16.0,-0.01,6,9600,买盘
1548,14:33:07,16.01,0.01,36,57636,买盘
1549,14:33:10,16.0,-0.01,20,32004,卖盘
1550,14:33:16,16.02,0.02,4,6408,买盘
1551,14:33:28,16.0,-0.02,8,12800,卖盘
1552,14:33:37,16.0,0.0,5,8000,买盘
1553,14:33:46,16.0,0.0,1,1600,买盘
1554,14:33:58,16.01,0.01,11,17611,买盘
1555,14:34:01,16.0,-0.01,13,20800,卖盘
1556,14:34:10,16.01,0.01,10,16010,买盘
1557,14:34:13,16.0,-0.01,14,22400,卖盘
1558,14:34:16,16.01,0.01,45,72045,买盘
1559,14:34:31,16.02,0.01,3,4806,买盘
1560,14:34:43,16.02,0.0,16,25632,买盘
1561,14:34:52,16.02,0.0,7,11214,买盘
1562,14:34:58,16.01,-0.01,14,22414,卖盘
1563,14:35:04,16.02,0.01,2,3203,买盘
1564,14:35:16,16.01,-0.01,2,3202,买盘
1565,14:35:19,16.01,0.0,1,1601,买盘
1566,14:35:31,16.0,-0.01,29,46403,卖盘
1567,14:35:37,16.02,0.02,12,19224,买盘
1568,14:35:46,16.0,-0.02,10,16000,卖盘
1569,14:35:49,16.01,0.01,26,41626,买盘
1570,14:36:01,15.98,-0.03,26,41548,卖盘
1571,14:36:19,16.0,0.02,1,1600,买盘
1572,14:36:37,16.0,0.0,1,1600,买盘
1573,14:36:58,15.98,-0.02,10,15985,卖盘
1574,14:37:12,15.99,0.01,10,15990,卖盘
1575,14:37:19,15.99,0.0,7,11194,卖盘
1576,14:37:22,16.0,0.01,23,36800,买盘
1577,14:37:28,15.99,-0.01,13,20787,卖盘
1578,14:37:52,15.98,-0.01,16,25568,卖盘
1579,14:37:58,15.98,0.0,28,44744,卖盘
1580,14:38:01,15.98,0.0,22,35156,卖盘
1581,14:38:04,15.98,0.0,10,15980,卖盘
1582,14:38:07,15.98,0.0,7,11186,卖盘
1583,14:38:10,15.98,0.0,21,33558,卖盘
1584,14:38:22,15.96,-0.02,27,43101,卖盘
1585,14:38:31,15.96,0.0,36,57456,卖盘
1586,14:38:43,15.95,-0.01,1,1595,卖盘
1587,14:38:55,15.94,-0.01,3,4782,卖盘
1588,14:39:01,15.94,0.0,17,27098,卖盘
1589,14:39:25,15.93,-0.01,15,23895,卖盘
1590,14:39:31,15.93,0.0,7,11151,卖盘
1591,14:39:40,15.94,0.01,9,14345,买盘
1592,14:39:49,15.92,-0.02,5,7960,卖盘
1593,14:39:52,15.93,0.01,41,65313,买盘
1594,14:39:55,15.91,-0.02,36,57319,卖盘
1595,14:40:16,15.93,0.02,8,12744,买盘
1596,14:40:22,15.94,0.01,5,7968,买盘
1597,14:40:25,15.94,0.0,20,31880,买盘
1598,14:40:34,15.94,0.0,1,1594,买盘
1599,14:40:49,15.95,0.01,16,25520,买盘
1600,14:41:10,15.95,0.0,14,22330,卖盘
1601,14:41:28,15.95,0.0,6,9570,卖盘
1602,14:41:31,15.94,-0.01,11,17534,卖盘
1603,14:41:34,15.94,0.0,14,22316,卖盘
1604,14:41:46,15.94,0.0,2,3188,卖盘
1605,14:41:52,15.94,0.0,3,4782,卖盘
1606,14:42:25,15.94,0.0,50,79700,卖盘
1607,14:42:34,15.95,0.01,50,79750,买盘
1608,14:42:43,15.94,-0.01,5,7970,卖盘
1609,14:42:46,15.98,0.04,50,79845,买盘
1610,14:42:55,15.94,-0.04,17,27107,卖盘
1611,14:43:07,15.97,0.03,5,7985,买盘
1612,14:43:10,15.97,0.0,1,1597,卖盘
1613,14:43:13,15.97,0.0,7,11179,卖盘
1614,14:43:16,15.97,0.0,26,41528,卖盘
1615,14:43:19,15.95,-0.02,1,1595,卖盘
1616,14:43:34,15.98,0.03,14,22371,买盘
1617,14:43:40,15.99,0.01,12,19188,买盘
1618,14:43:43,15.98,-0.01,26,41548,卖盘
1619,14:43:46,15.99,0.01,109,174291,买盘
1620,14:43:49,15.99,0.0,9,14391,卖盘
1621,14:44:01,15.99,0.0,15,23985,卖盘
1622,14:44:06,16.0,0.01,4,6400,买盘
1623,14:44:10,16.0,0.0,7,11200,买盘
1624,14:44:16,15.99,-0.01,27,43173,卖盘
1625,14:44:31,15.99,0.0,11,17589,买盘
1626,14:44:37,15.99,0.0,7,11193,卖盘
1627,14:44:46,15.98,-0.01,5,7990,卖盘
1628,14:44:52,15.99,0.01,3,4797,买盘
1629,14:44:55,15.99,0.0,34,54395,卖盘
1630,14:45:10,15.99,0.0,10,15990,买盘
1631,14:45:13,15.97,-0.02,50,79865,卖盘
1632,14:45:19,15.98,0.01,13,20774,卖盘
1633,14:45:25,15.98,0.0,7,11186,买盘
1634,14:45:28,15.98,0.0,39,62358,卖盘
1635,14:45:40,15.98,0.0,3,4794,买盘
1636,14:45:49,15.97,-0.01,11,17568,卖盘
1637,14:45:52,15.98,0.01,11,17578,买盘
1638,14:46:01,15.98,0.0,28,44719,买盘
1639,14:46:13,15.97,-0.01,1,1597,买盘
1640,14:46:16,15.97,0.0,23,36731,买盘
1641,14:46:28,15.97,0.0,9,14373,买盘
1642,14:46:34,15.97,0.0,2,3194,买盘
1643,14:46:37,15.96,-0.01,44,70227,卖盘
1644,14:46:40,15.95,-0.01,10,15950,卖盘
1645,14:46:52,15.95,0.0,5,7975,卖盘
1646,14:47:04,15.95,0.0,4,6380,卖盘
1647,14:47:07,15.96,0.01,16,25536,买盘
1648,14:47:13,15.96,0.0,24,38301,买盘
1649,14:47:28,15.97,0.01,14,22358,买盘
1650,14:47:31,15.96,-0.01,62,98952,卖盘
1651,14:47:37,15.97,0.01,3,4791,买盘
1652,14:47:40,15.97,0.0,1,1597,卖盘
1653,14:47:43,15.97,0.0,3,4791,卖盘
1654,14:47:52,15.96,-0.01,23,36724,卖盘
1655,14:48:04,15.98,0.02,49,78292,买盘
1656,14:48:19,15.98,0.0,23,36754,卖盘
1657,14:48:22,16.0,0.02,43,68784,买盘
1658,14:48:25,15.98,-0.02,10,15984,卖盘
1659,14:48:28,15.98,0.0,1,1598,卖盘
1660,14:48:43,16.0,0.02,6,9600,买盘
1661,14:48:52,16.0,0.0,28,44798,买盘
1662,14:48:58,16.01,0.01,50,80005,买盘
1663,14:49:10,15.99,-0.02,20,31990,卖盘
1664,14:49:22,15.99,0.0,24,38369,卖盘
1665,14:49:25,15.99,0.0,10,15990,卖盘
1666,14:49:28,16.0,0.01,1,1600,买盘
1667,14:49:34,16.0,0.0,16,25600,卖盘
1668,14:49:40,16.01,0.01,24,38389,买盘
1669,14:49:45,16.0,-0.01,24,38400,卖盘
1670,14:49:52,16.0,0.0,3,4800,买盘
1671,14:49:55,16.0,0.0,3,4800,买盘
1672,14:50:01,16.0,0.0,3,4800,买盘
1673,14:50:07,16.0,0.0,8,12800,买盘
1674,14:50:10,16.0,0.0,29,46394,买盘
1675,14:50:13,16.0,0.0,6,9600,买盘
1676,14:50:19,16.0,0.0,1,1600,买盘
1677,14:50:22,15.99,-0.01,50,79950,卖盘
1678,14:50:25,16.0,0.01,24,38400,买盘
1679,14:50:34,16.0,0.0,5,8000,卖盘
1680,14:50:37,16.0,0.0,10,16000,卖盘
1681,14:50:40,16.0,0.0,5,8000,卖盘
1682,14:50:43,16.0,0.0,5,8000,买盘
1683,14:50:51,15.99,-0.01,11,17589,卖盘
1684,14:50:55,16.0,0.01,2,3200,买盘
1685,14:51:01,15.99,-0.01,6,9594,卖盘
1686,14:51:04,16.0,0.01,35,56000,买盘
1687,14:51:10,16.0,0.0,9,14400,卖盘
1688,14:51:13,16.0,0.0,9,14400,卖盘
1689,14:51:16,16.01,0.01,27,43217,买盘
1690,14:51:22,16.0,-0.01,6,9600,卖盘
1691,14:51:25,16.0,0.0,20,32000,卖盘
1692,14:51:34,16.01,0.01,102,163281,买盘
1693,14:51:40,16.0,-0.01,25,40012,卖盘
1694,14:51:43,16.01,0.01,3,4803,中性盘
1695,14:51:49,16.01,0.0,1,1601,卖盘
1696,14:51:52,16.01,0.0,7,11207,卖盘
1697,14:51:55,16.01,0.0,9,14409,买盘
1698,14:51:57,16.01,0.0,5,8005,买盘
1699,14:52:07,16.01,0.0,12,19218,卖盘
1700,14:52:10,16.01,0.0,4,6404,买盘
1701,14:52:19,16.01,0.0,17,27217,卖盘
1702,14:52:22,16.02,0.01,28,44856,买盘
1703,14:52:25,16.01,-0.01,2,3202,卖盘
1704,14:52:28,16.02,0.01,13,20817,买盘
1705,14:52:31,16.02,0.0,29,46433,买盘
1706,14:52:37,16.01,-0.01,30,48030,卖盘
1707,14:52:40,16.01,0.0,3,4803,买盘
1708,14:52:49,16.01,0.0,10,16010,买盘
1709,14:52:55,16.01,0.0,4,6403,买盘
1710,14:52:58,16.0,-0.01,7,11200,卖盘
1711,14:53:01,16.01,0.01,10,16010,买盘
1712,14:53:04,16.0,-0.01,12,19200,卖盘
1713,14:53:13,16.0,0.0,32,51200,卖盘
1714,14:53:16,16.0,0.0,19,30400,买盘
1715,14:53:19,16.0,0.0,1,1600,卖盘
1716,14:53:28,16.0,0.0,10,16000,买盘
1717,14:53:31,15.99,-0.01,1,1599,卖盘
1718,14:53:34,16.0,0.01,13,20800,买盘
1719,14:53:40,15.99,-0.01,7,11193,卖盘
1720,14:53:46,16.0,0.01,6,9596,买盘
1721,14:53:49,15.99,-0.01,21,33579,卖盘
1722,14:53:55,15.99,0.0,22,35178,买盘
1723,14:54:01,15.98,-0.01,25,39950,卖盘
1724,14:54:04,15.98,0.0,6,9588,买盘
1725,14:54:07,15.99,0.01,10,15990,买盘
1726,14:54:10,15.98,-0.01,1,1598,中性盘
1727,14:54:13,15.98,0.0,2,3196,中性盘
1728,14:54:16,15.98,0.0,8,12784,买盘
1729,14:54:22,15.98,0.0,2,3196,卖盘
1730,14:54:28,15.99,0.01,20,31980,买盘
1731,14:54:31,15.99,0.0,9,14391,卖盘
1732,14:54:34,15.99,0.0,2,3198,卖盘
1733,14:54:40,15.99,0.0,16,25584,买盘
1734,14:54:43,15.98,-0.01,47,75106,卖盘
1735,14:54:46,15.98,0.0,15,23970,卖盘
1736,14:54:49,15.98,0.0,1,1598,卖盘
1737,14:54:52,15.98,0.0,22,35156,卖盘
1738,14:54:55,15.98,0.0,6,9588,买盘
1739,14:55:04,15.98,0.0,20,31960,买盘
1740,14:55:10,15.96,-0.02,20,31920,卖盘
1741,14:55:13,15.96,0.0,4,6384,卖盘
1742,14:55:16,15.96,0.0,64,102083,买盘
1743,14:55:19,15.96,0.0,5,7980,买盘
1744,14:55:22,15.96,0.0,4,6384,买盘
1745,14:55:25,15.95,-0.01,1,1595,卖盘
1746,14:55:28,15.95,0.0,7,11165,卖盘
1747,14:55:31,15.97,0.02,20,31926,买盘
1748,14:55:37,15.94,-0.03,46,73367,卖盘
1749,14:55:49,15.93,-0.01,62,98777,卖盘
1750,14:55:52,15.94,0.01,40,63790,中性盘
1751,14:55:55,15.95,0.01,42,66974,买盘
1752,14:55:58,15.93,-0.02,4,6372,卖盘
1753,14:56:01,15.94,0.01,2,3188,买盘
1754,14:56:04,15.95,0.01,6,9570,卖盘
1755,14:56:07,15.95,0.0,23,36685,卖盘
1756,14:56:10,15.95,0.0,15,23925,卖盘
1757,14:56:13,15.95,0.0,12,19140,卖盘
1758,14:56:16,15.95,0.0,9,14355,卖盘
1759,14:56:19,15.95,0.0,2,3190,卖盘
1760,14:56:22,15.96,0.01,1,1596,买盘
1761,14:56:25,15.96,0.0,14,22344,买盘
1762,14:56:28,15.96,0.0,44,70218,买盘
1763,14:56:34,15.96,0.0,2,3192,卖盘
1764,14:56:37,15.95,-0.01,72,114910,卖盘
1765,14:56:40,15.97,0.02,70,111790,买盘
1766,14:56:49,15.96,-0.01,47,75012,买盘
1767,14:56:52,15.96,0.0,1,1596,买盘
1768,14:56:55,15.96,0.0,33,52641,买盘
1769,14:56:58,15.95,-0.01,14,22339,卖盘
1770,14:57:01,15.96,0.01,6,9576,买盘
1771,14:57:04,15.95,-0.01,9,14355,卖盘
1772,15:00:04,15.98,0.03,599,957202,卖盘
