,time,price,change,volume,amount,type
0,09:25:04,11.85,0.0,257,304545,卖盘
1,09:30:07,11.8,-0.05,65,76766,卖盘
2,09:30:10,11.8,0.0,4,4720,卖盘
3,09:30:13,11.8,0.0,6,7080,卖盘
4,09:30:16,11.8,0.0,10,11800,卖盘
5,09:30:19,11.82,0.02,13,15366,买盘
6,09:30:34,11.82,0.0,9,10634,买盘
7,09:30:40,11.82,0.0,12,14184,买盘
8,09:30:43,11.82,0.0,16,18912,买盘
9,09:30:49,11.82,0.0,6,7092,卖盘
10,09:30:52,11.82,0.0,27,31925,买盘
11,09:30:55,11.8,-0.02,38,44896,卖盘
12,09:31:04,11.8,0.0,2,2360,买盘
13,09:31:07,11.82,0.02,13,15366,买盘
14,09:31:10,11.8,-0.02,17,20060,卖盘
15,09:31:16,11.8,0.0,10,11800,买盘
16,09:31:19,11.8,0.0,1,1180,买盘
17,09:31:22,11.8,0.0,14,16520,买盘
18,09:31:25,11.79,-0.01,3,3537,卖盘
19,09:31:34,11.8,0.01,13,15340,买盘
20,09:31:37,11.79,-0.01,16,18864,卖盘
21,09:31:40,11.82,0.03,48,56650,买盘
22,09:31:45,11.8,-0.02,3,3540,卖盘
23,09:31:49,11.82,0.02,30,35460,买盘
24,09:31:52,11.8,-0.02,51,60198,卖盘
25,09:31:55,11.8,0.0,10,11800,买盘
26,09:31:58,11.8,0.0,68,80240,买盘
27,09:32:01,11.8,0.0,16,18880,买盘
28,09:32:04,11.8,0.0,26,30680,买盘
29,09:32:07,11.8,0.0,23,27132,买盘
30,09:32:10,11.8,0.0,63,74340,买盘
31,09:32:19,11.8,0.0,18,21240,买盘
32,09:32:22,11.79,-0.01,1,1179,卖盘
33,09:32:25,11.8,0.01,3,3540,买盘
34,09:32:28,11.82,0.02,31,36629,买盘
35,09:32:34,11.82,0.0,57,67374,买盘
36,09:32:37,11.81,-0.01,14,16534,中性盘
37,09:32:52,11.81,0.0,14,16534,买盘
38,09:32:58,11.81,0.0,10,11810,买盘
39,09:33:01,11.81,0.0,7,8267,买盘
40,09:33:16,11.83,0.02,28,33124,买盘
41,09:33:19,11.83,0.0,14,16562,买盘
42,09:33:22,11.81,-0.02,46,54354,卖盘
43,09:33:28,11.82,0.01,6,7092,卖盘
44,09:33:30,11.82,0.0,6,7092,卖盘
45,09:33:34,11.82,0.0,37,43694,买盘
46,09:33:40,11.81,-0.01,23,27163,卖盘
47,09:33:43,11.81,0.0,4,4724,卖盘
48,09:33:49,11.82,0.01,34,40167,买盘
49,09:33:52,11.81,-0.01,2,2362,卖盘
50,09:34:04,11.82,0.01,28,33069,买盘
51,09:34:07,11.82,0.0,14,16548,买盘
52,09:34:13,11.8,-0.02,11,12980,卖盘
53,09:34:16,11.8,0.0,10,11800,卖盘
54,09:34:22,11.8,0.0,87,102744,卖盘
55,09:34:28,11.8,0.0,26,30680,卖盘
56,09:34:33,11.8,0.0,13,15340,买盘
57,09:34:46,11.79,-0.01,12,14148,卖盘
58,09:34:49,11.81,0.02,40,47173,买盘
59,09:34:55,11.82,0.01,59,69717,买盘
60,09:34:58,11.81,-0.01,2,2362,卖盘
61,09:35:05,11.75,-0.06,639,751874,卖盘
62,09:35:07,11.75,0.0,58,68150,买盘
63,09:35:10,11.75,0.0,159,186825,买盘
64,09:35:13,11.75,0.0,1,1175,买盘
65,09:35:16,11.75,0.0,137,160975,买盘
66,09:35:18,11.75,0.0,10,11750,买盘
67,09:35:22,11.79,0.04,52,61137,买盘
68,09:35:25,11.76,-0.03,1,1176,中性盘
69,09:35:28,11.76,0.0,2,2352,卖盘
70,09:35:31,11.76,0.0,10,11760,卖盘
71,09:35:36,11.78,0.02,48,56534,买盘
72,09:35:40,11.76,-0.02,10,11760,卖盘
73,09:35:43,11.78,0.02,9,10600,买盘
74,09:35:46,11.75,-0.03,158,185686,卖盘
75,09:35:49,11.75,0.0,12,14100,买盘
76,09:35:51,11.79,0.04,14,16506,中性盘
77,09:35:58,11.76,-0.03,12,14112,卖盘
78,09:36:04,11.79,0.03,1,1179,买盘
79,09:36:07,11.78,-0.01,2,2357,卖盘
80,09:36:15,11.78,0.0,24,28280,卖盘
81,09:36:19,11.79,0.01,19,22391,买盘
82,09:36:22,11.79,0.0,1,1179,买盘
83,09:36:25,11.79,0.0,28,33011,买盘
84,09:36:28,11.79,0.0,1,1179,买盘
85,09:36:34,11.77,-0.02,1,1177,卖盘
86,09:36:37,11.78,0.01,23,27094,买盘
87,09:36:48,11.77,-0.01,23,27086,卖盘
88,09:36:52,11.79,0.02,13,15320,买盘
89,09:36:55,11.78,-0.01,7,8246,买盘
90,09:36:58,11.78,0.0,9,10602,买盘
91,09:37:00,11.78,0.0,2,2356,卖盘
92,09:37:04,11.78,0.0,60,70680,卖盘
93,09:37:07,11.78,0.0,30,35344,卖盘
94,09:37:13,11.79,0.01,83,97779,买盘
95,09:37:16,11.77,-0.02,23,27071,卖盘
96,09:37:21,11.79,0.02,13,15327,买盘
97,09:37:25,11.77,-0.02,32,37724,卖盘
98,09:37:28,11.75,-0.02,494,580585,卖盘
99,09:37:34,11.76,0.01,1,1176,买盘
100,09:37:37,11.79,0.03,118,138692,买盘
101,09:37:39,11.75,-0.04,9,10575,卖盘
102,09:37:43,11.76,0.01,2,2352,中性盘
103,09:37:48,11.74,-0.02,22,25854,卖盘
104,09:37:52,11.76,0.02,13,15288,买盘
105,09:37:58,11.75,-0.01,3,3525,卖盘
106,09:38:01,11.75,0.0,138,162203,卖盘
107,09:38:04,11.75,0.0,11,12925,卖盘
108,09:38:07,11.75,0.0,14,16450,买盘
109,09:38:10,11.75,0.0,27,31693,买盘
110,09:38:13,11.74,-0.01,10,11740,中性盘
111,09:38:16,11.75,0.01,50,58750,买盘
112,09:38:21,11.73,-0.02,43,50467,卖盘
113,09:38:28,11.75,0.02,10,11750,买盘
114,09:38:31,11.74,-0.01,1,1174,中性盘
115,09:38:34,11.74,0.0,7,8218,卖盘
116,09:38:36,11.75,0.01,13,15275,买盘
117,09:38:40,11.74,-0.01,2,2348,卖盘
118,09:38:49,11.73,-0.01,113,132604,卖盘
119,09:38:51,11.75,0.02,14,16450,买盘
120,09:38:55,11.73,-0.02,15,17596,卖盘
121,09:38:58,11.73,0.0,34,39882,买盘
122,09:39:01,11.72,-0.01,88,103165,卖盘
123,09:39:04,11.72,0.0,1,1172,卖盘
124,09:39:06,11.74,0.02,1,1174,中性盘
125,09:39:19,11.74,0.0,62,72788,卖盘
126,09:39:22,11.76,0.02,14,16464,买盘
127,09:39:34,11.76,0.0,28,32908,买盘
128,09:39:43,11.75,-0.01,13,15275,卖盘
129,09:39:46,11.76,0.01,20,23520,买盘
130,09:39:51,11.76,0.0,14,16464,买盘
131,09:39:55,11.75,-0.01,8,9400,卖盘
132,09:39:58,11.76,0.01,13,15288,买盘
133,09:40:04,11.76,0.0,23,27048,买盘
134,09:40:06,11.76,0.0,13,15288,买盘
135,09:40:21,11.77,0.01,41,48223,买盘
136,09:40:24,11.75,-0.02,50,58760,卖盘
137,09:40:34,11.75,0.0,8,9400,卖盘
138,09:40:37,11.76,0.01,43,50559,买盘
139,09:40:43,11.75,-0.01,50,58750,卖盘
140,09:40:52,11.75,0.0,13,15275,买盘
141,09:40:57,11.75,0.0,3,3525,买盘
142,09:41:04,11.75,0.0,6,7050,买盘
143,09:41:06,11.75,0.0,17,19975,买盘
144,09:41:10,11.75,0.0,30,35250,买盘
145,09:41:12,11.75,0.0,1,1175,买盘
146,09:41:16,11.75,0.0,17,19975,买盘
147,09:41:22,11.76,0.01,13,15288,买盘
148,09:41:25,11.75,-0.01,2,2350,卖盘
149,09:41:30,11.74,-0.01,23,27010,卖盘
150,09:41:34,11.74,0.0,4,4696,卖盘
151,09:41:36,11.76,0.02,14,16464,买盘
152,09:41:43,11.74,-0.02,46,54009,卖盘
153,09:41:49,11.75,0.01,30,35250,卖盘
154,09:41:52,11.75,0.0,45,52888,卖盘
155,09:41:57,11.76,0.01,27,31752,买盘
156,09:42:04,11.74,-0.02,10,11742,卖盘
157,09:42:07,11.76,0.02,15,17640,买盘
158,09:42:16,11.74,-0.02,24,28177,卖盘
159,09:42:21,11.75,0.01,13,15275,买盘
160,09:42:25,11.73,-0.02,118,138533,卖盘
161,09:42:37,11.75,0.02,3,3524,买盘
162,09:42:46,11.75,0.0,38,44678,卖盘
163,09:42:52,11.75,0.0,14,16450,买盘
164,09:42:54,11.75,0.0,113,132595,买盘
165,09:42:57,11.73,-0.02,1,1173,卖盘
166,09:43:01,11.73,0.0,1,1173,卖盘
167,09:43:07,11.73,0.0,14,16448,卖盘
168,09:43:10,11.73,0.0,80,93840,卖盘
169,09:43:15,11.75,0.02,1,1175,买盘
170,09:43:21,11.75,0.0,14,16450,买盘
171,09:43:30,11.75,0.0,28,32900,买盘
172,09:43:37,11.75,0.0,13,15275,买盘
173,09:43:40,11.74,-0.01,8,9392,卖盘
174,09:43:46,11.74,0.0,1,1174,卖盘
175,09:43:48,11.74,0.0,3,3524,卖盘
176,09:43:51,11.76,0.02,14,16462,买盘
177,09:44:07,11.76,0.0,13,15288,买盘
178,09:44:10,11.76,0.0,12,14103,买盘
179,09:44:12,11.76,0.0,23,27048,买盘
180,09:44:16,11.76,0.0,15,17640,买盘
181,09:44:18,11.79,0.03,28,32943,买盘
182,09:44:25,11.74,-0.05,14,16462,卖盘
183,09:44:37,11.76,0.02,1,1176,卖盘
184,09:44:40,11.78,0.02,1,1178,卖盘
185,09:44:48,11.79,0.01,14,16505,买盘
186,09:44:52,11.78,-0.01,13,15314,中性盘
187,09:45:01,11.78,0.0,5,5890,买盘
188,09:45:07,11.79,0.01,28,32988,买盘
189,09:45:13,11.75,-0.04,18,21184,卖盘
190,09:45:22,11.77,0.02,6,7062,中性盘
191,09:45:25,11.77,0.0,7,8239,卖盘
192,09:45:31,11.77,0.0,4,4708,买盘
193,09:45:37,11.76,-0.01,14,16464,买盘
194,09:45:40,11.74,-0.02,361,423830,卖盘
195,09:45:46,11.73,-0.01,24,28152,卖盘
196,09:45:48,11.73,0.0,4,4692,卖盘
197,09:45:52,11.74,0.01,29,34030,买盘
198,09:45:55,11.74,0.0,52,61024,买盘
199,09:45:58,11.73,-0.01,4,4692,卖盘
200,09:46:06,11.74,0.01,77,90328,买盘
201,09:46:21,11.73,-0.01,13,15249,买盘
202,09:46:24,11.72,-0.01,24,28128,卖盘
203,09:46:28,11.73,0.01,13,15249,买盘
204,09:46:37,11.73,0.0,22,25797,买盘
205,09:46:40,11.72,-0.01,60,70320,卖盘
206,09:46:43,11.73,0.01,28,32844,买盘
207,09:46:45,11.72,-0.01,14,16418,卖盘
208,09:46:48,11.73,0.01,23,26979,买盘
209,09:46:52,11.73,0.0,21,24626,买盘
210,09:46:57,11.72,-0.01,4,4688,卖盘
211,09:47:01,11.72,0.0,1,1172,卖盘
212,09:47:07,11.72,0.0,107,125417,卖盘
213,09:47:10,11.73,0.01,4,4692,买盘
214,09:47:22,11.74,0.01,14,16424,买盘
215,09:47:27,11.74,0.0,28,32872,买盘
216,09:47:34,11.74,0.0,2,2348,买盘
217,09:47:37,11.74,0.0,13,15262,买盘
218,09:47:43,11.73,-0.01,2,2346,卖盘
219,09:47:51,11.74,0.01,14,16436,买盘
220,09:47:54,11.74,0.0,28,32871,买盘
221,09:48:01,11.73,-0.01,56,65694,卖盘
222,09:48:04,11.74,0.01,24,28166,买盘
223,09:48:06,11.73,-0.01,21,24646,卖盘
224,09:48:16,11.74,0.01,28,32872,买盘
225,09:48:22,11.73,-0.01,18,21140,卖盘
226,09:48:24,11.73,0.0,4,4692,卖盘
227,09:48:34,11.73,0.0,2,2346,卖盘
228,09:48:37,11.74,0.01,15,17609,买盘
229,09:48:52,11.74,0.0,13,15262,买盘
230,09:48:58,11.74,0.0,1,1174,买盘
231,09:49:01,11.74,0.0,33,38742,买盘
232,09:49:04,11.75,0.01,10,11750,买盘
233,09:49:07,11.75,0.0,15,17639,卖盘
234,09:49:21,11.76,0.01,13,15288,买盘
235,09:49:37,11.77,0.01,12,14121,买盘
236,09:49:42,11.77,0.0,2,2354,卖盘
237,09:49:52,11.8,0.03,42,49511,买盘
238,09:49:54,11.76,-0.04,12,14116,卖盘
239,09:50:01,11.78,0.02,1,1178,买盘
240,09:50:07,11.79,0.01,18,21214,买盘
241,09:50:16,11.78,-0.01,52,61256,卖盘
242,09:50:21,11.79,0.01,15,17683,买盘
243,09:50:27,11.78,-0.01,43,50654,卖盘
244,09:50:37,11.78,0.0,13,15314,买盘
245,09:50:40,11.78,0.0,28,32984,买盘
246,09:50:43,11.79,0.01,35,41245,买盘
247,09:50:51,11.78,-0.01,10,11780,买盘
248,09:51:07,11.8,0.02,28,33003,买盘
249,09:51:18,11.78,-0.02,1,1178,卖盘
250,09:51:22,11.79,0.01,14,16505,买盘
251,09:51:25,11.79,0.0,5,5895,买盘
252,09:51:31,11.79,0.0,23,27117,卖盘
253,09:51:34,11.79,0.0,1,1179,买盘
254,09:51:45,11.79,0.0,30,35354,买盘
255,09:52:01,11.78,-0.01,14,16505,卖盘
256,09:52:04,11.78,0.0,33,38874,卖盘
257,09:52:07,11.79,0.01,1,1179,买盘
258,09:52:10,11.78,-0.01,1,1178,卖盘
259,09:52:13,11.79,0.01,28,33004,买盘
260,09:52:15,11.79,0.0,14,16504,买盘
261,09:52:31,11.8,0.01,13,15340,买盘
262,09:52:34,11.8,0.0,14,16520,买盘
263,09:52:48,11.78,-0.02,20,23560,买盘
264,09:52:58,11.78,0.0,1,1178,卖盘
265,09:53:00,11.8,0.02,45,53090,买盘
266,09:53:06,11.79,-0.01,1,1179,卖盘
267,09:53:09,11.8,0.01,26,30680,买盘
268,09:53:13,11.79,-0.01,1,1179,卖盘
269,09:53:16,11.79,0.0,18,21222,买盘
270,09:53:34,11.79,0.0,4,4716,买盘
271,09:53:36,11.79,0.0,1,1179,买盘
272,09:53:48,11.79,0.0,27,31833,买盘
273,09:53:55,11.77,-0.02,14,16479,卖盘
274,09:54:01,11.77,0.0,8,9416,买盘
275,09:54:03,11.79,0.02,15,17685,买盘
276,09:54:07,11.79,0.0,10,11790,卖盘
277,09:54:10,11.77,-0.02,41,48277,卖盘
278,09:54:16,11.77,0.0,15,17655,买盘
279,09:54:22,11.77,0.0,1,1177,卖盘
280,09:54:25,11.78,0.01,1,1178,卖盘
281,09:54:37,11.79,0.01,22,25938,买盘
282,09:54:40,11.79,0.0,6,7074,卖盘
283,09:54:43,11.79,0.0,11,12960,买盘
284,09:54:46,11.79,0.0,29,34189,买盘
285,09:54:49,11.78,-0.01,24,28272,卖盘
286,09:54:51,11.79,0.01,1,1179,买盘
287,09:54:55,11.78,-0.01,1,1178,卖盘
288,09:54:58,11.78,0.0,46,54188,卖盘
289,09:55:01,11.79,0.01,14,16506,买盘
290,09:55:04,11.78,-0.01,69,81282,卖盘
291,09:55:10,11.79,0.01,128,150814,买盘
292,09:55:13,11.76,-0.03,4,4704,卖盘
293,09:55:15,11.77,0.01,13,15301,买盘
294,09:55:22,11.79,0.02,22,25926,买盘
295,09:55:25,11.77,-0.02,7,8251,卖盘
296,09:55:28,11.77,0.0,7,8239,卖盘
297,09:55:31,11.77,0.0,14,16478,买盘
298,09:55:34,11.76,-0.01,5,5880,卖盘
299,09:55:39,11.76,0.0,3,3528,买盘
300,09:55:45,11.76,0.0,2,2352,买盘
301,09:55:55,11.77,0.01,9,10593,买盘
302,09:56:01,11.77,0.0,5,5884,买盘
303,09:56:03,11.76,-0.01,21,24715,卖盘
304,09:56:10,11.75,-0.01,59,69466,卖盘
305,09:56:16,11.75,0.0,1,1175,卖盘
306,09:56:45,11.78,0.03,29,34153,买盘
307,09:56:52,11.78,0.0,1,1178,卖盘
308,09:56:54,11.79,0.01,20,23580,买盘
309,09:56:58,11.8,0.01,28,33020,买盘
310,09:57:04,11.79,-0.01,9,10611,卖盘
311,09:57:07,11.8,0.01,4,4720,买盘
312,09:57:16,11.8,0.0,14,16520,买盘
313,09:57:27,11.79,-0.01,6,7074,卖盘
314,09:57:31,11.8,0.01,27,31839,买盘
315,09:57:42,11.78,-0.02,2,2356,卖盘
316,09:57:45,11.79,0.01,42,49518,买盘
317,09:57:49,11.78,-0.01,15,17670,卖盘
318,09:57:55,11.78,0.0,2,2356,卖盘
319,09:58:01,11.78,0.0,21,24751,卖盘
320,09:58:04,11.79,0.01,18,21220,买盘
321,09:58:16,11.79,0.0,17,20039,买盘
322,09:58:34,11.79,0.0,28,33012,买盘
323,09:58:37,11.77,-0.02,9,10593,卖盘
324,09:59:00,11.79,0.02,27,31833,买盘
325,09:59:10,11.77,-0.02,3,3531,卖盘
326,09:59:13,11.77,0.0,3,3533,卖盘
327,09:59:16,11.79,0.02,13,15322,买盘
328,09:59:19,11.79,0.0,28,33012,买盘
329,09:59:27,11.78,-0.01,1,1178,买盘
330,09:59:45,11.78,0.0,27,31806,卖盘
331,09:59:48,11.78,0.0,6,7068,买盘
332,10:00:01,11.79,0.01,14,16506,买盘
333,10:00:04,11.78,-0.01,1,1178,卖盘
334,10:00:07,11.77,-0.01,13,15309,卖盘
335,10:00:10,11.8,0.03,29,34188,买盘
336,10:00:13,11.77,-0.03,5,5885,卖盘
337,10:00:19,11.78,0.01,5,5890,卖盘
338,10:00:22,11.78,0.0,11,12958,卖盘
339,10:00:24,11.78,0.0,4,4712,卖盘
340,10:00:27,11.77,-0.01,23,27089,卖盘
341,10:00:30,11.79,0.02,14,16504,买盘
342,10:00:37,11.77,-0.02,5,5885,卖盘
343,10:00:42,11.76,-0.01,21,24696,卖盘
344,10:00:45,11.77,0.01,14,16467,买盘
345,10:00:48,11.76,-0.01,17,19995,中性盘
346,10:00:52,11.76,0.0,5,5880,买盘
347,10:00:55,11.77,0.01,7,8237,买盘
348,10:01:01,11.77,0.0,72,84796,卖盘
349,10:01:03,11.78,0.01,2,2356,买盘
350,10:01:07,11.78,0.0,20,23560,卖盘
351,10:01:09,11.78,0.0,1,1178,卖盘
352,10:01:16,11.78,0.0,44,51846,卖盘
353,10:01:31,11.79,0.01,20,23572,买盘
354,10:01:43,11.77,-0.02,52,61251,卖盘
355,10:01:49,11.78,0.01,14,16492,卖盘
356,10:01:55,11.77,-0.01,22,25894,卖盘
357,10:02:01,11.77,0.0,13,15301,买盘
358,10:02:07,11.76,-0.01,40,47040,卖盘
359,10:02:16,11.77,0.01,14,16478,买盘
360,10:02:24,11.76,-0.01,11,12936,卖盘
361,10:02:31,11.77,0.01,41,48257,买盘
362,10:02:39,11.77,0.0,4,4708,买盘
363,10:02:42,11.76,-0.01,3,3528,卖盘
364,10:02:46,11.76,0.0,14,16464,买盘
365,10:02:52,11.76,0.0,13,15288,买盘
366,10:02:55,11.75,-0.01,26,30550,卖盘
367,10:02:58,11.77,0.02,6,7058,买盘
368,10:03:06,11.75,-0.02,31,36438,卖盘
369,10:03:09,11.76,0.01,5,5880,买盘
370,10:03:15,11.76,0.0,41,48216,买盘
371,10:03:30,11.76,0.0,14,16464,买盘
372,10:03:37,11.76,0.0,2,2352,买盘
373,10:03:46,11.76,0.0,68,79936,买盘
374,10:04:00,11.76,0.0,14,16464,买盘
375,10:04:04,11.76,0.0,28,32928,买盘
376,10:04:15,11.76,0.0,13,15288,买盘
377,10:04:22,11.76,0.0,50,58800,买盘
378,10:04:25,11.75,-0.01,1,1175,卖盘
379,10:04:28,11.76,0.01,4,4704,买盘
380,10:04:31,11.76,0.0,14,16464,买盘
381,10:04:43,11.75,-0.01,84,98700,卖盘
382,10:04:46,11.75,0.0,14,16450,买盘
383,10:04:51,11.75,0.0,28,32900,买盘
384,10:05:01,11.75,0.0,8,9400,买盘
385,10:05:16,11.76,0.01,13,15288,买盘
386,10:05:19,11.76,0.0,6,7056,买盘
387,10:05:22,11.75,-0.01,1,1175,卖盘
388,10:05:30,11.76,0.01,22,25872,买盘
389,10:05:34,11.76,0.0,50,58800,买盘
390,10:05:37,11.76,0.0,18,21168,买盘
391,10:05:39,11.78,0.02,28,32950,买盘
392,10:05:46,11.75,-0.03,49,57621,卖盘
393,10:06:04,11.76,0.01,9,10584,卖盘
394,10:06:16,11.78,0.02,18,21199,买盘
395,10:06:19,11.78,0.0,4,4712,买盘
396,10:06:28,11.79,0.01,29,34166,买盘
397,10:06:30,11.74,-0.05,24,28179,卖盘
398,10:06:37,11.78,0.04,8,9423,买盘
399,10:06:39,11.78,0.0,5,5890,卖盘
400,10:06:43,11.76,-0.02,15,17650,卖盘
401,10:06:45,11.78,0.02,40,47030,买盘
402,10:06:49,11.74,-0.04,10,11740,卖盘
403,10:06:55,11.74,0.0,30,35220,买盘
404,10:07:01,11.74,0.0,17,19958,买盘
405,10:07:04,11.74,0.0,23,27008,卖盘
406,10:07:12,11.78,0.04,28,32958,买盘
407,10:07:18,11.73,-0.05,47,55171,卖盘
408,10:07:22,11.73,0.0,4,4693,卖盘
409,10:07:25,11.74,0.01,11,12914,中性盘
410,10:07:28,11.74,0.0,4,4696,卖盘
411,10:07:40,11.74,0.0,9,10566,卖盘
412,10:07:43,11.75,0.01,4,4700,卖盘
413,10:07:51,11.74,-0.01,3,3522,买盘
414,10:07:54,11.74,0.0,74,86861,买盘
415,10:08:01,11.75,0.01,24,28189,买盘
416,10:08:10,11.76,0.01,3,3528,买盘
417,10:08:16,11.76,0.0,15,17640,卖盘
418,10:08:19,11.76,0.0,1,1176,买盘
419,10:08:25,11.76,0.0,14,16464,买盘
420,10:08:40,11.76,0.0,8,9408,买盘
421,10:08:43,11.75,-0.01,11,12930,卖盘
422,10:08:48,11.77,0.02,28,32913,买盘
423,10:08:55,11.74,-0.03,16,18784,卖盘
424,10:09:00,11.74,0.0,21,24655,卖盘
425,10:09:04,11.75,0.01,17,19988,卖盘
426,10:09:06,11.75,0.0,8,9400,买盘
427,10:09:10,11.75,0.0,3,3525,买盘
428,10:09:28,11.75,0.0,10,11750,卖盘
429,10:09:36,11.77,0.02,28,32946,买盘
430,10:09:39,11.75,-0.02,1,1175,卖盘
431,10:09:42,11.76,0.01,31,36456,卖盘
432,10:09:54,11.77,0.01,14,16478,买盘
433,10:10:04,11.77,0.0,4,4708,买盘
434,10:10:07,11.76,-0.01,13,15288,卖盘
435,10:10:10,11.77,0.01,13,15294,买盘
436,10:10:15,11.76,-0.01,13,15288,买盘
437,10:10:24,11.77,0.01,28,32954,买盘
438,10:10:31,11.77,0.0,10,11770,买盘
439,10:10:34,11.76,-0.01,9,10584,卖盘
440,10:10:37,11.77,0.01,14,16475,买盘
441,10:10:40,11.77,0.0,14,16478,买盘
442,10:10:43,11.77,0.0,9,10593,买盘
443,10:10:45,11.74,-0.03,55,64603,卖盘
444,10:10:48,11.77,0.03,41,48257,买盘
445,10:10:58,11.78,0.01,12,14136,买盘
446,10:11:10,11.79,0.01,20,23567,买盘
447,10:11:16,11.8,0.01,26,30662,买盘
448,10:11:22,11.79,-0.01,8,9432,中性盘
449,10:11:27,11.8,0.01,13,15328,买盘
450,10:11:46,11.77,-0.03,34,40018,卖盘
451,10:11:51,11.79,0.02,3,3537,买盘
452,10:11:55,11.79,0.0,15,17685,买盘
453,10:11:58,11.79,0.0,28,33012,买盘
454,10:12:01,11.77,-0.02,23,27071,卖盘
455,10:12:07,11.77,0.0,8,9416,卖盘
456,10:12:13,11.78,0.01,6,7068,卖盘
457,10:12:34,11.78,0.0,1,1178,卖盘
458,10:12:39,11.78,0.0,27,31806,卖盘
459,10:12:43,11.78,0.0,1,1178,卖盘
460,10:12:46,11.78,0.0,34,40052,卖盘
461,10:12:49,11.78,0.0,4,4712,买盘
462,10:13:34,11.77,-0.01,34,40053,卖盘
463,10:13:42,11.77,0.0,50,58850,卖盘
464,10:13:55,11.76,-0.01,5,5880,买盘
465,10:13:58,11.76,0.0,12,14112,卖盘
466,10:14:10,11.77,0.01,21,24712,买盘
467,10:14:13,11.77,0.0,10,11770,卖盘
468,10:14:16,11.77,0.0,5,5885,卖盘
469,10:14:22,11.78,0.01,28,32984,买盘
470,10:14:33,11.77,-0.01,10,11770,卖盘
471,10:14:36,11.78,0.01,1,1178,买盘
472,10:14:43,11.77,-0.01,32,37664,卖盘
473,10:14:46,11.75,-0.02,18,21184,卖盘
474,10:15:01,11.77,0.02,2,2354,卖盘
475,10:15:07,11.79,0.02,39,45921,买盘
476,10:15:22,11.77,-0.02,5,5885,卖盘
477,10:15:25,11.77,0.0,5,5885,卖盘
478,10:15:27,11.77,0.0,23,27071,卖盘
479,10:15:34,11.77,0.0,40,47080,卖盘
480,10:15:37,11.75,-0.02,52,61160,卖盘
481,10:15:39,11.77,0.02,27,31779,买盘
482,10:15:42,11.75,-0.02,32,37600,卖盘
483,10:15:46,11.75,0.0,22,25850,卖盘
484,10:15:48,11.74,-0.01,4,4697,卖盘
485,10:15:55,11.75,0.01,34,39997,买盘
486,10:16:04,11.74,-0.01,50,58708,卖盘
487,10:16:07,11.75,0.01,1,1175,卖盘
488,10:16:10,11.76,0.01,13,15288,中性盘
489,10:16:16,11.75,-0.01,19,22325,卖盘
490,10:16:24,11.76,0.01,56,65820,买盘
491,10:16:40,11.77,0.01,21,24707,买盘
492,10:16:43,11.78,0.01,28,32980,买盘
493,10:16:49,11.74,-0.04,16,18797,卖盘
494,10:16:57,11.76,0.02,5,5880,买盘
495,10:17:03,11.76,0.0,8,9408,买盘
496,10:17:10,11.76,0.0,16,18814,买盘
497,10:17:22,11.78,0.02,4,4712,买盘
498,10:17:25,11.76,-0.02,13,15288,卖盘
499,10:17:31,11.78,0.02,28,32964,买盘
500,10:17:36,11.74,-0.04,6,7048,卖盘
501,10:17:52,11.77,0.03,27,31772,中性盘
502,10:18:04,11.77,0.0,10,11770,卖盘
503,10:18:10,11.78,0.01,36,42393,买盘
504,10:18:19,11.76,-0.02,44,51814,卖盘
505,10:18:24,11.76,0.0,7,8232,买盘
506,10:18:31,11.76,0.0,4,4704,卖盘
507,10:18:34,11.77,0.01,2,2354,买盘
508,10:18:43,11.76,-0.01,1,1176,卖盘
509,10:18:48,11.76,0.0,2,2352,卖盘
510,10:18:52,11.75,-0.01,20,23526,卖盘
511,10:19:01,11.76,0.01,4,4704,卖盘
512,10:19:04,11.78,0.02,37,43577,买盘
513,10:19:27,11.76,-0.02,7,8232,卖盘
514,10:19:33,11.77,0.01,5,5885,卖盘
515,10:19:40,11.76,-0.01,2,2352,卖盘
516,10:19:43,11.75,-0.01,5,5875,卖盘
517,10:19:52,11.77,0.02,45,52913,买盘
518,10:19:58,11.76,-0.01,6,7056,卖盘
519,10:20:03,11.76,0.0,1,1176,卖盘
520,10:20:07,11.77,0.01,12,14124,买盘
521,10:20:10,11.77,0.0,4,4708,卖盘
522,10:20:13,11.77,0.0,5,5885,卖盘
523,10:20:16,11.76,-0.01,29,34129,卖盘
524,10:20:25,11.76,0.0,2,2352,买盘
525,10:20:37,11.77,0.01,6,7060,买盘
526,10:20:40,11.77,0.0,47,55347,卖盘
527,10:20:49,11.76,-0.01,1,1176,卖盘
528,10:20:52,11.76,0.0,7,8228,买盘
529,10:20:54,11.76,0.0,14,16464,买盘
530,10:21:01,11.76,0.0,4,4704,买盘
531,10:21:04,11.75,-0.01,4,4700,卖盘
532,10:21:10,11.76,0.01,13,15288,买盘
533,10:21:25,11.76,0.0,14,16464,买盘
534,10:21:28,11.76,0.0,31,36456,买盘
535,10:21:39,11.76,0.0,13,15288,买盘
536,10:21:54,11.76,0.0,45,52891,买盘
537,10:22:07,11.75,-0.01,19,22337,卖盘
538,10:22:10,11.76,0.01,13,15288,买盘
539,10:22:16,11.76,0.0,28,32928,买盘
540,10:22:25,11.76,0.0,320,376314,买盘
541,10:22:28,11.76,0.0,26,30576,买盘
542,10:22:31,11.77,0.01,9,10593,买盘
543,10:22:34,11.77,0.0,3,3531,买盘
544,10:22:39,11.77,0.0,20,23533,买盘
545,10:22:51,11.77,0.0,4,4708,买盘
546,10:22:55,11.77,0.0,13,15301,买盘
547,10:22:58,11.76,-0.01,95,111720,卖盘
548,10:23:01,11.77,0.01,31,36487,买盘
549,10:23:45,11.76,-0.01,17,19992,卖盘
550,10:23:48,11.77,0.01,31,36484,买盘
551,10:23:52,11.76,-0.01,2,2352,卖盘
552,10:23:55,11.77,0.01,21,24717,买盘
553,10:24:28,11.77,0.0,1,1177,卖盘
554,10:24:31,11.78,0.01,297,349866,买盘
555,10:24:37,11.79,0.01,28,33012,买盘
556,10:24:40,11.79,0.0,4,4716,买盘
557,10:24:42,11.78,-0.01,1,1178,卖盘
558,10:25:00,11.78,0.0,4,4712,卖盘
559,10:25:04,11.79,0.01,10,11790,买盘
560,10:25:06,11.78,-0.01,1,1178,卖盘
561,10:25:12,11.78,0.0,29,34162,卖盘
562,10:25:16,11.78,0.0,20,23555,买盘
563,10:25:19,11.77,-0.01,23,27071,卖盘
564,10:25:22,11.76,-0.01,7,8234,卖盘
565,10:25:24,11.76,0.0,36,42384,卖盘
566,10:25:28,11.77,0.01,6,7062,卖盘
567,10:25:33,11.77,0.0,28,32956,卖盘
568,10:25:40,11.77,0.0,11,12947,卖盘
569,10:25:43,11.77,0.0,4,4708,卖盘
570,10:25:46,11.79,0.02,15,17659,买盘
571,10:25:49,11.77,-0.02,7,8239,卖盘
572,10:25:54,11.77,0.0,5,5885,卖盘
573,10:25:58,11.79,0.02,25,29465,买盘
574,10:26:04,11.77,-0.02,6,7062,卖盘
575,10:26:07,11.77,0.0,4,4708,卖盘
576,10:26:13,11.79,0.02,28,33012,买盘
577,10:26:19,11.77,-0.02,5,5885,卖盘
578,10:26:22,11.79,0.02,1,1179,买盘
579,10:26:36,11.77,-0.02,12,14124,卖盘
580,10:26:42,11.77,0.0,17,20009,卖盘
581,10:26:46,11.77,0.0,12,14124,卖盘
582,10:26:57,11.79,0.02,28,32996,买盘
583,10:27:09,11.77,-0.02,51,60027,卖盘
584,10:27:21,11.77,0.0,5,5885,卖盘
585,10:27:25,11.77,0.0,28,32956,卖盘
586,10:27:31,11.77,0.0,9,10593,卖盘
587,10:27:34,11.77,0.0,2,2354,卖盘
588,10:27:37,11.77,0.0,133,156541,卖盘
589,10:27:39,11.77,0.0,35,41195,买盘
590,10:27:42,11.77,0.0,52,61204,卖盘
591,10:27:46,11.79,0.02,28,32992,买盘
592,10:27:49,11.77,-0.02,24,28248,卖盘
593,10:27:55,11.77,0.0,14,16478,买盘
594,10:28:04,11.77,0.0,10,11770,买盘
595,10:28:06,11.76,-0.01,8,9408,卖盘
596,10:28:10,11.77,0.01,13,15290,买盘
597,10:28:13,11.77,0.0,4,4708,卖盘
598,10:28:16,11.74,-0.03,57,66997,卖盘
599,10:28:18,11.77,0.03,4,4708,买盘
600,10:28:21,11.74,-0.03,8,9392,卖盘
601,10:28:34,11.76,0.02,28,32928,买盘
602,10:28:51,11.75,-0.01,5,5875,卖盘
603,10:28:55,11.76,0.01,7,8232,买盘
604,10:29:04,11.77,0.01,13,15293,买盘
605,10:29:07,11.77,0.0,1,1177,卖盘
606,10:29:16,11.77,0.0,8,9416,卖盘
607,10:29:21,11.79,0.02,28,33012,买盘
608,10:29:24,11.77,-0.02,4,4708,卖盘
609,10:30:10,11.79,0.02,27,31833,买盘
610,10:30:28,11.77,-0.02,29,34133,卖盘
611,10:30:39,11.77,0.0,3,3531,买盘
612,10:30:46,11.77,0.0,20,23540,卖盘
613,10:30:52,11.77,0.0,61,71797,卖盘
614,10:30:55,11.79,0.02,28,32995,买盘
615,10:30:58,11.76,-0.03,16,18828,卖盘
616,10:31:01,11.76,0.0,4,4704,卖盘
617,10:31:10,11.77,0.01,27,31779,买盘
618,10:31:22,11.76,-0.01,4,4704,卖盘
619,10:31:24,11.77,0.01,21,24709,买盘
620,10:31:27,11.76,-0.01,9,10584,卖盘
621,10:31:34,11.76,0.0,2,2352,卖盘
622,10:31:40,11.74,-0.02,119,139772,卖盘
623,10:31:42,11.76,0.02,28,32918,买盘
624,10:31:46,11.74,-0.02,10,11740,卖盘
625,10:31:49,11.74,0.0,2,2348,买盘
626,10:31:52,11.74,0.0,2,2348,中性盘
627,10:31:54,11.74,0.0,2,2348,买盘
628,10:32:01,11.74,0.0,16,18784,卖盘
629,10:32:06,11.73,-0.01,62,72726,卖盘
630,10:32:09,11.74,0.01,13,15262,买盘
631,10:32:13,11.73,-0.01,28,32844,卖盘
632,10:32:19,11.74,0.01,2,2348,买盘
633,10:32:24,11.74,0.0,14,16436,买盘
634,10:32:31,11.74,0.0,70,82168,买盘
635,10:32:37,11.73,-0.01,76,89148,卖盘
636,10:32:40,11.74,0.01,51,59874,买盘
637,10:32:46,11.74,0.0,10,11740,买盘
638,10:32:49,11.74,0.0,23,27002,买盘
639,10:32:52,11.74,0.0,8,9392,买盘
640,10:32:55,11.74,0.0,14,16436,买盘
641,10:33:09,11.74,0.0,36,42251,买盘
642,10:33:12,11.73,-0.01,5,5865,卖盘
643,10:33:16,11.74,0.01,29,34046,买盘
644,10:33:19,11.74,0.0,32,37568,买盘
645,10:33:27,11.74,0.0,27,31712,卖盘
646,10:33:48,11.77,0.03,4,4708,买盘
647,10:33:52,11.75,-0.02,13,15275,卖盘
648,10:33:55,11.75,0.0,14,16450,买盘
649,10:34:06,11.74,-0.01,50,58738,卖盘
650,10:34:09,11.75,0.01,13,15275,买盘
651,10:34:25,11.75,0.0,14,16450,买盘
652,10:34:34,11.74,-0.01,27,31698,卖盘
653,10:34:37,11.74,0.0,10,11740,卖盘
654,10:34:42,11.77,0.03,24,28246,买盘
655,10:34:52,11.78,0.01,28,32958,买盘
656,10:35:01,11.75,-0.03,14,16462,卖盘
657,10:35:10,11.75,0.0,14,16450,买盘
658,10:35:15,11.75,0.0,13,15275,卖盘
659,10:35:30,11.75,0.0,13,15275,卖盘
660,10:35:39,11.75,0.0,14,16450,买盘
661,10:35:46,11.75,0.0,1,1175,卖盘
662,10:35:52,11.76,0.01,6,7056,卖盘
663,10:35:54,11.77,0.01,41,48169,买盘
664,10:36:01,11.75,-0.02,1,1175,卖盘
665,10:36:04,11.75,0.0,1,1175,买盘
666,10:36:09,11.75,0.0,14,16450,买盘
667,10:36:13,11.74,-0.01,23,27002,卖盘
668,10:36:19,11.74,0.0,1,1174,卖盘
669,10:36:25,11.74,0.0,14,16436,卖盘
670,10:36:34,11.74,0.0,2,2348,买盘
671,10:36:36,11.73,-0.01,31,36363,卖盘
672,10:36:39,11.74,0.01,12,14088,买盘
673,10:36:46,11.74,0.0,4,4696,卖盘
674,10:36:55,11.73,-0.01,28,32844,卖盘
675,10:37:04,11.74,0.01,16,18784,卖盘
676,10:37:09,11.74,0.0,14,16436,买盘
677,10:37:25,11.74,0.0,13,15262,买盘
678,10:37:31,11.74,0.0,33,38742,买盘
679,10:37:33,11.74,0.0,9,10566,卖盘
680,10:37:36,11.74,0.0,1,1174,卖盘
681,10:37:40,11.75,0.01,14,16450,买盘
682,10:37:48,11.74,-0.01,4,4696,卖盘
683,10:37:55,11.74,0.0,41,48134,卖盘
684,10:38:09,11.74,0.0,13,15262,买盘
685,10:38:12,11.73,-0.01,99,116127,卖盘
686,10:38:25,11.74,0.01,14,16436,买盘
687,10:38:30,11.73,-0.01,23,26979,卖盘
688,10:38:40,11.74,0.01,13,15262,买盘
689,10:38:55,11.74,0.0,14,16436,买盘
690,10:38:57,11.73,-0.01,24,28152,卖盘
691,10:39:00,11.73,0.0,1,1173,卖盘
692,10:39:04,11.73,0.0,20,23460,卖盘
693,10:39:10,11.74,0.01,16,18781,买盘
694,10:39:19,11.73,-0.01,30,35190,卖盘
695,10:39:22,11.74,0.01,4,4696,买盘
696,10:39:24,11.74,0.0,49,57514,买盘
697,10:39:31,11.74,0.0,36,42234,买盘
698,10:39:36,11.73,-0.01,1,1173,卖盘
699,10:39:40,11.74,0.01,14,16434,买盘
700,10:40:10,11.74,0.0,13,15262,买盘
701,10:40:13,11.74,0.0,14,16436,买盘
702,10:40:24,11.74,0.0,14,16436,买盘
703,10:40:28,11.74,0.0,10,11740,买盘
704,10:40:31,11.74,0.0,1,1174,买盘
705,10:40:37,11.73,-0.01,1,1173,卖盘
706,10:40:40,11.74,0.01,2,2348,买盘
707,10:40:48,11.73,-0.01,19,22298,卖盘
708,10:40:55,11.75,0.02,3,3525,买盘
709,10:41:04,11.73,-0.02,1,1173,卖盘
710,10:41:06,11.74,0.01,12,14088,中性盘
711,10:41:13,11.75,0.01,4,4700,买盘
712,10:41:16,11.74,-0.01,18,21132,卖盘
713,10:41:25,11.73,-0.01,2,2346,买盘
714,10:41:34,11.74,0.01,11,12913,买盘
715,10:41:37,11.74,0.0,13,15251,买盘
716,10:41:43,11.73,-0.01,24,28170,卖盘
717,10:41:48,11.73,0.0,6,7038,买盘
718,10:41:55,11.73,0.0,13,15249,买盘
719,10:41:58,11.72,-0.01,1,1172,卖盘
720,10:42:01,11.72,0.0,49,57428,卖盘
721,10:42:07,11.73,0.01,26,30498,买盘
722,10:42:10,11.73,0.0,14,16422,买盘
723,10:42:19,11.71,-0.02,150,175706,卖盘
724,10:42:33,11.71,0.0,23,26947,卖盘
725,10:42:36,11.73,0.02,6,7038,买盘
726,10:42:40,11.71,-0.02,23,26933,卖盘
727,10:42:48,11.73,0.02,6,7038,买盘
728,10:43:01,11.75,0.02,4,4700,买盘
729,10:43:07,11.75,0.0,8,9400,买盘
730,10:43:18,11.73,-0.02,14,16422,卖盘
731,10:43:36,11.75,0.02,4,4700,买盘
732,10:43:55,11.71,-0.04,116,135958,卖盘
733,10:44:04,11.71,0.0,5,5855,卖盘
734,10:44:10,11.72,0.01,36,42183,买盘
735,10:44:13,11.72,0.0,5,5860,卖盘
736,10:44:16,11.72,0.0,9,10548,卖盘
737,10:44:22,11.71,-0.01,83,97193,卖盘
738,10:44:25,11.72,0.01,44,51538,买盘
739,10:44:28,11.71,-0.01,114,133494,卖盘
740,10:44:30,11.7,-0.01,38,44475,卖盘
741,10:44:34,11.7,0.0,65,76050,卖盘
742,10:44:37,11.7,0.0,25,29250,卖盘
743,10:44:40,11.71,0.01,602,704353,买盘
744,10:44:43,11.7,-0.01,195,228150,卖盘
745,10:44:46,11.69,-0.01,126,147385,卖盘
746,10:44:48,11.69,0.0,60,70113,卖盘
747,10:44:52,11.67,-0.02,81,94587,卖盘
748,10:44:55,11.68,0.01,38,44360,中性盘
749,10:44:58,11.67,-0.01,10,11670,卖盘
750,10:45:01,11.67,0.0,30,35007,卖盘
751,10:45:04,11.66,-0.01,14,16334,卖盘
752,10:45:07,11.66,0.0,14,16324,卖盘
753,10:45:09,11.67,0.01,44,51322,买盘
754,10:45:12,11.66,-0.01,8,9328,卖盘
755,10:45:16,11.66,0.0,33,38494,卖盘
756,10:45:19,11.66,0.0,9,10494,卖盘
757,10:45:24,11.67,0.01,41,47834,买盘
758,10:45:28,11.67,0.0,2,2334,卖盘
759,10:45:31,11.67,0.0,3,3501,买盘
760,10:45:33,11.68,0.01,53,61904,买盘
761,10:45:40,11.69,0.01,13,15197,买盘
762,10:45:55,11.69,0.0,18,21038,买盘
763,10:45:58,11.68,-0.01,3,3504,卖盘
764,10:46:01,11.68,0.0,1,1168,买盘
765,10:46:06,11.68,0.0,2,2335,买盘
766,10:46:10,11.68,0.0,46,53728,买盘
767,10:46:13,11.66,-0.02,110,128441,卖盘
768,10:46:22,11.67,0.01,11,12838,卖盘
769,10:46:28,11.67,0.0,3,3501,卖盘
770,10:46:34,11.67,0.0,15,17505,买盘
771,10:46:36,11.67,0.0,30,35010,买盘
772,10:46:39,11.67,0.0,12,14004,买盘
773,10:46:42,11.68,0.01,22,25696,买盘
774,10:46:46,11.66,-0.02,22,25677,卖盘
775,10:46:49,11.7,0.04,40,46788,买盘
776,10:46:52,11.71,0.01,33,38621,买盘
777,10:47:19,11.69,-0.02,22,25738,卖盘
778,10:47:40,11.71,0.02,10,11710,买盘
779,10:47:43,11.71,0.0,4,4684,买盘
780,10:47:46,11.69,-0.02,33,38600,卖盘
781,10:47:48,11.7,0.01,1,1170,买盘
782,10:47:51,11.7,0.0,20,23400,卖盘
783,10:48:01,11.7,0.0,1,1170,卖盘
784,10:48:42,11.7,0.0,21,24570,卖盘
785,10:48:48,11.7,0.0,53,62010,买盘
786,10:49:04,11.69,-0.01,38,44435,卖盘
787,10:49:07,11.7,0.01,4,4680,买盘
788,10:49:10,11.69,-0.01,4,4676,卖盘
789,10:49:19,11.7,0.01,13,15210,买盘
790,10:49:34,11.7,0.0,13,15210,买盘
791,10:49:49,11.7,0.0,13,15210,买盘
792,10:49:52,11.69,-0.01,20,23380,卖盘
793,10:49:55,11.69,0.0,9,10521,卖盘
794,10:50:04,11.7,0.01,19,22225,买盘
795,10:50:10,11.69,-0.01,1,1169,卖盘
796,10:50:19,11.7,0.01,13,15210,买盘
797,10:50:34,11.7,0.0,13,15210,买盘
798,10:50:39,11.7,0.0,4,4680,买盘
799,10:50:49,11.7,0.0,13,15210,买盘
800,10:50:51,11.7,0.0,2,2340,买盘
801,10:51:04,11.7,0.0,13,15210,买盘
802,10:51:19,11.7,0.0,13,15210,买盘
803,10:51:27,11.7,0.0,10,11700,买盘
804,10:51:30,11.7,0.0,9,10530,买盘
805,10:51:34,11.7,0.0,14,16380,买盘
806,10:51:37,11.7,0.0,32,37440,买盘
807,10:51:40,11.7,0.0,6,7020,买盘
808,10:51:49,11.7,0.0,13,15210,买盘
809,10:52:04,11.7,0.0,13,15210,买盘
810,10:52:16,11.7,0.0,1,1170,买盘
811,10:52:18,11.7,0.0,13,15210,买盘
812,10:52:25,11.7,0.0,30,35100,买盘
813,10:52:31,11.7,0.0,100,117000,买盘
814,10:52:34,11.7,0.0,13,15210,买盘
815,10:52:36,11.69,-0.01,20,23380,卖盘
816,10:52:43,11.7,0.01,30,35100,买盘
817,10:52:46,11.7,0.0,7,8190,买盘
818,10:52:48,11.7,0.0,13,15210,买盘
819,10:52:58,11.69,-0.01,81,94689,卖盘
820,10:53:04,11.7,0.01,14,16380,买盘
821,10:53:10,11.7,0.0,75,87750,买盘
822,10:53:13,11.7,0.0,20,23400,买盘
823,10:53:18,11.69,-0.01,25,29238,卖盘
824,10:53:28,11.69,0.0,28,32732,买盘
825,10:53:31,11.69,0.0,40,46760,买盘
826,10:53:33,11.69,0.0,14,16366,买盘
827,10:53:37,11.69,0.0,4,4676,买盘
828,10:53:40,11.69,0.0,3,3507,买盘
829,10:53:43,11.69,0.0,20,23380,买盘
830,10:53:49,11.69,0.0,16,18704,买盘
831,10:53:52,11.69,0.0,2,2338,买盘
832,10:53:55,11.69,0.0,3,3507,买盘
833,10:54:01,11.69,0.0,41,47929,买盘
834,10:54:07,11.69,0.0,2,2338,卖盘
835,10:54:19,11.7,0.01,37,43290,买盘
836,10:54:49,11.71,0.01,3,3513,买盘
837,10:54:55,11.7,-0.01,4,4680,卖盘
838,10:54:58,11.7,0.0,12,14040,卖盘
839,10:55:03,11.71,0.01,59,69058,买盘
840,10:55:07,11.69,-0.02,40,46792,卖盘
841,10:55:09,11.69,0.0,10,11690,卖盘
842,10:55:12,11.69,0.0,4,4676,卖盘
843,10:55:16,11.69,0.0,15,17535,卖盘
844,10:55:19,11.69,0.0,64,74793,买盘
845,10:55:34,11.69,0.0,13,15197,买盘
846,10:55:43,11.69,0.0,2,2338,买盘
847,10:55:48,11.69,0.0,14,16366,买盘
848,10:55:52,11.69,0.0,30,35070,买盘
849,10:56:00,11.69,0.0,5,5845,买盘
850,10:56:05,11.69,0.0,16,18704,买盘
851,10:56:10,11.68,-0.01,6,7008,卖盘
852,10:56:13,11.68,0.0,29,33899,卖盘
853,10:56:18,11.69,0.01,13,15197,买盘
854,10:56:34,11.69,0.0,6,7014,买盘
855,10:56:40,11.7,0.01,30,35100,买盘
856,10:56:46,11.7,0.0,7,8187,买盘
857,10:56:49,11.7,0.0,13,15210,买盘
858,10:56:52,11.69,-0.01,2,2338,卖盘
859,10:57:04,11.7,0.01,13,15210,买盘
860,10:57:06,11.69,-0.01,17,19873,卖盘
861,10:57:10,11.69,0.0,13,15197,卖盘
862,10:57:13,11.69,0.0,17,19873,买盘
863,10:57:19,11.7,0.01,16,18718,买盘
864,10:57:25,11.7,0.0,30,35100,买盘
865,10:57:33,11.7,0.0,13,15210,买盘
866,10:57:49,11.7,0.0,13,15210,买盘
867,10:58:01,11.7,0.0,10,11700,买盘
868,10:58:04,11.7,0.0,20,23398,买盘
869,10:58:07,11.7,0.0,51,59670,买盘
870,10:58:09,11.7,0.0,10,11700,买盘
871,10:58:12,11.7,0.0,30,35100,买盘
872,10:58:18,11.7,0.0,13,15210,买盘
873,10:58:34,11.7,0.0,14,16380,买盘
874,10:58:43,11.7,0.0,2,2340,买盘
875,10:58:45,11.7,0.0,27,31590,买盘
876,10:58:49,11.7,0.0,14,16380,买盘
877,10:58:58,11.7,0.0,6,7020,买盘
878,10:59:01,11.69,-0.01,34,39776,卖盘
879,10:59:04,11.7,0.01,13,15210,买盘
880,10:59:07,11.69,-0.01,1,1169,卖盘
881,10:59:09,11.7,0.01,27,31590,买盘
882,10:59:19,11.7,0.0,13,15210,买盘
883,10:59:25,11.7,0.0,6,7020,买盘
884,10:59:28,11.69,-0.01,4,4676,卖盘
885,10:59:33,11.7,0.01,18,21055,买盘
886,10:59:43,11.68,-0.02,5,5840,卖盘
887,10:59:46,11.7,0.02,6,7018,买盘
888,10:59:48,11.7,0.0,30,35100,买盘
889,10:59:52,11.69,-0.01,4,4676,卖盘
890,10:59:55,11.68,-0.01,41,47897,卖盘
891,11:00:00,11.69,0.01,1,1169,中性盘
892,11:00:04,11.69,0.0,18,21042,买盘
893,11:00:06,11.69,0.0,1,1169,买盘
894,11:00:10,11.68,-0.01,67,78283,卖盘
895,11:00:18,11.69,0.01,14,16366,买盘
896,11:00:25,11.69,0.0,1,1169,买盘
897,11:00:28,11.68,-0.01,18,21024,卖盘
898,11:00:31,11.68,0.0,4,4672,卖盘
899,11:00:34,11.7,0.02,38,44449,买盘
900,11:00:37,11.68,-0.02,50,58408,卖盘
901,11:00:39,11.68,0.0,2,2337,卖盘
902,11:00:45,11.68,0.0,5,5840,卖盘
903,11:00:49,11.68,0.0,5,5840,卖盘
904,11:00:52,11.7,0.02,13,15210,买盘
905,11:00:55,11.7,0.0,18,21046,买盘
906,11:01:04,11.69,-0.01,29,33876,买盘
907,11:01:06,11.69,0.0,4,4676,卖盘
908,11:01:10,11.69,0.0,12,14028,卖盘
909,11:01:12,11.67,-0.02,23,26860,卖盘
910,11:01:22,11.69,0.02,32,37408,买盘
911,11:01:31,11.68,-0.01,3,3504,卖盘
912,11:01:34,11.69,0.01,19,22211,买盘
913,11:01:37,11.68,-0.01,13,15189,卖盘
914,11:01:43,11.68,0.0,12,14016,买盘
915,11:01:46,11.68,0.0,12,14016,买盘
916,11:01:48,11.68,0.0,13,15184,买盘
917,11:02:00,11.68,0.0,61,71188,买盘
918,11:02:06,11.68,0.0,2,2336,卖盘
919,11:02:10,11.69,0.01,30,35070,买盘
920,11:02:18,11.68,-0.01,1,1168,卖盘
921,11:02:22,11.69,0.01,1,1169,买盘
922,11:02:28,11.7,0.01,9,10529,买盘
923,11:02:40,11.69,-0.01,32,37408,卖盘
924,11:02:46,11.69,0.0,1,1169,买盘
925,11:02:48,11.69,0.0,13,15197,买盘
926,11:02:55,11.69,0.0,30,35070,买盘
927,11:03:00,11.68,-0.01,38,44384,卖盘
928,11:03:04,11.69,0.01,14,16366,买盘
929,11:03:06,11.69,0.0,20,23379,买盘
930,11:03:16,11.69,0.0,25,29225,买盘
931,11:03:18,11.67,-0.02,19,22186,卖盘
932,11:03:21,11.67,0.0,6,7002,卖盘
933,11:03:24,11.68,0.01,3,3502,买盘
934,11:03:28,11.68,0.0,20,23360,买盘
935,11:03:33,11.68,0.0,13,15184,买盘
936,11:03:40,11.67,-0.01,6,7002,卖盘
937,11:03:43,11.69,0.02,30,35042,买盘
938,11:03:45,11.67,-0.02,6,7002,卖盘
939,11:04:04,11.68,0.01,13,15184,卖盘
940,11:04:18,11.68,0.0,55,64211,买盘
941,11:04:27,11.68,0.0,1,1168,买盘
942,11:04:31,11.68,0.0,30,35040,买盘
943,11:04:34,11.68,0.0,54,63032,买盘
944,11:04:37,11.67,-0.01,16,18682,卖盘
945,11:04:40,11.67,0.0,21,24507,卖盘
946,11:04:45,11.67,0.0,67,78189,卖盘
947,11:04:48,11.67,0.0,65,75855,卖盘
948,11:04:55,11.67,0.0,9,10503,买盘
949,11:05:01,11.66,-0.01,4,4664,卖盘
950,11:05:04,11.67,0.01,13,15171,买盘
951,11:05:07,11.67,0.0,6,7002,买盘
952,11:05:16,11.67,0.0,40,46680,买盘
953,11:05:19,11.67,0.0,4,4668,买盘
954,11:05:30,11.67,0.0,20,23340,卖盘
955,11:05:37,11.69,0.02,4,4676,买盘
956,11:05:40,11.66,-0.03,677,789429,卖盘
957,11:05:43,11.66,0.0,21,24486,买盘
958,11:05:49,11.66,0.0,14,16324,买盘
959,11:05:55,11.66,0.0,11,12826,买盘
960,11:05:58,11.66,0.0,53,61798,买盘
961,11:06:01,11.66,0.0,3,3498,买盘
962,11:06:04,11.66,0.0,131,152705,买盘
963,11:06:06,11.66,0.0,9,10492,买盘
964,11:06:10,11.66,0.0,13,15158,买盘
965,11:06:13,11.65,-0.01,155,180729,卖盘
966,11:06:24,11.66,0.01,3,3498,卖盘
967,11:06:34,11.68,0.02,7,8176,买盘
968,11:06:39,11.68,0.0,2,2336,卖盘
969,11:06:45,11.69,0.01,1,1169,买盘
970,11:06:52,11.69,0.0,30,35070,买盘
971,11:06:55,11.69,0.0,17,19868,买盘
972,11:07:01,11.69,0.0,9,10517,买盘
973,11:07:04,11.69,0.0,30,35070,买盘
974,11:07:18,11.69,0.0,17,19873,买盘
975,11:07:21,11.69,0.0,19,22209,买盘
976,11:07:31,11.69,0.0,2,2338,卖盘
977,11:07:34,11.7,0.01,13,15210,买盘
978,11:07:36,11.7,0.0,30,35100,买盘
979,11:07:40,11.69,-0.01,8,9352,卖盘
980,11:07:45,11.69,0.0,5,5845,卖盘
981,11:07:48,11.7,0.01,13,15210,买盘
982,11:07:52,11.69,-0.01,10,11690,卖盘
983,11:08:01,11.69,0.0,4,4676,卖盘
984,11:08:04,11.7,0.01,13,15210,买盘
985,11:08:06,11.7,0.0,2,2340,买盘
986,11:08:16,11.69,-0.01,1,1169,卖盘
987,11:08:19,11.7,0.01,18,21055,买盘
988,11:08:22,11.7,0.0,5,5850,买盘
989,11:08:25,11.71,0.01,31,36300,买盘
990,11:08:28,11.7,-0.01,1,1170,卖盘
991,11:08:36,11.71,0.01,16,18724,买盘
992,11:08:40,11.7,-0.01,17,19890,卖盘
993,11:08:42,11.69,-0.01,5,5845,卖盘
994,11:08:49,11.7,0.01,13,15208,买盘
995,11:08:55,11.7,0.0,8,9360,卖盘
996,11:08:58,11.69,-0.01,1,1169,卖盘
997,11:09:01,11.69,0.0,15,17535,卖盘
998,11:09:03,11.7,0.01,7,8190,买盘
999,11:09:06,11.69,-0.01,8,9358,卖盘
1000,11:09:13,11.7,0.01,30,35100,买盘
1001,11:09:19,11.7,0.0,13,15210,买盘
1002,11:09:22,11.69,-0.01,7,8183,卖盘
1003,11:09:28,11.69,0.0,6,7014,卖盘
1004,11:09:37,11.69,0.0,45,52641,卖盘
1005,11:09:46,11.71,0.02,1,1171,买盘
1006,11:09:51,11.69,-0.02,15,17548,卖盘
1007,11:09:55,11.7,0.01,1,1170,卖盘
1008,11:09:58,11.71,0.01,30,35126,买盘
1009,11:10:07,11.71,0.0,6,7024,买盘
1010,11:10:12,11.7,-0.01,4,4680,卖盘
1011,11:10:18,11.7,0.0,2,2340,卖盘
1012,11:10:24,11.7,0.0,1,1170,卖盘
1013,11:10:31,11.7,0.0,4,4680,卖盘
1014,11:10:34,11.7,0.0,11,12870,买盘
1015,11:10:37,11.7,0.0,8,9360,卖盘
1016,11:10:46,11.73,0.03,30,35152,买盘
1017,11:10:54,11.7,-0.03,4,4680,卖盘
1018,11:11:04,11.7,0.0,4,4680,卖盘
1019,11:11:06,11.7,0.0,5,5850,卖盘
1020,11:11:16,11.7,0.0,1,1170,卖盘
1021,11:11:19,11.7,0.0,1,1170,卖盘
1022,11:11:31,11.71,0.01,4,4684,卖盘
1023,11:11:34,11.73,0.02,29,34008,买盘
1024,11:11:40,11.71,-0.02,6,7030,卖盘
1025,11:11:43,11.71,0.0,2,2342,卖盘
1026,11:11:52,11.7,-0.01,6,7020,卖盘
1027,11:11:54,11.7,0.0,1,1170,卖盘
1028,11:11:57,11.7,0.0,1,1170,卖盘
1029,11:12:00,11.71,0.01,29,33944,买盘
1030,11:12:03,11.7,-0.01,5,5850,卖盘
1031,11:12:10,11.7,0.0,7,8190,卖盘
1032,11:12:13,11.7,0.0,1,1170,买盘
1033,11:12:19,11.71,0.01,88,102970,买盘
1034,11:12:22,11.7,-0.01,14,16393,卖盘
1035,11:12:25,11.69,-0.01,7,8184,卖盘
1036,11:12:42,11.72,0.03,33,38666,买盘
1037,11:12:54,11.7,-0.02,6,7020,卖盘
1038,11:13:06,11.74,0.04,30,35200,买盘
1039,11:13:09,11.73,-0.01,3,3519,卖盘
1040,11:13:13,11.74,0.01,2,2347,买盘
1041,11:13:21,11.77,0.03,46,54078,买盘
1042,11:13:27,11.75,-0.02,10,11750,中性盘
1043,11:13:40,11.75,0.0,11,12925,买盘
1044,11:13:55,11.74,-0.01,44,51706,卖盘
1045,11:14:01,11.71,-0.03,2,2342,卖盘
1046,11:14:04,11.74,0.03,20,23480,买盘
1047,11:14:10,11.74,0.0,10,11740,买盘
1048,11:14:21,11.72,-0.02,1,1172,卖盘
1049,11:14:34,11.74,0.02,30,35220,买盘
1050,11:14:40,11.74,0.0,30,35220,买盘
1051,11:15:09,11.73,-0.01,9,10557,买盘
1052,11:15:12,11.74,0.01,3,3522,买盘
1053,11:15:15,11.72,-0.02,55,64469,卖盘
1054,11:15:27,11.75,0.03,30,35220,买盘
1055,11:15:40,11.7,-0.05,232,271563,卖盘
1056,11:15:45,11.69,-0.01,10,11690,卖盘
1057,11:15:48,11.69,0.0,184,215267,卖盘
1058,11:15:51,11.7,0.01,50,58500,买盘
1059,11:15:54,11.69,-0.01,30,35070,卖盘
1060,11:15:58,11.69,0.0,4,4676,卖盘
1061,11:16:04,11.7,0.01,14,16380,买盘
1062,11:16:06,11.7,0.0,5,5846,买盘
1063,11:16:12,11.69,-0.01,6,7014,卖盘
1064,11:16:15,11.7,0.01,30,35100,买盘
1065,11:16:19,11.7,0.0,13,15210,买盘
1066,11:16:22,11.69,-0.01,1,1169,卖盘
1067,11:16:34,11.7,0.01,13,15210,买盘
1068,11:16:37,11.69,-0.01,2,2338,卖盘
1069,11:16:43,11.69,0.0,6,7014,卖盘
1070,11:16:49,11.7,0.01,13,15210,买盘
1071,11:16:55,11.7,0.0,10,11700,买盘
1072,11:16:58,11.69,-0.01,7,8183,卖盘
1073,11:17:01,11.7,0.01,30,35100,买盘
1074,11:17:04,11.7,0.0,35,40933,买盘
1075,11:17:18,11.7,0.0,14,16380,买盘
1076,11:17:27,11.69,-0.01,7,8183,卖盘
1077,11:17:30,11.69,0.0,11,12869,卖盘
1078,11:17:34,11.68,-0.01,31,36238,卖盘
1079,11:17:36,11.68,0.0,23,26864,卖盘
1080,11:17:42,11.68,0.0,11,12848,卖盘
1081,11:17:45,11.68,0.0,6,7008,卖盘
1082,11:17:49,11.69,0.01,43,50267,买盘
1083,11:17:52,11.68,-0.01,8,9344,卖盘
1084,11:17:55,11.69,0.01,14,16366,买盘
1085,11:18:04,11.7,0.01,13,15210,买盘
1086,11:18:12,11.69,-0.01,2,2338,卖盘
1087,11:18:18,11.7,0.01,14,16379,买盘
1088,11:18:28,11.69,-0.01,9,10521,卖盘
1089,11:18:34,11.7,0.01,13,15210,买盘
1090,11:18:37,11.7,0.0,30,35100,买盘
1091,11:18:48,11.7,0.0,22,25732,买盘
1092,11:18:51,11.69,-0.01,1,1169,卖盘
1093,11:19:04,11.7,0.01,13,15210,买盘
1094,11:19:10,11.69,-0.01,108,126252,卖盘
1095,11:19:18,11.69,0.0,13,15197,买盘
1096,11:19:22,11.7,0.01,30,35100,买盘
1097,11:19:28,11.7,0.0,3,3510,买盘
1098,11:19:30,11.69,-0.01,2,2338,卖盘
1099,11:19:34,11.7,0.01,13,15210,买盘
1100,11:19:49,11.7,0.0,13,15210,买盘
1101,11:20:04,11.7,0.0,13,15210,买盘
1102,11:20:07,11.7,0.0,7,8190,买盘
1103,11:20:10,11.7,0.0,30,35100,买盘
1104,11:20:12,11.69,-0.01,2,2338,卖盘
1105,11:20:18,11.7,0.01,14,16380,买盘
1106,11:20:28,11.69,-0.01,5,5845,卖盘
1107,11:20:31,11.69,0.0,2,2338,卖盘
1108,11:20:33,11.7,0.01,13,15210,买盘
1109,11:20:36,11.69,-0.01,2,2338,卖盘
1110,11:20:43,11.7,0.01,77,90086,买盘
1111,11:20:46,11.69,-0.01,17,19879,卖盘
1112,11:20:48,11.7,0.01,13,15210,买盘
1113,11:20:55,11.7,0.0,8,9358,买盘
1114,11:20:58,11.69,-0.01,40,46790,卖盘
1115,11:21:04,11.7,0.01,44,51446,买盘
1116,11:21:07,11.7,0.0,7,8190,买盘
1117,11:21:10,11.68,-0.02,30,35090,卖盘
1118,11:21:13,11.68,0.0,74,86451,卖盘
1119,11:21:15,11.68,0.0,25,29200,卖盘
1120,11:21:19,11.68,0.0,80,93440,卖盘
1121,11:21:25,11.68,0.0,17,19856,买盘
1122,11:21:30,11.68,0.0,66,77043,买盘
1123,11:21:34,11.68,0.0,2,2336,卖盘
1124,11:21:36,11.68,0.0,44,51392,卖盘
1125,11:21:39,11.69,0.01,1,1169,中性盘
1126,11:21:42,11.7,0.01,37,43230,中性盘
1127,11:21:45,11.71,0.01,6,7024,买盘
1128,11:21:49,11.68,-0.03,28,32684,买盘
1129,11:21:55,11.67,-0.01,13,15177,卖盘
1130,11:21:58,11.7,0.03,7,8183,买盘
1131,11:22:06,11.66,-0.04,107,124807,卖盘
1132,11:22:13,11.66,0.0,30,34980,卖盘
1133,11:22:19,11.67,0.01,47,54810,买盘
1134,11:22:22,11.67,0.0,13,15171,卖盘
1135,11:22:24,11.66,-0.01,80,93294,卖盘
1136,11:22:30,11.66,0.0,36,42027,卖盘
1137,11:22:33,11.66,0.0,7,8156,买盘
1138,11:22:36,11.67,0.01,3,3501,卖盘
1139,11:22:39,11.66,-0.01,50,58303,卖盘
1140,11:22:42,11.65,-0.01,16,18650,卖盘
1141,11:22:46,11.67,0.02,2,2334,中性盘
1142,11:22:48,11.67,0.0,30,35010,卖盘
1143,11:22:54,11.7,0.03,7,8190,卖盘
1144,11:22:57,11.67,-0.03,27,31509,卖盘
1145,11:23:00,11.66,-0.01,5,5830,卖盘
1146,11:23:04,11.67,0.01,14,16338,买盘
1147,11:23:07,11.67,0.0,32,37344,买盘
1148,11:23:10,11.67,0.0,5,5835,买盘
1149,11:23:19,11.67,0.0,49,57183,买盘
1150,11:23:28,11.67,0.0,2,2334,买盘
1151,11:23:34,11.67,0.0,33,38491,买盘
1152,11:23:40,11.66,-0.01,1,1166,卖盘
1153,11:23:46,11.66,0.0,1,1166,卖盘
1154,11:23:49,11.66,0.0,18,21003,卖盘
1155,11:23:52,11.67,0.01,6,7002,买盘
1156,11:23:55,11.66,-0.01,3,3498,卖盘
1157,11:24:00,11.67,0.01,184,214550,买盘
1158,11:24:04,11.71,0.04,93,108635,买盘
1159,11:24:07,11.67,-0.04,31,36177,卖盘
1160,11:24:12,11.71,0.04,7,8193,买盘
1161,11:24:22,11.68,-0.03,9,10524,卖盘
1162,11:24:30,11.7,0.02,5,5850,买盘
1163,11:24:37,11.7,0.0,6,7020,买盘
1164,11:24:49,11.7,0.0,6,7020,买盘
1165,11:24:52,11.7,0.0,30,35100,买盘
1166,11:24:57,11.7,0.0,7,8190,买盘
1167,11:25:01,11.68,-0.02,11,12848,卖盘
1168,11:25:04,11.68,0.0,41,47887,买盘
1169,11:25:07,11.68,0.0,32,37376,买盘
1170,11:25:10,11.68,0.0,2,2336,买盘
1171,11:25:13,11.67,-0.01,4,4670,卖盘
1172,11:25:15,11.68,0.01,2,2336,买盘
1173,11:25:18,11.68,0.0,20,23359,买盘
1174,11:25:21,11.68,0.0,1,1168,买盘
1175,11:25:25,11.68,0.0,5,5839,买盘
1176,11:25:28,11.68,0.0,3,3504,卖盘
1177,11:25:34,11.7,0.02,3,3510,买盘
1178,11:25:39,11.69,-0.01,34,39812,卖盘
1179,11:26:00,11.69,0.0,12,14028,卖盘
1180,11:26:04,11.69,0.0,27,31563,买盘
1181,11:26:06,11.69,0.0,54,63123,买盘
1182,11:26:12,11.68,-0.01,33,38576,卖盘
1183,11:26:24,11.72,0.04,17,19916,买盘
1184,11:26:31,11.72,0.0,24,28116,卖盘
1185,11:26:40,11.72,0.0,6,7032,买盘
1186,11:26:52,11.72,0.0,9,10548,买盘
1187,11:26:54,11.7,-0.02,1,1170,卖盘
1188,11:27:01,11.7,0.0,15,17550,卖盘
1189,11:27:04,11.68,-0.02,42,49136,卖盘
1190,11:27:07,11.7,0.02,32,37440,买盘
1191,11:27:12,11.7,0.0,30,35100,买盘
1192,11:27:18,11.69,-0.01,2,2338,卖盘
1193,11:27:36,11.7,0.01,1,1170,卖盘
1194,11:27:46,11.7,0.0,3,3510,卖盘
1195,11:27:49,11.7,0.0,1,1170,卖盘
1196,11:27:52,11.7,0.0,9,10530,卖盘
1197,11:28:01,11.68,-0.02,66,77166,卖盘
1198,11:28:04,11.68,0.0,40,46720,买盘
1199,11:28:06,11.68,0.0,35,40880,买盘
1200,11:28:10,11.68,0.0,1,1168,中性盘
1201,11:28:19,11.67,-0.01,3,3501,卖盘
1202,11:28:28,11.68,0.01,3,3504,卖盘
1203,11:28:36,11.7,0.02,10,11700,买盘
1204,11:28:42,11.7,0.0,16,18720,买盘
1205,11:28:45,11.72,0.02,30,35144,买盘
1206,11:29:01,11.69,-0.03,5,5845,卖盘
1207,11:29:06,11.69,0.0,59,68954,买盘
1208,11:29:13,11.68,-0.01,1,1168,买盘
1209,11:29:16,11.67,-0.01,3,3501,卖盘
1210,11:29:19,11.68,0.01,4,4671,买盘
1211,11:29:33,11.69,0.01,30,35070,买盘
1212,11:29:40,11.68,-0.01,1,1168,卖盘
1213,11:29:42,11.69,0.01,23,26887,买盘
1214,11:29:49,11.68,-0.01,4,4672,买盘
1215,11:30:01,11.68,0.0,33,38554,卖盘
1216,11:30:03,11.68,0.0,13,15184,买盘
1217,13:00:04,11.67,-0.01,1,1167,卖盘
1218,13:00:07,11.67,0.0,46,53721,卖盘
1219,13:00:09,11.68,0.01,32,37376,买盘
1220,13:00:15,11.67,-0.01,5,5835,卖盘
1221,13:00:19,11.68,0.01,6,7008,买盘
1222,13:00:25,11.67,-0.01,23,26849,卖盘
1223,13:00:28,11.67,0.0,10,11670,卖盘
1224,13:00:31,11.67,0.0,5,5836,卖盘
1225,13:00:34,11.68,0.01,14,16352,买盘
1226,13:00:49,11.68,0.0,13,15184,买盘
1227,13:00:52,11.68,0.0,36,42043,买盘
1228,13:01:04,11.68,0.0,13,15184,买盘
1229,13:01:07,11.67,-0.01,4,4668,卖盘
1230,13:01:09,11.68,0.01,33,38544,买盘
1231,13:01:18,11.68,0.0,8,9342,买盘
1232,13:01:21,11.68,0.0,7,8176,卖盘
1233,13:01:24,11.68,0.0,1,1168,买盘
1234,13:01:27,11.67,-0.01,102,119038,卖盘
1235,13:01:33,11.67,0.0,10,11670,买盘
1236,13:01:40,11.7,0.03,29,33926,买盘
1237,13:01:46,11.69,-0.01,1,1169,中性盘
1238,13:01:51,11.67,-0.02,4,4668,卖盘
1239,13:02:10,11.69,0.02,27,31561,买盘
1240,13:02:15,11.69,0.0,10,11690,买盘
1241,13:02:18,11.69,0.0,9,10521,买盘
1242,13:02:22,11.69,0.0,3,3507,卖盘
1243,13:02:25,11.7,0.01,31,36270,买盘
1244,13:02:28,11.69,-0.01,8,9352,中性盘
1245,13:02:33,11.69,0.0,13,15197,买盘
1246,13:02:43,11.69,0.0,10,11690,买盘
1247,13:02:48,11.69,0.0,13,15197,买盘
1248,13:02:51,11.68,-0.01,4,4672,卖盘
1249,13:02:54,11.68,0.0,15,17520,卖盘
1250,13:02:57,11.68,0.0,15,17520,卖盘
1251,13:03:04,11.68,0.0,13,15184,买盘
1252,13:03:09,11.68,0.0,5,5840,买盘
1253,13:03:12,11.69,0.01,30,35070,买盘
1254,13:03:19,11.69,0.0,14,16366,买盘
1255,13:03:30,11.68,-0.01,40,46720,卖盘
1256,13:03:33,11.68,0.0,13,15184,买盘
1257,13:03:48,11.68,0.0,13,15184,买盘
1258,13:03:58,11.68,0.0,34,39708,买盘
1259,13:04:04,11.68,0.0,13,15184,买盘
1260,13:04:09,11.68,0.0,3,3504,中性盘
1261,13:04:19,11.69,0.01,3,3507,买盘
1262,13:04:22,11.69,0.0,10,11690,卖盘
1263,13:04:27,11.69,0.0,1,1169,买盘
1264,13:04:30,11.68,-0.01,32,37376,卖盘
1265,13:04:33,11.68,0.0,13,15184,买盘
1266,13:04:37,11.68,0.0,1,1168,买盘
1267,13:04:43,11.68,0.0,30,35040,买盘
1268,13:04:48,11.68,0.0,14,16352,买盘
1269,13:04:58,11.67,-0.01,4,4668,卖盘
1270,13:05:04,11.68,0.01,13,15184,买盘
1271,13:05:10,11.68,0.0,29,33872,买盘
1272,13:05:13,11.68,0.0,2,2336,卖盘
1273,13:05:15,11.68,0.0,1,1168,卖盘
1274,13:05:18,11.69,0.01,5,5845,买盘
1275,13:05:21,11.69,0.0,4,4676,卖盘
1276,13:05:24,11.7,0.01,4,4680,买盘
1277,13:05:28,11.69,-0.01,3,3507,卖盘
1278,13:05:31,11.69,0.0,30,35070,买盘
1279,13:05:49,11.69,0.0,32,37380,买盘
1280,13:05:58,11.67,-0.02,3,3501,卖盘
1281,13:06:04,11.68,0.01,2,2336,买盘
1282,13:06:15,11.69,0.01,30,35070,买盘
1283,13:06:19,11.69,0.0,14,16366,买盘
1284,13:06:21,11.69,0.0,12,14028,买盘
1285,13:06:27,11.69,0.0,1,1169,买盘
1286,13:06:30,11.68,-0.01,32,37376,卖盘
1287,13:06:33,11.68,0.0,48,56025,买盘
1288,13:06:55,11.67,-0.01,13,15171,卖盘
1289,13:07:04,11.67,0.0,43,50207,买盘
1290,13:07:18,11.68,0.01,13,15184,买盘
1291,13:07:27,11.67,-0.01,41,47847,卖盘
1292,13:07:33,11.67,0.0,14,16338,买盘
1293,13:07:49,11.67,0.0,43,50181,买盘
1294,13:07:54,11.66,-0.01,4,4664,卖盘
1295,13:07:57,11.67,0.01,2,2334,买盘
1296,13:08:04,11.67,0.0,11,12837,买盘
1297,13:08:12,11.66,-0.01,384,447786,卖盘
1298,13:08:16,11.66,0.0,10,11660,买盘
1299,13:08:19,11.66,0.0,13,15158,买盘
1300,13:08:22,11.65,-0.01,31,36115,卖盘
1301,13:08:24,11.66,0.01,3,3498,买盘
1302,13:08:28,11.65,-0.01,129,150305,卖盘
1303,13:08:34,11.66,0.01,13,15158,买盘
1304,13:08:37,11.66,0.0,30,34980,买盘
1305,13:08:49,11.66,0.0,313,364469,买盘
1306,13:08:58,11.65,-0.01,1,1165,买盘
1307,13:09:04,11.63,-0.02,13,15119,卖盘
1308,13:09:09,11.65,0.02,1,1165,买盘
1309,13:09:12,11.65,0.0,4,4660,买盘
1310,13:09:19,11.66,0.01,44,51263,买盘
1311,13:09:22,11.66,0.0,30,34976,买盘
1312,13:09:24,11.64,-0.02,5,5820,卖盘
1313,13:09:31,11.64,0.0,39,45396,卖盘
1314,13:09:34,11.64,0.0,18,20947,买盘
1315,13:09:43,11.64,0.0,10,11640,买盘
1316,13:09:46,11.64,0.0,21,24444,买盘
1317,13:09:49,11.64,0.0,13,15132,买盘
1318,13:09:52,11.63,-0.01,4,4652,卖盘
1319,13:10:04,11.64,0.01,13,15132,买盘
1320,13:10:06,11.62,-0.02,362,420793,卖盘
1321,13:10:09,11.62,0.0,32,37184,买盘
1322,13:10:19,11.62,0.0,13,15106,买盘
1323,13:10:22,11.62,0.0,54,62725,买盘
1324,13:10:25,11.62,0.0,72,83690,卖盘
1325,13:10:31,11.64,0.02,27,31428,卖盘
1326,13:10:33,11.63,-0.01,14,16282,买盘
1327,13:10:36,11.62,-0.01,60,69720,卖盘
1328,13:10:49,11.63,0.01,13,15119,买盘
1329,13:10:55,11.62,-0.01,34,39538,卖盘
1330,13:10:58,11.63,0.01,1,1163,买盘
1331,13:11:00,11.63,0.0,5,5815,买盘
1332,13:11:04,11.63,0.0,21,24423,买盘
1333,13:11:07,11.63,0.0,3,3489,卖盘
1334,13:11:18,11.65,0.02,13,15145,买盘
1335,13:11:21,11.65,0.0,13,15145,买盘
1336,13:11:31,11.64,-0.01,72,83808,卖盘
1337,13:11:33,11.64,0.0,31,36084,买盘
1338,13:11:39,11.65,0.01,31,36106,买盘
1339,13:11:54,11.65,0.0,12,13977,买盘
1340,13:12:01,11.65,0.0,1,1165,卖盘
1341,13:12:04,11.66,0.01,14,16323,买盘
1342,13:12:09,11.65,-0.01,1,1165,中性盘
1343,13:12:19,11.66,0.01,13,15158,买盘
1344,13:12:28,11.66,0.0,33,38478,买盘
1345,13:12:31,11.64,-0.02,39,45429,卖盘
1346,13:12:33,11.65,0.01,13,15145,买盘
1347,13:12:49,11.65,0.0,13,15145,买盘
1348,13:13:00,11.64,-0.01,3,3492,卖盘
1349,13:13:04,11.65,0.01,13,15145,买盘
1350,13:13:07,11.65,0.0,12,13980,买盘
1351,13:13:09,11.65,0.0,28,32620,买盘
1352,13:13:12,11.66,0.01,30,34980,买盘
1353,13:13:19,11.66,0.0,14,16324,买盘
1354,13:13:28,11.65,-0.01,9,10485,卖盘
1355,13:13:33,11.65,0.0,13,15145,买盘
1356,13:13:39,11.64,-0.01,9,10476,卖盘
1357,13:13:48,11.65,0.01,13,15145,买盘
1358,13:13:55,11.64,-0.01,4,4656,卖盘
1359,13:14:01,11.65,0.01,30,34950,买盘
1360,13:14:04,11.65,0.0,13,15145,买盘
1361,13:14:09,11.65,0.0,27,31455,买盘
1362,13:14:19,11.65,0.0,4,4660,买盘
1363,13:14:24,11.66,0.01,9,10491,买盘
1364,13:14:27,11.65,-0.01,5,5825,卖盘
1365,13:14:31,11.65,0.0,5,5825,买盘
1366,13:14:34,11.65,0.0,13,15145,买盘
1367,13:14:46,11.65,0.0,40,46600,买盘
1368,13:14:49,11.65,0.0,14,16310,买盘
1369,13:14:52,11.64,-0.01,20,23280,卖盘
1370,13:15:04,11.65,0.01,13,15145,买盘
1371,13:15:18,11.65,0.0,13,15145,买盘
1372,13:15:28,11.64,-0.01,36,41904,卖盘
1373,13:15:31,11.64,0.0,2,2328,买盘
1374,13:15:33,11.64,0.0,43,50052,买盘
1375,13:15:37,11.63,-0.01,4,4652,卖盘
1376,13:15:43,11.64,0.01,26,30243,买盘
1377,13:15:48,11.64,0.0,13,15132,买盘
1378,13:16:04,11.65,0.01,28,32607,买盘
1379,13:16:06,11.64,-0.01,3,3492,卖盘
1380,13:16:10,11.63,-0.01,21,24434,卖盘
1381,13:16:19,11.65,0.02,35,40775,买盘
1382,13:16:22,11.66,0.01,25,29145,买盘
1383,13:16:30,11.65,-0.01,12,13980,卖盘
1384,13:16:33,11.65,0.0,13,15145,买盘
1385,13:16:36,11.65,0.0,2,2330,买盘
1386,13:16:39,11.64,-0.01,25,29100,卖盘
1387,13:16:46,11.64,0.0,2,2328,卖盘
1388,13:16:49,11.65,0.01,13,15145,买盘
1389,13:16:58,11.64,-0.01,2,2328,卖盘
1390,13:17:01,11.65,0.01,23,26795,买盘
1391,13:17:04,11.65,0.0,43,50095,买盘
1392,13:17:07,11.64,-0.01,6,6984,卖盘
1393,13:17:09,11.63,-0.01,21,24435,卖盘
1394,13:17:16,11.63,0.0,3,3491,卖盘
1395,13:17:19,11.65,0.02,13,15145,买盘
1396,13:17:24,11.65,0.0,6,6990,买盘
1397,13:17:28,11.64,-0.01,2,2328,卖盘
1398,13:17:31,11.63,-0.01,123,143123,卖盘
1399,13:17:37,11.65,0.02,7,8155,卖盘
1400,13:17:40,11.63,-0.02,30,34943,卖盘
1401,13:17:43,11.66,0.03,3,3498,买盘
1402,13:17:46,11.64,-0.02,3,3492,中性盘
1403,13:17:51,11.66,0.02,30,34980,买盘
1404,13:17:58,11.66,0.0,10,11656,买盘
1405,13:18:01,11.66,0.0,4,4664,买盘
1406,13:18:04,11.66,0.0,23,26818,买盘
1407,13:18:06,11.66,0.0,51,59459,买盘
1408,13:18:10,11.66,0.0,55,64108,买盘
1409,13:18:12,11.66,0.0,78,90948,买盘
1410,13:18:16,11.65,-0.01,23,26815,卖盘
1411,13:18:19,11.66,0.01,57,66462,买盘
1412,13:18:22,11.66,0.0,44,51304,买盘
1413,13:18:28,11.66,0.0,2,2332,卖盘
1414,13:18:31,11.66,0.0,80,93281,卖盘
1415,13:18:34,11.66,0.0,13,15158,买盘
1416,13:18:37,11.69,0.03,40,46637,买盘
1417,13:18:39,11.65,-0.04,21,24470,卖盘
1418,13:18:46,11.65,0.0,3,3495,卖盘
1419,13:18:55,11.65,0.0,14,16323,卖盘
1420,13:19:01,11.66,0.01,7,8162,买盘
1421,13:19:04,11.66,0.0,14,16324,买盘
1422,13:19:07,11.65,-0.01,5,5825,卖盘
1423,13:19:10,11.65,0.0,21,24465,卖盘
1424,13:19:18,11.66,0.01,53,61758,买盘
1425,13:19:21,11.65,-0.01,11,12815,卖盘
1426,13:19:24,11.66,0.01,29,33795,买盘
1427,13:19:28,11.64,-0.02,20,23280,卖盘
1428,13:19:31,11.64,0.0,10,11640,卖盘
1429,13:19:34,11.64,0.0,15,17460,买盘
1430,13:19:37,11.63,-0.01,36,41898,卖盘
1431,13:19:40,11.63,0.0,21,24423,卖盘
1432,13:19:46,11.63,0.0,2,2326,卖盘
1433,13:19:49,11.64,0.01,13,15132,买盘
1434,13:19:58,11.63,-0.01,3,3489,卖盘
1435,13:20:04,11.64,0.01,13,15132,买盘
1436,13:20:06,11.63,-0.01,7,8141,卖盘
1437,13:20:09,11.63,0.0,83,96559,卖盘
1438,13:20:13,11.64,0.01,6,6984,买盘
1439,13:20:16,11.63,-0.01,2,2326,卖盘
1440,13:20:18,11.64,0.01,46,53544,买盘
1441,13:20:22,11.63,-0.01,43,50009,卖盘
1442,13:20:28,11.64,0.01,8,9309,买盘
1443,13:20:30,11.64,0.0,10,11640,买盘
1444,13:20:34,11.64,0.0,15,17457,买盘
1445,13:20:37,11.63,-0.01,67,77927,卖盘
1446,13:20:40,11.63,0.0,21,24423,卖盘
1447,13:20:49,11.64,0.01,2,2328,买盘
1448,13:20:52,11.64,0.0,8,9312,卖盘
1449,13:20:57,11.64,0.0,33,38470,卖盘
1450,13:21:06,11.65,0.01,7,8155,卖盘
1451,13:21:09,11.65,0.0,31,36071,卖盘
1452,13:21:13,11.64,-0.01,6,6989,中性盘
1453,13:21:16,11.64,0.0,6,6984,买盘
1454,13:21:18,11.64,0.0,13,15132,买盘
1455,13:21:27,11.63,-0.01,3,3489,卖盘
1456,13:21:34,11.64,0.01,13,15132,买盘
1457,13:21:37,11.63,-0.01,18,20934,卖盘
1458,13:21:40,11.63,0.0,21,24423,卖盘
1459,13:21:42,11.65,0.02,30,34932,买盘
1460,13:21:46,11.64,-0.01,2,2328,卖盘
1461,13:21:48,11.65,0.01,6,6990,买盘
1462,13:21:58,11.66,0.01,7,8159,买盘
1463,13:22:04,11.64,-0.02,18,20952,卖盘
1464,13:22:10,11.63,-0.01,21,24423,卖盘
1465,13:22:13,11.63,0.0,31,36053,卖盘
1466,13:22:16,11.63,0.0,2,2326,卖盘
1467,13:22:18,11.64,0.01,13,15132,买盘
1468,13:22:22,11.64,0.0,6,6984,买盘
1469,13:22:27,11.65,0.01,16,18628,买盘
1470,13:22:34,11.66,0.01,15,17486,买盘
1471,13:22:37,11.65,-0.01,14,16312,卖盘
1472,13:22:40,11.63,-0.02,22,25588,卖盘
1473,13:22:45,11.64,0.01,1,1164,中性盘
1474,13:22:49,11.64,0.0,1,1164,买盘
1475,13:22:55,11.63,-0.01,50,58162,卖盘
1476,13:22:58,11.64,0.01,3,3492,中性盘
1477,13:23:04,11.65,0.01,5,5825,买盘
1478,13:23:06,11.64,-0.01,12,13976,卖盘
1479,13:23:10,11.62,-0.02,26,30231,卖盘
1480,13:23:16,11.65,0.03,30,34950,买盘
1481,13:23:24,11.64,-0.01,15,17450,买盘
1482,13:23:27,11.64,0.0,3,3492,卖盘
1483,13:23:30,11.65,0.01,3,3495,买盘
1484,13:23:33,11.65,0.0,4,4660,卖盘
1485,13:23:40,11.62,-0.03,22,25568,卖盘
1486,13:23:46,11.65,0.03,50,58178,买盘
1487,13:24:00,11.66,0.01,30,34954,买盘
1488,13:24:10,11.64,-0.02,39,45396,卖盘
1489,13:24:15,11.63,-0.01,2,2326,卖盘
1490,13:24:18,11.64,0.01,13,15132,买盘
1491,13:24:28,11.64,0.0,20,23280,中性盘
1492,13:24:33,11.64,0.0,57,66277,买盘
1493,13:24:39,11.62,-0.02,21,24402,卖盘
1494,13:24:43,11.63,0.01,10,11630,买盘
1495,13:24:46,11.62,-0.01,3,3487,卖盘
1496,13:24:49,11.66,0.04,30,34980,买盘
1497,13:25:10,11.63,-0.03,32,37216,卖盘
1498,13:25:13,11.63,0.0,14,16282,买盘
1499,13:25:16,11.62,-0.01,2,2324,卖盘
1500,13:25:19,11.63,0.01,8,9304,买盘
1501,13:25:22,11.62,-0.01,49,56956,卖盘
1502,13:25:33,11.65,0.03,30,34930,买盘
1503,13:25:37,11.63,-0.02,6,6978,卖盘
1504,13:25:40,11.63,0.0,25,29075,卖盘
1505,13:25:43,11.66,0.03,6,6996,买盘
1506,13:25:57,11.64,-0.02,3,3492,卖盘
1507,13:26:04,11.65,0.01,5,5825,买盘
1508,13:26:07,11.65,0.0,21,24465,卖盘
1509,13:26:10,11.62,-0.03,22,25589,卖盘
1510,13:26:12,11.65,0.03,8,9320,买盘
1511,13:26:21,11.64,-0.01,36,41904,买盘
1512,13:26:27,11.64,0.0,14,16293,买盘
1513,13:26:37,11.63,-0.01,13,15119,卖盘
1514,13:26:39,11.62,-0.01,22,25564,卖盘
1515,13:26:43,11.62,0.0,19,22078,卖盘
1516,13:26:46,11.63,0.01,15,17436,买盘
1517,13:26:55,11.64,0.01,15,17456,买盘
1518,13:27:01,11.63,-0.01,12,13956,买盘
1519,13:27:04,11.62,-0.01,64,74368,卖盘
1520,13:27:06,11.64,0.02,30,34920,买盘
1521,13:27:09,11.62,-0.02,34,39521,卖盘
1522,13:27:13,11.63,0.01,7,8141,买盘
1523,13:27:16,11.62,-0.01,2,2324,卖盘
1524,13:27:18,11.63,0.01,13,15119,买盘
1525,13:27:21,11.62,-0.01,52,60424,卖盘
1526,13:27:28,11.62,0.0,3,3486,卖盘
1527,13:27:33,11.63,0.01,13,15119,买盘
1528,13:27:37,11.62,-0.01,7,8134,卖盘
1529,13:27:40,11.61,-0.01,21,24385,卖盘
1530,13:27:43,11.62,0.01,1,1162,中性盘
1531,13:27:49,11.62,0.0,34,39498,买盘
1532,13:27:52,11.61,-0.01,49,56889,卖盘
1533,13:27:55,11.63,0.02,30,34888,买盘
1534,13:27:57,11.61,-0.02,3,3483,卖盘
1535,13:28:04,11.63,0.02,25,29043,买盘
1536,13:28:07,11.63,0.0,7,8141,卖盘
1537,13:28:10,11.61,-0.02,22,25562,卖盘
1538,13:28:13,11.61,0.0,2,2322,卖盘
1539,13:28:16,11.63,0.02,2,2326,买盘
1540,13:28:25,11.63,0.0,7,8136,买盘
1541,13:28:27,11.62,-0.01,9,10466,卖盘
1542,13:28:33,11.62,0.0,2,2324,买盘
1543,13:28:37,11.61,-0.01,17,19748,卖盘
1544,13:28:40,11.61,0.0,51,59262,卖盘
1545,13:28:43,11.61,0.0,43,49923,卖盘
1546,13:28:49,11.62,0.01,2,2324,买盘
1547,13:28:57,11.63,0.01,4,4649,买盘
1548,13:29:07,11.63,0.0,7,8141,卖盘
1549,13:29:10,11.62,-0.01,22,25564,卖盘
1550,13:29:16,11.62,0.0,2,2324,卖盘
1551,13:29:19,11.63,0.01,35,40705,买盘
1552,13:29:22,11.63,0.0,6,6978,买盘
1553,13:29:24,11.64,0.01,102,118528,买盘
1554,13:29:27,11.64,0.0,3,3492,卖盘
1555,13:29:30,11.64,0.0,1,1164,卖盘
1556,13:29:33,11.64,0.0,50,58053,买盘
1557,13:29:36,11.65,0.01,12,13980,卖盘
1558,13:29:40,11.63,-0.02,29,33685,买盘
1559,13:29:48,11.63,0.0,1,1163,买盘
1560,13:29:57,11.63,0.0,4,4649,买盘
1561,13:30:07,11.63,0.0,9,10467,卖盘
1562,13:30:10,11.63,0.0,51,59280,买盘
1563,13:30:13,11.64,0.01,30,34897,买盘
1564,13:30:16,11.61,-0.03,7,8127,卖盘
1565,13:30:19,11.62,0.01,2,2324,买盘
1566,13:30:24,11.61,-0.01,38,44150,卖盘
1567,13:30:37,11.63,0.02,12,13956,卖盘
1568,13:30:39,11.61,-0.02,23,26710,卖盘
1569,13:30:46,11.62,0.01,6,6972,卖盘
1570,13:30:49,11.63,0.01,3,3489,买盘
1571,13:30:57,11.65,0.02,40,46576,买盘
1572,13:31:07,11.64,-0.01,13,15132,卖盘
1573,13:31:09,11.62,-0.02,44,51177,卖盘
1574,13:31:12,11.62,0.0,46,53456,卖盘
1575,13:31:19,11.63,0.01,2,2326,买盘
1576,13:31:28,11.63,0.0,11,12793,卖盘
1577,13:31:31,11.64,0.01,7,8146,买盘
1578,13:31:36,11.63,-0.01,10,11630,买盘
1579,13:31:40,11.62,-0.01,21,24405,卖盘
1580,13:31:46,11.65,0.03,30,34926,买盘
1581,13:31:49,11.63,-0.02,2,2326,买盘
1582,13:32:00,11.63,0.0,5,5815,卖盘
1583,13:32:03,11.64,0.01,53,61598,买盘
1584,13:32:06,11.64,0.0,11,12804,卖盘
1585,13:32:09,11.62,-0.02,22,25564,卖盘
1586,13:32:13,11.63,0.01,8,9304,买盘
1587,13:32:16,11.62,-0.01,2,2324,卖盘
1588,13:32:19,11.63,0.01,10,11630,买盘
1589,13:32:25,11.63,0.0,23,26749,卖盘
1590,13:32:31,11.64,0.01,30,34909,买盘
1591,13:32:37,11.63,-0.01,7,8141,卖盘
1592,13:32:39,11.62,-0.01,29,33728,卖盘
1593,13:32:42,11.64,0.02,12,13968,买盘
1594,13:32:46,11.64,0.0,20,23280,卖盘
1595,13:32:48,11.65,0.01,13,15140,买盘
1596,13:32:51,11.62,-0.03,39,45318,卖盘
1597,13:33:06,11.63,0.01,7,8141,中性盘
1598,13:33:09,11.62,-0.01,26,30212,卖盘
1599,13:33:16,11.61,-0.01,2,2322,卖盘
1600,13:33:18,11.62,0.01,30,34860,买盘
1601,13:33:24,11.63,0.01,6,6977,买盘
1602,13:33:27,11.63,0.0,3,3489,卖盘
1603,13:33:31,11.63,0.0,6,6978,卖盘
1604,13:33:33,11.64,0.01,15,17455,买盘
1605,13:33:37,11.63,-0.01,6,6978,中性盘
1606,13:33:40,11.61,-0.02,21,24382,卖盘
1607,13:33:42,11.61,0.0,51,59211,卖盘
1608,13:33:46,11.61,0.0,2,2322,卖盘
1609,13:33:49,11.62,0.01,18,20915,买盘
1610,13:33:57,11.62,0.0,4,4648,卖盘
1611,13:34:04,11.62,0.0,32,37237,卖盘
1612,13:34:07,11.63,0.01,13,15119,卖盘
1613,13:34:10,11.61,-0.02,27,31353,卖盘
1614,13:34:13,11.62,0.01,64,74368,中性盘
1615,13:34:16,11.62,0.0,6,6972,中性盘
1616,13:34:19,11.62,0.0,13,15106,买盘
1617,13:34:28,11.61,-0.01,10,11617,卖盘
1618,13:34:34,11.62,0.01,41,47602,买盘
1619,13:34:37,11.62,0.0,6,6972,卖盘
1620,13:34:40,11.61,-0.01,29,33681,卖盘
1621,13:34:43,11.63,0.02,1,1163,买盘
1622,13:34:49,11.63,0.0,255,296021,买盘
1623,13:34:52,11.62,-0.01,14,16268,卖盘
1624,13:34:57,11.62,0.0,6,6968,买盘
1625,13:35:04,11.6,-0.02,30,34813,卖盘
1626,13:35:06,11.62,0.02,12,13937,买盘
1627,13:35:09,11.6,-0.02,21,24360,卖盘
1628,13:35:13,11.6,0.0,32,37120,卖盘
1629,13:35:16,11.61,0.01,7,8127,卖盘
1630,13:35:19,11.62,0.01,23,26708,买盘
1631,13:35:22,11.6,-0.02,7,8124,卖盘
1632,13:35:25,11.62,0.02,63,73100,买盘
1633,13:35:28,11.6,-0.02,37,42920,卖盘
1634,13:35:31,11.6,0.0,19,22040,卖盘
1635,13:35:33,11.61,0.01,40,46402,买盘
1636,13:35:37,11.6,-0.01,452,524361,卖盘
1637,13:35:40,11.58,-0.02,84,97344,卖盘
1638,13:35:43,11.58,0.0,120,138984,卖盘
1639,13:35:46,11.56,-0.02,142,164331,卖盘
1640,13:35:48,11.57,0.01,55,63593,买盘
1641,13:35:52,11.55,-0.02,91,105155,卖盘
1642,13:35:55,11.55,0.0,18,20790,卖盘
1643,13:35:57,11.55,0.0,88,101640,卖盘
1644,13:36:00,11.56,0.01,33,38123,买盘
1645,13:36:03,11.56,0.0,72,83180,买盘
1646,13:36:09,11.53,-0.03,21,24215,卖盘
1647,13:36:13,11.53,0.0,51,58803,卖盘
1648,13:36:16,11.54,0.01,11,12692,买盘
1649,13:36:19,11.54,0.0,17,19615,买盘
1650,13:36:22,11.55,0.01,30,34634,买盘
1651,13:36:25,11.54,-0.01,16,18464,中性盘
1652,13:36:28,11.54,0.0,2,2308,卖盘
1653,13:36:31,11.55,0.01,7,8085,买盘
1654,13:36:34,11.55,0.0,13,15015,买盘
1655,13:36:37,11.54,-0.01,22,25402,卖盘
1656,13:36:40,11.55,0.01,38,43869,买盘
1657,13:36:43,11.55,0.0,1,1155,买盘
1658,13:36:46,11.54,-0.01,58,67021,卖盘
1659,13:36:49,11.57,0.03,6,6942,买盘
1660,13:36:51,11.57,0.0,2,2314,卖盘
1661,13:36:54,11.58,0.01,9,10404,买盘
1662,13:36:57,11.57,-0.01,10,11578,卖盘
1663,13:37:04,11.55,-0.02,69,79771,卖盘
1664,13:37:06,11.57,0.02,8,9256,买盘
1665,13:37:10,11.55,-0.02,57,65908,卖盘
1666,13:37:13,11.55,0.0,25,28888,卖盘
1667,13:37:16,11.56,0.01,22,25432,买盘
1668,13:37:19,11.57,0.01,5,5785,买盘
1669,13:37:22,11.56,-0.01,4,4624,卖盘
1670,13:37:25,11.57,0.01,14,16192,买盘
1671,13:37:28,11.56,-0.01,2,2312,卖盘
1672,13:37:34,11.57,0.01,13,15041,买盘
1673,13:37:37,11.56,-0.01,23,26601,卖盘
1674,13:37:40,11.56,0.0,22,25432,卖盘
1675,13:37:46,11.56,0.0,2,2312,卖盘
1676,13:37:49,11.56,0.0,14,16184,买盘
1677,13:37:52,11.55,-0.01,1,1155,卖盘
1678,13:37:55,11.56,0.01,95,109761,买盘
1679,13:37:57,11.55,-0.01,2,2310,卖盘
1680,13:38:04,11.56,0.01,152,175513,买盘
1681,13:38:07,11.55,-0.01,5,5775,中性盘
1682,13:38:10,11.54,-0.01,53,61162,卖盘
1683,13:38:13,11.55,0.01,10,11550,买盘
1684,13:38:16,11.54,-0.01,2,2308,卖盘
1685,13:38:19,11.55,0.01,1,1155,买盘
1686,13:38:24,11.54,-0.01,24,27722,卖盘
1687,13:38:28,11.55,0.01,10,11550,买盘
1688,13:38:30,11.55,0.0,16,18480,卖盘
1689,13:38:33,11.56,0.01,37,42748,买盘
1690,13:38:37,11.55,-0.01,7,8085,卖盘
1691,13:38:40,11.54,-0.01,21,24234,卖盘
1692,13:38:42,11.54,0.0,61,70449,卖盘
1693,13:38:48,11.54,0.0,13,15002,买盘
1694,13:38:51,11.54,0.0,10,11540,买盘
1695,13:38:54,11.54,0.0,1,1154,卖盘
1696,13:38:58,11.54,0.0,2,2308,卖盘
1697,13:39:01,11.54,0.0,5,5770,卖盘
1698,13:39:04,11.53,-0.01,124,142985,卖盘
1699,13:39:06,11.53,0.0,10,11530,买盘
1700,13:39:09,11.52,-0.01,84,96815,卖盘
1701,13:39:16,11.5,-0.02,422,486152,卖盘
1702,13:39:19,11.53,0.03,2,2306,买盘
1703,13:39:22,11.53,0.0,21,24227,卖盘
1704,13:39:25,11.52,-0.01,3,3456,买盘
1705,13:39:28,11.52,0.0,35,40378,卖盘
1706,13:39:31,11.5,-0.02,93,106956,卖盘
1707,13:39:34,11.53,0.03,295,339293,买盘
1708,13:39:37,11.51,-0.02,31,35730,卖盘
1709,13:39:39,11.5,-0.01,23,26455,卖盘
1710,13:39:42,11.52,0.02,2,2304,买盘
1711,13:39:46,11.51,-0.01,12,13814,卖盘
1712,13:39:49,11.51,0.0,2,2302,买盘
1713,13:39:52,11.5,-0.01,21,24183,卖盘
1714,13:39:58,11.51,0.01,2,2302,卖盘
1715,13:40:04,11.51,0.0,43,49522,卖盘
1716,13:40:06,11.52,0.01,11,12672,卖盘
1717,13:40:10,11.51,-0.01,30,34535,卖盘
1718,13:40:13,11.54,0.03,36,41480,买盘
1719,13:40:15,11.51,-0.03,2,2302,卖盘
1720,13:40:22,11.51,0.0,45,51818,卖盘
1721,13:40:30,11.54,0.03,10,11538,买盘
1722,13:40:37,11.52,-0.02,100,115214,卖盘
1723,13:40:40,11.52,0.0,25,28800,卖盘
1724,13:40:43,11.53,0.01,1,1153,买盘
1725,13:40:45,11.52,-0.01,2,2304,卖盘
1726,13:40:49,11.53,0.01,13,14989,买盘
1727,13:40:52,11.52,-0.01,20,23040,卖盘
1728,13:40:55,11.53,0.01,10,11530,买盘
1729,13:40:58,11.52,-0.01,2,2304,卖盘
1730,13:41:01,11.53,0.01,37,42661,买盘
1731,13:41:04,11.52,-0.01,13,14988,卖盘
1732,13:41:07,11.54,0.02,23,26523,买盘
1733,13:41:09,11.52,-0.02,32,36869,卖盘
1734,13:41:13,11.52,0.0,38,43776,卖盘
1735,13:41:15,11.52,0.0,29,33435,中性盘
1736,13:41:18,11.53,0.01,2,2306,买盘
1737,13:41:21,11.53,0.0,2,2306,买盘
1738,13:41:27,11.53,0.0,11,12683,卖盘
1739,13:41:34,11.54,0.01,13,15002,买盘
1740,13:41:37,11.53,-0.01,21,24226,卖盘
1741,13:41:39,11.53,0.0,24,27672,卖盘
1742,13:41:43,11.53,0.0,3,3459,卖盘
1743,13:41:45,11.55,0.02,32,36942,买盘
1744,13:41:54,11.54,-0.01,24,27719,卖盘
1745,13:41:58,11.54,0.0,21,24246,卖盘
1746,13:42:01,11.53,-0.01,21,24214,卖盘
1747,13:42:04,11.53,0.0,34,39202,买盘
1748,13:42:07,11.52,-0.01,11,12675,卖盘
1749,13:42:10,11.52,0.0,38,43790,卖盘
1750,13:42:12,11.53,0.01,47,54157,买盘
1751,13:42:15,11.52,-0.01,2,2304,卖盘
1752,13:42:18,11.53,0.01,14,16141,买盘
1753,13:42:22,11.53,0.0,1,1153,买盘
1754,13:42:28,11.52,-0.01,14,16136,卖盘
1755,13:42:31,11.53,0.01,20,23060,买盘
1756,13:42:34,11.53,0.0,43,49579,买盘
1757,13:42:37,11.52,-0.01,8,9216,卖盘
1758,13:42:40,11.51,-0.01,91,104770,卖盘
1759,13:42:43,11.51,0.0,20,23020,卖盘
1760,13:42:45,11.51,0.0,20,23038,卖盘
1761,13:42:49,11.52,0.01,56,64462,买盘
1762,13:42:52,11.52,0.0,9,10368,卖盘
1763,13:42:55,11.51,-0.01,51,58703,卖盘
1764,13:43:00,11.52,0.01,5,5760,买盘
1765,13:43:04,11.51,-0.01,3,3453,卖盘
1766,13:43:06,11.52,0.01,13,14976,卖盘
1767,13:43:09,11.51,-0.01,25,28775,卖盘
1768,13:43:12,11.51,0.0,55,63305,卖盘
1769,13:43:15,11.52,0.01,16,18421,买盘
1770,13:43:18,11.52,0.0,56,64503,买盘
1771,13:43:22,11.52,0.0,33,38016,买盘
1772,13:43:24,11.52,0.0,3,3456,卖盘
1773,13:43:27,11.53,0.01,32,36872,买盘
1774,13:43:31,11.52,-0.01,27,31104,中性盘
1775,13:43:34,11.51,-0.01,7,8059,卖盘
1776,13:43:37,11.52,0.01,14,16128,卖盘
1777,13:43:40,11.5,-0.02,23,26466,卖盘
1778,13:43:42,11.51,0.01,18,20718,中性盘
1779,13:43:45,11.52,0.01,45,51815,买盘
1780,13:43:48,11.51,-0.01,14,16115,中性盘
1781,13:43:58,11.52,0.01,118,135718,买盘
1782,13:44:04,11.53,0.01,52,59917,买盘
1783,13:44:07,11.52,-0.01,50,57628,卖盘
1784,13:44:09,11.5,-0.02,21,24153,卖盘
1785,13:44:16,11.51,0.01,4,4604,买盘
1786,13:44:24,11.51,0.0,22,25322,卖盘
1787,13:44:28,11.51,0.0,1,1151,中性盘
1788,13:44:34,11.51,0.0,71,81677,买盘
1789,13:44:37,11.51,0.0,148,170295,买盘
1790,13:44:40,11.5,-0.01,91,104690,卖盘
1791,13:44:45,11.51,0.01,93,107041,买盘
1792,13:44:52,11.52,0.01,42,48372,买盘
1793,13:44:55,11.51,-0.01,1,1151,卖盘
1794,13:44:58,11.52,0.01,9,10366,买盘
1795,13:45:01,11.5,-0.02,36,41415,卖盘
1796,13:45:04,11.51,0.01,16,18414,中性盘
1797,13:45:06,11.51,0.0,9,10359,买盘
1798,13:45:10,11.5,-0.01,30,34500,卖盘
1799,13:45:13,11.51,0.01,26,29901,买盘
1800,13:45:16,11.5,-0.01,9,10351,卖盘
1801,13:45:18,11.5,0.0,54,62105,卖盘
1802,13:45:21,11.5,0.0,35,40268,卖盘
1803,13:45:24,11.5,0.0,64,73600,卖盘
1804,13:45:27,11.5,0.0,15,17252,卖盘
1805,13:45:31,11.5,0.0,34,39100,卖盘
1806,13:45:33,11.51,0.01,181,208159,买盘
1807,13:45:36,11.49,-0.02,38,43700,卖盘
1808,13:45:40,11.49,0.0,67,77037,卖盘
1809,13:45:43,11.49,0.0,79,90159,卖盘
1810,13:45:46,11.48,-0.01,34,39702,卖盘
1811,13:45:49,11.48,0.0,17,19527,卖盘
1812,13:45:52,11.48,0.0,17,19531,卖盘
1813,13:45:55,11.48,0.0,13,14924,卖盘
1814,13:45:57,11.48,0.0,13,14924,卖盘
1815,13:46:01,11.48,0.0,10,11482,卖盘
1816,13:46:04,11.49,0.01,15,17229,买盘
1817,13:46:06,11.48,-0.01,24,27556,卖盘
1818,13:46:10,11.48,0.0,34,38411,卖盘
1819,13:46:15,11.48,0.0,10,11478,买盘
1820,13:46:19,11.48,0.0,14,16072,买盘
1821,13:46:22,11.47,-0.01,16,18352,卖盘
1822,13:46:25,11.48,0.01,30,34422,买盘
1823,13:46:28,11.48,0.0,16,18364,买盘
1824,13:46:33,11.47,-0.01,148,169514,买盘
1825,13:46:37,11.46,-0.01,38,43560,卖盘
1826,13:46:40,11.45,-0.01,21,24045,卖盘
1827,13:46:43,11.46,0.01,12,13752,买盘
1828,13:46:46,11.46,0.0,2,2292,卖盘
1829,13:46:51,11.48,0.02,1,1148,买盘
1830,13:46:58,11.47,-0.01,23,26388,卖盘
1831,13:47:01,11.47,0.0,1,1147,买盘
1832,13:47:04,11.46,-0.01,73,83668,卖盘
1833,13:47:07,11.46,0.0,4,4584,买盘
1834,13:47:09,11.46,0.0,87,99647,买盘
1835,13:47:15,11.45,-0.01,11,12604,卖盘
1836,13:47:18,11.45,0.0,20,22900,卖盘
1837,13:47:22,11.46,0.01,13,14898,买盘
1838,13:47:25,11.46,0.0,4,4584,买盘
1839,13:47:28,11.45,-0.01,2,2290,卖盘
1840,13:47:33,11.46,0.01,15,17188,买盘
1841,13:47:37,11.45,-0.01,9,10306,卖盘
1842,13:47:40,11.45,0.0,41,46955,卖盘
1843,13:47:42,11.46,0.01,108,123683,买盘
1844,13:47:46,11.45,-0.01,6,6874,卖盘
1845,13:47:49,11.46,0.01,14,16044,买盘
1846,13:47:55,11.44,-0.02,50,58185,卖盘
1847,13:47:58,11.46,0.02,32,36670,买盘
1848,13:48:00,11.46,0.0,20,22920,买盘
1849,13:48:04,11.46,0.0,88,100848,买盘
1850,13:48:06,11.45,-0.01,44,50406,卖盘
1851,13:48:09,11.44,-0.01,40,45792,卖盘
1852,13:48:13,11.47,0.03,73,83671,买盘
1853,13:48:15,11.47,0.0,2,2294,卖盘
1854,13:48:19,11.48,0.01,13,14924,买盘
1855,13:48:28,11.47,-0.01,2,2294,卖盘
1856,13:48:40,11.47,0.0,22,25254,卖盘
1857,13:48:43,11.47,0.0,70,80372,卖盘
1858,13:48:46,11.49,0.02,17,19530,买盘
1859,13:48:49,11.49,0.0,1,1149,卖盘
1860,13:48:58,11.49,0.0,2,2298,卖盘
1861,13:49:01,11.5,0.01,1,1150,买盘
1862,13:49:04,11.5,0.0,18,20700,买盘
1863,13:49:06,11.5,0.0,22,25297,买盘
1864,13:49:10,11.5,0.0,30,34428,买盘
1865,13:49:13,11.49,-0.01,11,12639,中性盘
1866,13:49:15,11.49,0.0,1,1149,买盘
1867,13:49:18,11.49,0.0,2,2298,买盘
1868,13:49:22,11.49,0.0,2,2298,买盘
1869,13:49:25,11.49,0.0,11,12639,买盘
1870,13:49:31,11.47,-0.02,46,52841,卖盘
1871,13:49:33,11.46,-0.01,51,58446,卖盘
1872,13:49:37,11.47,0.01,76,87164,买盘
1873,13:49:39,11.46,-0.01,21,24066,卖盘
1874,13:49:45,11.45,-0.01,256,293155,卖盘
1875,13:49:48,11.47,0.02,10,11469,买盘
1876,13:49:55,11.47,0.0,10,11490,卖盘
1877,13:49:58,11.5,0.03,1,1150,中性盘
1878,13:50:06,11.5,0.0,1,1150,买盘
1879,13:50:10,11.47,-0.03,21,24087,卖盘
1880,13:50:13,11.49,0.02,34,39000,买盘
1881,13:50:15,11.5,0.01,30,34493,买盘
1882,13:50:22,11.48,-0.02,2,2296,买盘
1883,13:50:25,11.47,-0.01,110,126181,卖盘
1884,13:50:28,11.47,0.0,5,5735,买盘
1885,13:50:31,11.46,-0.01,28,32115,卖盘
1886,13:50:33,11.47,0.01,40,45880,买盘
1887,13:50:36,11.47,0.0,13,14903,买盘
1888,13:50:40,11.45,-0.02,21,24045,卖盘
1889,13:50:46,11.46,0.01,1,1146,中性盘
1890,13:50:49,11.46,0.0,11,12596,买盘
1891,13:50:52,11.46,0.0,12,13752,卖盘
1892,13:50:55,11.47,0.01,22,25233,买盘
1893,13:50:58,11.46,-0.01,2,2292,卖盘
1894,13:51:04,11.47,0.01,53,60781,买盘
1895,13:51:06,11.47,0.0,33,37828,买盘
1896,13:51:09,11.45,-0.02,21,24058,卖盘
1897,13:51:12,11.45,0.0,45,51526,卖盘
1898,13:51:19,11.46,0.01,13,14898,买盘
1899,13:51:22,11.46,0.0,8,9168,买盘
1900,13:51:25,11.47,0.01,137,157128,买盘
1901,13:51:27,11.45,-0.02,2,2290,卖盘
1902,13:51:37,11.46,0.01,8,9168,卖盘
1903,13:51:40,11.45,-0.01,26,29796,卖盘
1904,13:51:43,11.45,0.0,86,98470,卖盘
1905,13:51:46,11.45,0.0,13,14877,买盘
1906,13:51:49,11.49,0.04,46,52828,买盘
1907,13:51:55,11.47,-0.02,10,11470,卖盘
1908,13:52:04,11.47,0.0,62,71133,卖盘
1909,13:52:06,11.48,0.01,7,8036,卖盘
1910,13:52:10,11.48,0.0,27,30995,卖盘
1911,13:52:13,11.48,0.0,2,2296,买盘
1912,13:52:16,11.47,-0.01,2,2294,卖盘
1913,13:52:19,11.48,0.01,13,14924,买盘
1914,13:52:27,11.48,0.0,3,3442,买盘
1915,13:52:31,11.48,0.0,1,1148,买盘
1916,13:52:33,11.48,0.0,46,52808,买盘
1917,13:52:36,11.47,-0.01,41,47032,卖盘
1918,13:52:39,11.46,-0.01,21,24066,卖盘
1919,13:52:42,11.47,0.01,49,56203,买盘
1920,13:52:46,11.46,-0.01,11,12614,卖盘
1921,13:52:52,11.46,0.0,150,172013,卖盘
1922,13:52:55,11.47,0.01,22,25234,买盘
1923,13:52:58,11.46,-0.01,2,2292,卖盘
1924,13:53:01,11.47,0.01,39,44733,买盘
1925,13:53:04,11.47,0.0,13,14911,买盘
1926,13:53:06,11.46,-0.01,7,8022,卖盘
1927,13:53:10,11.46,0.0,55,63030,卖盘
1928,13:53:13,11.47,0.01,4,4588,买盘
1929,13:53:16,11.46,-0.01,3,3438,卖盘
1930,13:53:19,11.47,0.01,13,14911,买盘
1931,13:53:22,11.48,0.01,30,34414,买盘
1932,13:53:28,11.47,-0.01,2,2294,中性盘
1933,13:53:33,11.48,0.01,8,9184,买盘
1934,13:53:37,11.48,0.0,7,8036,卖盘
1935,13:53:40,11.48,0.0,21,24108,卖盘
1936,13:53:43,11.47,-0.01,29,33275,卖盘
1937,13:53:48,11.47,0.0,13,14911,买盘
1938,13:53:51,11.47,0.0,82,93980,买盘
1939,13:53:58,11.47,0.0,2,2294,卖盘
1940,13:54:04,11.48,0.01,10,11480,买盘
1941,13:54:07,11.49,0.01,12,13777,买盘
1942,13:54:10,11.49,0.0,22,25278,卖盘
1943,13:54:13,11.48,-0.01,11,12629,卖盘
1944,13:54:15,11.48,0.0,10,11480,买盘
1945,13:54:18,11.48,0.0,20,22960,买盘
1946,13:54:22,11.48,0.0,14,16072,买盘
1947,13:54:28,11.47,-0.01,62,71114,卖盘
1948,13:54:33,11.48,0.01,51,58510,买盘
1949,13:54:37,11.47,-0.01,7,8029,卖盘
1950,13:54:40,11.47,0.0,21,24087,卖盘
1951,13:54:43,11.48,0.01,18,20664,买盘
1952,13:54:46,11.48,0.0,3,3444,卖盘
1953,13:54:49,11.48,0.0,64,73429,卖盘
1954,13:54:51,11.47,-0.01,5,5735,卖盘
1955,13:54:54,11.49,0.02,26,29867,买盘
1956,13:54:58,11.47,-0.02,56,64240,卖盘
1957,13:55:01,11.48,0.01,10,11480,卖盘
1958,13:55:04,11.49,0.01,15,17234,买盘
1959,13:55:07,11.48,-0.01,19,21836,卖盘
1960,13:55:10,11.49,0.01,26,29849,中性盘
1961,13:55:13,11.48,-0.01,22,25276,卖盘
1962,13:55:15,11.48,0.0,141,161732,买盘
1963,13:55:19,11.48,0.0,15,17213,买盘
1964,13:55:21,11.48,0.0,39,44802,卖盘
1965,13:55:24,11.46,-0.02,109,124967,卖盘
1966,13:55:27,11.47,0.01,3,3441,买盘
1967,13:55:33,11.48,0.01,10,11472,买盘
1968,13:55:36,11.48,0.0,7,8039,卖盘
1969,13:55:39,11.46,-0.02,51,58515,卖盘
1970,13:55:42,11.48,0.02,11,12628,买盘
1971,13:55:45,11.45,-0.03,25,28649,卖盘
1972,13:55:48,11.47,0.02,3,3441,买盘
1973,13:55:54,11.48,0.01,10,11479,买盘
1974,13:55:57,11.45,-0.03,3,3435,卖盘
1975,13:56:01,11.45,0.0,12,13740,卖盘
1976,13:56:04,11.45,0.0,20,22900,卖盘
1977,13:56:07,11.47,0.02,8,9169,买盘
1978,13:56:10,11.45,-0.02,28,32082,卖盘
1979,13:56:12,11.45,0.0,64,73290,卖盘
1980,13:56:15,11.45,0.0,52,59542,卖盘
1981,13:56:18,11.46,0.01,52,59554,买盘
1982,13:56:21,11.45,-0.01,11,12595,卖盘
1983,13:56:24,11.48,0.03,46,52787,买盘
1984,13:56:27,11.47,-0.01,30,34410,中性盘
1985,13:56:33,11.46,-0.01,13,14898,买盘
1986,13:56:36,11.46,0.0,57,65315,买盘
1987,13:56:40,11.45,-0.01,72,82491,卖盘
1988,13:56:42,11.46,0.01,13,14898,买盘
1989,13:56:45,11.45,-0.01,43,49245,卖盘
1990,13:56:48,11.46,0.01,8,9168,买盘
1991,13:56:51,11.45,-0.01,6,6875,卖盘
1992,13:56:54,11.45,0.0,176,201520,卖盘
1993,13:56:58,11.45,0.0,23,26335,买盘
1994,13:57:01,11.45,0.0,13,14883,买盘
1995,13:57:04,11.45,0.0,57,65225,买盘
1996,13:57:07,11.44,-0.01,313,358175,卖盘
1997,13:57:10,11.44,0.0,42,48050,卖盘
1998,13:57:13,11.45,0.01,63,72102,买盘
1999,13:57:16,11.44,-0.01,13,14875,卖盘
2000,13:57:19,11.45,0.01,21,24045,买盘
2001,13:57:22,11.45,0.0,8,9160,买盘
2002,13:57:25,11.44,-0.01,140,160260,卖盘
2003,13:57:27,11.44,0.0,14,16016,卖盘
2004,13:57:34,11.44,0.0,175,199250,卖盘
2005,13:57:37,11.44,0.0,3,3432,买盘
2006,13:57:40,11.43,-0.01,21,24003,卖盘
2007,13:57:46,11.44,0.01,8,9149,买盘
2008,13:57:49,11.44,0.0,69,78881,买盘
2009,13:57:52,11.43,-0.01,6,6858,卖盘
2010,13:57:55,11.42,-0.01,108,123380,卖盘
2011,13:57:58,11.42,0.0,2,2284,卖盘
2012,13:58:01,11.45,0.03,30,34327,买盘
2013,13:58:04,11.42,-0.03,6,6852,卖盘
2014,13:58:10,11.42,0.0,51,58258,卖盘
2015,13:58:12,11.42,0.0,255,291210,卖盘
2016,13:58:18,11.41,-0.01,13,14833,卖盘
2017,13:58:21,11.42,0.01,17,19414,买盘
2018,13:58:25,11.42,0.0,11,12556,买盘
2019,13:58:27,11.41,-0.01,2,2282,卖盘
2020,13:58:34,11.41,0.0,11,12558,卖盘
2021,13:58:36,11.41,0.0,22,25117,卖盘
2022,13:58:40,11.41,0.0,97,110677,卖盘
2023,13:58:43,11.4,-0.01,58,66157,卖盘
2024,13:58:46,11.41,0.01,33,37693,买盘
2025,13:58:49,11.41,0.0,2,2282,卖盘
2026,13:58:57,11.42,0.01,4,4568,卖盘
2027,13:59:00,11.42,0.0,4,4568,卖盘
2028,13:59:04,11.42,0.0,17,19414,买盘
2029,13:59:07,11.42,0.0,16,18272,买盘
2030,13:59:09,11.42,0.0,32,36544,卖盘
2031,13:59:12,11.42,0.0,33,37655,卖盘
2032,13:59:15,11.41,-0.01,17,19397,卖盘
2033,13:59:19,11.41,0.0,80,91280,卖盘
2034,13:59:21,11.41,0.0,36,41099,卖盘
2035,13:59:25,11.42,0.01,20,22840,买盘
2036,13:59:28,11.42,0.0,10,11420,买盘
2037,13:59:31,11.43,0.01,17,19431,买盘
2038,13:59:37,11.44,0.01,120,137083,买盘
2039,13:59:40,11.41,-0.03,36,41089,卖盘
2040,13:59:45,11.43,0.02,15,17147,卖盘
2041,13:59:49,11.44,0.01,13,14872,买盘
2042,13:59:52,11.43,-0.01,21,24003,卖盘
2043,13:59:57,11.42,-0.01,4,4570,卖盘
2044,14:00:00,11.42,0.0,3,3426,卖盘
2045,14:00:06,11.42,0.0,30,34273,卖盘
2046,14:00:10,11.42,0.0,22,25124,卖盘
2047,14:00:13,11.42,0.0,22,25124,卖盘
2048,14:00:19,11.43,0.01,28,31978,买盘
2049,14:00:25,11.41,-0.02,53,60550,卖盘
2050,14:00:28,11.42,0.01,1,1142,买盘
2051,14:00:37,11.43,0.01,10,11430,买盘
2052,14:00:39,11.41,-0.02,21,23980,卖盘
2053,14:00:46,11.43,0.02,4,4572,卖盘
2054,14:00:52,11.44,0.01,14,16016,买盘
2055,14:00:55,11.44,0.0,8,9152,买盘
2056,14:01:00,11.43,-0.01,2,2286,买盘
2057,14:01:04,11.44,0.01,32,36606,买盘
2058,14:01:07,11.43,-0.01,6,6858,卖盘
2059,14:01:10,11.43,0.0,21,24003,卖盘
2060,14:01:12,11.43,0.0,12,13716,卖盘
2061,14:01:15,11.44,0.01,68,77687,买盘
2062,14:01:22,11.42,-0.02,23,26279,卖盘
2063,14:01:25,11.42,0.0,3,3428,卖盘
2064,14:01:28,11.43,0.01,30,34313,中性盘
2065,14:01:31,11.44,0.01,23,26312,买盘
2066,14:01:34,11.43,-0.01,12,13716,卖盘
2067,14:01:36,11.43,0.0,20,22873,卖盘
2068,14:01:39,11.42,-0.01,21,23986,卖盘
2069,14:01:43,11.44,0.02,23,26312,买盘
2070,14:01:52,11.44,0.0,33,37749,买盘
2071,14:01:58,11.44,0.0,10,11438,买盘
2072,14:02:01,11.44,0.0,19,21720,买盘
2073,14:02:04,11.42,-0.02,37,42254,卖盘
2074,14:02:06,11.44,0.02,25,28590,买盘
2075,14:02:09,11.42,-0.02,23,26269,卖盘
2076,14:02:15,11.43,0.01,23,26289,买盘
2077,14:02:22,11.42,-0.01,14,16001,卖盘
2078,14:02:27,11.42,0.0,12,13714,卖盘
2079,14:02:37,11.42,0.0,69,78860,卖盘
2080,14:02:40,11.42,0.0,22,25124,卖盘
2081,14:02:45,11.42,0.0,6,6855,卖盘
2082,14:02:52,11.43,0.01,35,39993,买盘
2083,14:02:54,11.43,0.0,71,81101,买盘
2084,14:02:58,11.42,-0.01,2,2284,卖盘
2085,14:03:01,11.43,0.01,2,2286,买盘
2086,14:03:04,11.43,0.0,5,5715,买盘
2087,14:03:07,11.42,-0.01,29,33138,卖盘
2088,14:03:10,11.42,0.0,39,44549,卖盘
2089,14:03:13,11.43,0.01,39,44546,买盘
2090,14:03:16,11.42,-0.01,352,401694,卖盘
2091,14:03:19,11.43,0.01,27,30852,买盘
2092,14:03:22,11.43,0.0,13,14852,买盘
2093,14:03:25,11.44,0.01,19,21732,买盘
2094,14:03:28,11.43,-0.01,2,2286,卖盘
2095,14:03:34,11.43,0.0,13,14859,卖盘
2096,14:03:37,11.43,0.0,101,115623,卖盘
2097,14:03:40,11.42,-0.01,21,23989,卖盘
2098,14:03:42,11.42,0.0,54,61695,卖盘
2099,14:03:46,11.45,0.03,3,3434,买盘
2100,14:03:52,11.43,-0.02,3,3429,买盘
2101,14:03:55,11.45,0.02,35,40075,买盘
2102,14:04:00,11.42,-0.03,35,39993,卖盘
2103,14:04:07,11.45,0.03,48,54887,买盘
2104,14:04:10,11.43,-0.02,51,58353,卖盘
2105,14:04:12,11.43,0.0,32,36576,卖盘
2106,14:04:16,11.49,0.06,288,330280,买盘
2107,14:04:18,11.48,-0.01,2,2296,卖盘
2108,14:04:21,11.44,-0.04,30,34340,卖盘
2109,14:04:25,11.44,0.0,5,5720,买盘
2110,14:04:28,11.48,0.04,96,110280,买盘
2111,14:04:34,11.42,-0.06,45,51454,卖盘
2112,14:04:37,11.47,0.05,26,29822,买盘
2113,14:04:40,11.42,-0.05,21,24021,卖盘
2114,14:04:45,11.47,0.05,9,10323,买盘
2115,14:04:55,11.47,0.0,70,80295,买盘
2116,14:04:58,11.48,0.01,12,13768,买盘
2117,14:05:06,11.43,-0.05,15,17212,卖盘
2118,14:05:10,11.44,0.01,44,50401,中性盘
2119,14:05:12,11.43,-0.01,26,29719,卖盘
2120,14:05:19,11.46,0.03,5,5730,买盘
2121,14:05:22,11.44,-0.02,1,1144,卖盘
2122,14:05:25,11.44,0.0,52,59488,卖盘
2123,14:05:28,11.48,0.04,28,32113,买盘
2124,14:05:34,11.48,0.0,10,11480,买盘
2125,14:05:37,11.48,0.0,18,20657,买盘
2126,14:05:40,11.45,-0.03,29,33242,卖盘
2127,14:05:43,11.45,0.0,6,6873,卖盘
2128,14:05:46,11.48,0.03,13,14924,卖盘
2129,14:05:48,11.48,0.0,28,32144,卖盘
2130,14:05:51,11.48,0.0,14,16072,买盘
2131,14:05:55,11.44,-0.04,30,34349,卖盘
2132,14:05:58,11.48,0.04,38,43474,买盘
2133,14:06:01,11.43,-0.05,7,8011,卖盘
2134,14:06:06,11.44,0.01,21,24060,买盘
2135,14:06:10,11.43,-0.01,72,82343,卖盘
2136,14:06:13,11.43,0.0,25,28575,卖盘
2137,14:06:16,11.43,0.0,24,27432,买盘
2138,14:06:18,11.44,0.01,11,12581,买盘
2139,14:06:25,11.45,0.01,2,2290,中性盘
2140,14:06:28,11.48,0.03,53,60821,买盘
2141,14:06:34,11.45,-0.03,10,11450,卖盘
2142,14:06:37,11.47,0.02,36,41218,买盘
2143,14:06:40,11.42,-0.05,21,24002,卖盘
2144,14:06:45,11.45,0.03,2,2290,买盘
2145,14:06:52,11.45,0.0,71,81175,买盘
2146,14:06:55,11.45,0.0,3,3435,卖盘
2147,14:06:58,11.47,0.02,19,21772,买盘
2148,14:07:01,11.44,-0.03,3,3434,卖盘
2149,14:07:07,11.43,-0.01,22,25162,卖盘
2150,14:07:10,11.43,0.0,42,48025,卖盘
2151,14:07:13,11.43,0.0,13,14859,卖盘
2152,14:07:16,11.43,0.0,33,37732,买盘
2153,14:07:21,11.43,0.0,15,17145,卖盘
2154,14:07:25,11.44,0.01,6,6858,买盘
2155,14:07:28,11.45,0.01,16,18308,买盘
2156,14:07:30,11.43,-0.02,2,2286,中性盘
2157,14:07:36,11.42,-0.01,36,41141,卖盘
2158,14:07:40,11.42,0.0,21,23982,卖盘
2159,14:07:42,11.43,0.01,5,5715,买盘
2160,14:07:45,11.42,-0.01,3,3426,卖盘
2161,14:07:49,11.42,0.0,98,111919,卖盘
2162,14:07:52,11.43,0.01,14,16001,买盘
2163,14:07:55,11.41,-0.02,40,45640,卖盘
2164,14:07:58,11.42,0.01,29,33118,中性盘
2165,14:08:01,11.42,0.0,54,61661,买盘
2166,14:08:04,11.41,-0.01,159,181419,卖盘
2167,14:08:07,11.41,0.0,14,15974,买盘
2168,14:08:10,11.4,-0.01,25,28503,卖盘
2169,14:08:13,11.42,0.02,70,79847,买盘
2170,14:08:16,11.4,-0.02,31,35362,卖盘
2171,14:08:19,11.4,0.0,69,78792,卖盘
2172,14:08:22,11.41,0.01,62,70755,中性盘
2173,14:08:28,11.4,-0.01,48,54739,卖盘
2174,14:08:31,11.41,0.01,128,146048,买盘
2175,14:08:34,11.4,-0.01,12,13680,卖盘
2176,14:08:37,11.42,0.02,322,367155,买盘
2177,14:08:39,11.4,-0.02,22,25090,卖盘
2178,14:08:43,11.4,0.0,1,1140,卖盘
2179,14:08:45,11.4,0.0,51,58140,卖盘
2180,14:08:49,11.45,0.05,49,56041,买盘
2181,14:08:55,11.41,-0.04,61,69619,卖盘
2182,14:08:58,11.46,0.05,79,90460,买盘
2183,14:09:06,11.45,-0.01,22,25188,买盘
2184,14:09:10,11.41,-0.04,21,23974,卖盘
2185,14:09:19,11.41,0.0,21,24029,卖盘
2186,14:09:22,11.42,0.01,2,2284,中性盘
2187,14:09:27,11.45,0.03,4,4576,买盘
2188,14:09:34,11.41,-0.04,84,96010,卖盘
2189,14:09:37,11.44,0.03,6,6864,中性盘
2190,14:09:40,11.42,-0.02,22,25124,卖盘
2191,14:09:48,11.45,0.03,17,19465,买盘
2192,14:09:58,11.44,-0.01,31,35461,买盘
2193,14:10:07,11.43,-0.01,24,27455,卖盘
2194,14:10:10,11.42,-0.01,25,28554,卖盘
2195,14:10:16,11.44,0.02,13,14862,买盘
2196,14:10:19,11.44,0.0,37,42314,买盘
2197,14:10:24,11.42,-0.02,42,47985,卖盘
2198,14:10:28,11.44,0.02,5,5717,买盘
2199,14:10:36,11.43,-0.01,26,29737,中性盘
2200,14:10:40,11.42,-0.01,21,23988,卖盘
2201,14:10:46,11.44,0.02,1,1144,买盘
2202,14:10:52,11.43,-0.01,2,2286,买盘
2203,14:10:58,11.44,0.01,12,13725,买盘
2204,14:11:00,11.44,0.0,15,17151,买盘
2205,14:11:07,11.43,-0.01,47,53760,买盘
2206,14:11:10,11.42,-0.01,22,25124,卖盘
2207,14:11:15,11.41,-0.01,50,57064,卖盘
2208,14:11:18,11.44,0.03,15,17153,买盘
2209,14:11:22,11.42,-0.02,14,16001,中性盘
2210,14:11:24,11.42,0.0,8,9136,买盘
2211,14:11:28,11.42,0.0,17,19411,买盘
2212,14:11:33,11.42,0.0,2,2284,买盘
2213,14:11:37,11.41,-0.01,20,22833,卖盘
2214,14:11:40,11.41,0.0,44,50216,卖盘
2215,14:11:46,11.41,0.0,18,20538,卖盘
2216,14:11:52,11.42,0.01,47,53674,买盘
2217,14:11:54,11.42,0.0,5,5710,买盘
2218,14:11:57,11.42,0.0,16,18269,买盘
2219,14:12:00,11.41,-0.01,20,22820,卖盘
2220,14:12:04,11.41,0.0,14,15974,卖盘
2221,14:12:06,11.41,0.0,73,83306,卖盘
2222,14:12:09,11.4,-0.01,31,35361,卖盘
2223,14:12:16,11.41,0.01,22,25122,中性盘
2224,14:12:22,11.42,0.01,31,35402,买盘
2225,14:12:27,11.41,-0.01,3,3423,卖盘
2226,14:12:37,11.42,0.01,49,55952,买盘
2227,14:12:40,11.41,-0.01,65,74195,卖盘
2228,14:12:45,11.4,-0.01,2,2280,卖盘
2229,14:12:48,11.41,0.01,26,29664,买盘
2230,14:12:52,11.41,0.0,15,17115,买盘
2231,14:12:55,11.4,-0.01,49,55860,卖盘
2232,14:12:58,11.4,0.0,3,4093,卖盘
2233,14:13:01,11.41,0.01,24,27384,买盘
2234,14:13:07,11.4,-0.01,24,27373,卖盘
2235,14:13:10,11.41,0.01,134,152773,买盘
2236,14:13:16,11.4,-0.01,20,22805,卖盘
2237,14:13:19,11.41,0.01,8,9128,买盘
2238,14:13:21,11.4,-0.01,29,32400,卖盘
2239,14:13:24,11.41,0.01,45,52003,买盘
2240,14:13:27,11.4,-0.01,43,49056,卖盘
2241,14:13:31,11.4,0.0,7,7980,卖盘
2242,14:13:33,11.38,-0.02,144,163992,卖盘
2243,14:13:36,11.4,0.02,27,30795,卖盘
2244,14:13:40,11.41,0.01,47,53493,买盘
2245,14:13:43,11.4,-0.01,13,14827,卖盘
2246,14:13:46,11.37,-0.03,106,120621,卖盘
2247,14:13:51,11.37,0.0,78,88886,卖盘
2248,14:13:54,11.37,0.0,31,35256,卖盘
2249,14:13:58,11.4,0.03,58,65976,买盘
2250,14:14:01,11.37,-0.03,15,17055,卖盘
2251,14:14:04,11.37,0.0,5,5685,卖盘
2252,14:14:07,11.39,0.02,88,100166,买盘
2253,14:14:10,11.37,-0.02,21,23877,卖盘
2254,14:14:13,11.37,0.0,39,43732,卖盘
2255,14:14:22,11.37,0.0,17,19329,买盘
2256,14:14:25,11.37,0.0,11,12507,买盘
2257,14:14:28,11.37,0.0,42,47741,买盘
2258,14:14:31,11.37,0.0,1,1137,买盘
2259,14:14:34,11.36,-0.01,45,51120,卖盘
2260,14:14:37,11.37,0.01,26,29555,买盘
2261,14:14:40,11.36,-0.01,21,23856,卖盘
2262,14:14:45,11.36,0.0,2,2272,卖盘
2263,14:14:49,11.37,0.01,21,23877,买盘
2264,14:14:52,11.37,0.0,53,60305,卖盘
2265,14:14:54,11.37,0.0,41,46617,卖盘
2266,14:14:57,11.39,0.02,34,38723,买盘
2267,14:15:04,11.37,-0.02,10,11370,卖盘
2268,14:15:07,11.37,0.0,19,21626,卖盘
2269,14:15:10,11.37,0.0,23,26151,卖盘
2270,14:15:12,11.38,0.01,62,70586,买盘
2271,14:15:15,11.38,0.0,2,2276,卖盘
2272,14:15:18,11.38,0.0,6,6828,卖盘
2273,14:15:21,11.37,-0.01,67,76274,卖盘
2274,14:15:25,11.37,0.0,59,67083,卖盘
2275,14:15:28,11.39,0.02,26,29597,买盘
2276,14:15:31,11.38,-0.01,1,1138,中性盘
2277,14:15:34,11.37,-0.01,121,137578,卖盘
2278,14:15:37,11.37,0.0,16,18192,买盘
2279,14:15:39,11.36,-0.01,46,52259,卖盘
2280,14:15:43,11.37,0.01,31,35247,买盘
2281,14:15:45,11.36,-0.01,32,36378,卖盘
2282,14:15:49,11.36,0.0,37,42037,卖盘
2283,14:15:52,11.36,0.0,13,14768,买盘
2284,14:15:57,11.35,-0.01,8,9080,卖盘
2285,14:16:00,11.36,0.01,10,11360,买盘
2286,14:16:04,11.36,0.0,41,46576,买盘
2287,14:16:07,11.35,-0.01,52,59065,卖盘
2288,14:16:09,11.35,0.0,71,80585,卖盘
2289,14:16:12,11.35,0.0,38,43132,卖盘
2290,14:16:15,11.35,0.0,2,2270,卖盘
2291,14:16:18,11.35,0.0,50,56750,卖盘
2292,14:16:22,11.36,0.01,49,55664,买盘
2293,14:16:28,11.35,-0.01,3,3405,卖盘
2294,14:16:30,11.36,0.01,75,85200,买盘
2295,14:16:34,11.37,0.01,120,136489,买盘
2296,14:16:36,11.36,-0.01,53,60296,卖盘
2297,14:16:40,11.36,0.0,106,120504,卖盘
2298,14:16:43,11.38,0.02,12,13656,买盘
2299,14:16:46,11.39,0.01,27,30749,买盘
2300,14:16:49,11.4,0.01,91,103690,买盘
2301,14:16:52,11.42,0.02,36,41076,买盘
2302,14:16:55,11.42,0.0,21,23976,买盘
2303,14:16:58,11.42,0.0,20,22837,买盘
2304,14:17:04,11.38,-0.04,25,28453,卖盘
2305,14:17:06,11.42,0.04,54,61600,买盘
2306,14:17:10,11.36,-0.06,54,61563,卖盘
2307,14:17:13,11.41,0.05,5,5705,中性盘
2308,14:17:16,11.42,0.01,29,33098,买盘
2309,14:17:19,11.42,0.0,16,18270,买盘
2310,14:17:25,11.42,0.0,7,7994,买盘
2311,14:17:28,11.42,0.0,23,26263,买盘
2312,14:17:31,11.43,0.01,21,23985,买盘
2313,14:17:40,11.4,-0.03,22,25099,卖盘
2314,14:17:43,11.42,0.02,9,10276,买盘
2315,14:17:46,11.42,0.0,5,5710,买盘
2316,14:17:49,11.41,-0.01,2,2282,买盘
2317,14:17:52,11.41,0.0,23,26256,中性盘
2318,14:17:55,11.37,-0.04,72,81969,卖盘
2319,14:18:00,11.4,0.03,3,3420,中性盘
2320,14:18:04,11.4,0.0,30,34200,买盘
2321,14:18:07,11.39,-0.01,10,11390,中性盘
2322,14:18:10,11.37,-0.02,41,46689,卖盘
2323,14:18:22,11.4,0.03,8,9118,买盘
2324,14:18:28,11.41,0.01,18,20520,买盘
2325,14:18:36,11.41,0.0,8,9122,买盘
2326,14:18:40,11.41,0.0,24,27342,买盘
2327,14:18:46,11.39,-0.02,10,11391,卖盘
2328,14:18:48,11.42,0.03,40,45586,买盘
2329,14:18:57,11.42,0.0,26,29689,买盘
2330,14:19:00,11.41,-0.01,8,9128,卖盘
2331,14:19:04,11.42,0.01,2,2283,买盘
2332,14:19:07,11.41,-0.01,16,18269,卖盘
2333,14:19:10,11.42,0.01,46,52437,买盘
2334,14:19:18,11.41,-0.01,15,17120,买盘
2335,14:19:22,11.41,0.0,10,11410,买盘
2336,14:19:24,11.39,-0.02,28,31906,卖盘
2337,14:19:27,11.4,0.01,3,3420,中性盘
2338,14:19:31,11.41,0.01,10,11410,买盘
2339,14:19:37,11.41,0.0,109,124242,买盘
2340,14:19:40,11.38,-0.03,22,25041,卖盘
2341,14:19:45,11.41,0.03,2,2282,买盘
2342,14:19:51,11.39,-0.02,29,33107,中性盘
2343,14:20:07,11.4,0.01,5,5700,卖盘
2344,14:20:10,11.38,-0.02,27,30758,卖盘
2345,14:20:18,11.42,0.04,46,52530,买盘
2346,14:20:22,11.42,0.0,25,28550,买盘
2347,14:20:25,11.39,-0.03,36,41061,卖盘
2348,14:20:28,11.37,-0.02,101,114922,卖盘
2349,14:20:31,11.42,0.05,15,17130,买盘
2350,14:20:36,11.42,0.0,32,36537,买盘
2351,14:20:40,11.37,-0.05,21,23891,卖盘
2352,14:20:49,11.4,0.03,14,15960,买盘
2353,14:21:00,11.4,0.0,23,26206,买盘
2354,14:21:04,11.4,0.0,4,4558,买盘
2355,14:21:06,11.39,-0.01,7,7973,中性盘
2356,14:21:09,11.38,-0.01,58,66098,卖盘
2357,14:21:13,11.4,0.02,11,12540,买盘
2358,14:21:15,11.38,-0.02,43,48988,卖盘
2359,14:21:18,11.42,0.04,24,27382,买盘
2360,14:21:22,11.41,-0.01,84,95915,中性盘
2361,14:21:28,11.4,-0.01,3,3420,卖盘
2362,14:21:30,11.43,0.03,28,31964,买盘
2363,14:21:36,11.41,-0.02,6,6846,中性盘
2364,14:21:39,11.42,0.01,38,43361,买盘
2365,14:21:42,11.42,0.0,23,26266,买盘
2366,14:21:49,11.42,0.0,16,18268,买盘
2367,14:21:55,11.43,0.01,30,34275,买盘
2368,14:21:58,11.41,-0.02,3,3423,卖盘
2369,14:22:00,11.43,0.02,15,17138,买盘
2370,14:22:04,11.4,-0.03,40,45697,卖盘
2371,14:22:07,11.42,0.02,39,44474,买盘
2372,14:22:10,11.4,-0.02,28,31946,卖盘
2373,14:22:13,11.42,0.02,6,6852,中性盘
2374,14:22:19,11.42,0.0,2,2284,买盘
2375,14:22:22,11.4,-0.02,44,50280,卖盘
2376,14:22:25,11.42,0.02,11,12562,买盘
2377,14:22:28,11.43,0.01,16,18275,买盘
2378,14:22:37,11.42,-0.01,20,22853,卖盘
2379,14:22:40,11.43,0.01,57,65124,买盘
2380,14:22:43,11.42,-0.01,17,19429,卖盘
2381,14:22:46,11.42,0.0,2,2284,卖盘
2382,14:22:48,11.42,0.0,50,57120,卖盘
2383,14:22:52,11.42,0.0,20,22840,买盘
2384,14:22:55,11.42,0.0,46,52466,卖盘
2385,14:23:06,11.41,-0.01,36,41140,卖盘
2386,14:23:10,11.41,0.0,21,23964,卖盘
2387,14:23:12,11.44,0.03,7,8008,买盘
2388,14:23:15,11.44,0.0,13,14870,买盘
2389,14:23:21,11.42,-0.02,23,26280,卖盘
2390,14:23:25,11.42,0.0,4,4568,买盘
2391,14:23:27,11.44,0.02,33,37743,买盘
2392,14:23:30,11.44,0.0,8,9147,买盘
2393,14:23:33,11.42,-0.02,1,1142,卖盘
2394,14:23:37,11.43,0.01,1,1143,中性盘
2395,14:23:40,11.41,-0.02,21,23964,卖盘
2396,14:23:43,11.4,-0.01,55,62741,卖盘
2397,14:23:52,11.42,0.02,2,2283,买盘
2398,14:23:58,11.42,0.0,4,4565,买盘
2399,14:24:00,11.44,0.02,15,17146,买盘
2400,14:24:06,11.43,-0.01,7,8001,中性盘
2401,14:24:10,11.43,0.0,22,25146,卖盘
2402,14:24:13,11.45,0.02,35,40052,买盘
2403,14:24:15,11.43,-0.02,2,2286,卖盘
2404,14:24:18,11.43,0.0,22,25146,卖盘
2405,14:24:21,11.43,0.0,24,27422,买盘
2406,14:24:24,11.43,0.0,1,1143,买盘
2407,14:24:27,11.43,0.0,9,10284,买盘
2408,14:24:31,11.45,0.02,22,25177,买盘
2409,14:24:34,11.41,-0.04,69,78850,卖盘
2410,14:24:40,11.42,0.01,23,26288,卖盘
2411,14:24:46,11.45,0.03,69,78988,买盘
2412,14:24:49,11.45,0.0,23,26331,买盘
2413,14:24:58,11.45,0.0,22,25184,买盘
2414,14:25:01,11.45,0.0,44,50380,买盘
2415,14:25:04,11.45,0.0,23,26335,买盘
2416,14:25:07,11.45,0.0,23,26333,买盘
2417,14:25:10,11.42,-0.03,27,30874,卖盘
2418,14:25:16,11.45,0.03,18,20608,买盘
2419,14:25:18,11.45,0.0,9,10303,买盘
2420,14:25:25,11.41,-0.04,25,28549,卖盘
2421,14:25:28,11.41,0.0,13,14833,买盘
2422,14:25:31,11.4,-0.01,16,18240,卖盘
2423,14:25:34,11.44,0.04,29,33092,买盘
2424,14:25:36,11.41,-0.03,7,7987,中性盘
2425,14:25:39,11.41,0.0,71,81139,卖盘
2426,14:25:46,11.45,0.04,30,34336,买盘
2427,14:25:48,11.45,0.0,24,27476,买盘
2428,14:26:00,11.45,0.0,31,35412,买盘
2429,14:26:10,11.42,-0.03,21,23992,卖盘
2430,14:26:13,11.44,0.02,7,8008,买盘
2431,14:26:16,11.42,-0.02,19,21714,卖盘
2432,14:26:18,11.42,0.0,9,10278,买盘
2433,14:26:21,11.42,0.0,34,38829,买盘
2434,14:26:25,11.44,0.02,9,10295,买盘
2435,14:26:27,11.42,-0.02,6,6854,卖盘
2436,14:26:30,11.45,0.03,17,19460,买盘
2437,14:26:33,11.45,0.0,30,34350,买盘
2438,14:26:37,11.43,-0.02,18,20578,卖盘
2439,14:26:39,11.42,-0.01,21,23982,卖盘
2440,14:26:43,11.41,-0.01,45,51362,卖盘
2441,14:26:49,11.4,-0.01,56,63840,卖盘
2442,14:26:52,11.41,0.01,13,14833,买盘
2443,14:26:55,11.4,-0.01,3,3420,卖盘
2444,14:26:57,11.41,0.01,12,13681,中性盘
2445,14:27:00,11.44,0.03,25,28573,买盘
2446,14:27:04,11.4,-0.04,76,86736,卖盘
2447,14:27:10,11.41,0.01,21,23961,卖盘
2448,14:27:16,11.41,0.0,8,9142,卖盘
2449,14:27:19,11.44,0.03,30,34304,买盘
2450,14:27:25,11.44,0.0,20,22880,买盘
2451,14:27:37,11.42,-0.02,17,19424,卖盘
2452,14:27:40,11.41,-0.01,28,31966,卖盘
2453,14:27:42,11.43,0.02,6,6858,买盘
2454,14:27:45,11.42,-0.01,2,2284,卖盘
2455,14:27:48,11.43,0.01,10,11430,买盘
2456,14:27:52,11.43,0.0,92,105156,买盘
2457,14:27:55,11.41,-0.02,43,49072,卖盘
2458,14:27:58,11.44,0.03,50,57167,买盘
2459,14:28:04,11.4,-0.04,154,175881,卖盘
2460,14:28:06,11.43,0.03,8,9144,卖盘
2461,14:28:10,11.41,-0.02,43,49168,卖盘
2462,14:28:13,11.45,0.04,19,21755,买盘
2463,14:28:18,11.43,-0.02,1,1143,买盘
2464,14:28:21,11.45,0.02,41,46897,买盘
2465,14:28:31,11.44,-0.01,53,60618,买盘
2466,14:28:34,11.44,0.0,29,33156,买盘
2467,14:28:37,11.44,0.0,49,56053,买盘
2468,14:28:39,11.41,-0.03,50,57124,卖盘
2469,14:28:43,11.45,0.04,23,26329,买盘
2470,14:28:46,11.45,0.0,57,65065,买盘
2471,14:28:49,11.41,-0.04,10,11410,买盘
2472,14:28:52,11.43,0.02,40,45692,买盘
2473,14:28:58,11.43,0.0,7,8001,卖盘
2474,14:29:04,11.43,0.0,62,70866,买盘
2475,14:29:06,11.42,-0.01,8,9136,中性盘
2476,14:29:09,11.41,-0.01,21,23966,卖盘
2477,14:29:13,11.43,0.02,2,2286,买盘
2478,14:29:21,11.42,-0.01,2,2284,买盘
2479,14:29:24,11.43,0.01,18,20574,买盘
2480,14:29:28,11.43,0.0,12,13714,买盘
2481,14:29:34,11.41,-0.02,42,47933,卖盘
2482,14:29:37,11.44,0.03,43,49142,买盘
2483,14:29:40,11.42,-0.02,37,42233,中性盘
2484,14:29:43,11.42,0.0,8,9131,买盘
2485,14:29:46,11.41,-0.01,2,2282,卖盘
2486,14:29:52,11.42,0.01,139,158540,买盘
2487,14:29:55,11.42,0.0,26,29692,买盘
2488,14:29:58,11.41,-0.01,2,2282,卖盘
2489,14:30:04,11.44,0.03,37,42276,买盘
2490,14:30:06,11.42,-0.02,10,11420,中性盘
2491,14:30:09,11.4,-0.02,32,36488,卖盘
2492,14:30:12,11.4,0.0,33,37620,卖盘
2493,14:30:15,11.4,0.0,2,2280,卖盘
2494,14:30:21,11.44,0.04,29,33158,买盘
2495,14:30:25,11.38,-0.06,141,160810,卖盘
2496,14:30:28,11.4,0.02,3,3420,中性盘
2497,14:30:36,11.39,-0.01,41,46785,卖盘
2498,14:30:40,11.38,-0.01,159,181067,卖盘
2499,14:30:45,11.43,0.05,1,1143,中性盘
2500,14:30:55,11.43,0.0,40,45720,买盘
2501,14:30:58,11.42,-0.01,4,4566,中性盘
2502,14:31:04,11.43,0.01,6,6857,买盘
2503,14:31:06,11.43,0.0,8,9144,卖盘
2504,14:31:10,11.39,-0.04,68,77625,卖盘
2505,14:31:16,11.42,0.03,12,13716,买盘
2506,14:31:21,11.42,0.0,1,1142,卖盘
2507,14:31:25,11.4,-0.02,29,33113,卖盘
2508,14:31:31,11.39,-0.01,55,62705,卖盘
2509,14:31:37,11.38,-0.01,30,34153,卖盘
2510,14:31:39,11.38,0.0,65,74014,卖盘
2511,14:31:42,11.39,0.01,9,10251,买盘
2512,14:31:46,11.39,0.0,19,21679,卖盘
2513,14:31:49,11.43,0.04,23,26289,买盘
2514,14:31:52,11.43,0.0,19,21717,买盘
2515,14:31:58,11.44,0.01,53,60575,买盘
2516,14:32:04,11.44,0.0,14,16012,买盘
2517,14:32:06,11.4,-0.04,27,30875,卖盘
2518,14:32:10,11.44,0.04,32,36500,买盘
2519,14:32:16,11.44,0.0,10,11440,买盘
2520,14:32:22,11.38,-0.06,144,163899,卖盘
2521,14:32:25,11.43,0.05,61,69759,买盘
2522,14:32:31,11.39,-0.04,28,31994,卖盘
2523,14:32:34,11.44,0.05,25,28589,买盘
2524,14:32:37,11.4,-0.04,40,45600,买盘
2525,14:32:39,11.4,0.0,21,23941,卖盘
2526,14:32:42,11.45,0.05,99,113259,买盘
2527,14:32:45,11.41,-0.04,2,2282,中性盘
2528,14:32:48,11.45,0.04,23,26335,买盘
2529,14:32:54,11.45,0.0,38,43509,买盘
2530,14:32:58,11.43,-0.02,2,2286,中性盘
2531,14:33:04,11.44,0.01,4,4576,买盘
2532,14:33:07,11.43,-0.01,73,83505,卖盘
2533,14:33:10,11.43,0.0,43,49106,卖盘
2534,14:33:12,11.41,-0.02,20,22820,买盘
2535,14:33:15,11.41,0.0,130,148318,买盘
2536,14:33:22,11.45,0.04,48,54876,买盘
2537,14:33:31,11.45,0.0,30,34348,买盘
2538,14:33:33,11.45,0.0,26,29770,买盘
2539,14:33:40,11.41,-0.04,21,23974,卖盘
2540,14:33:43,11.4,-0.01,64,72965,卖盘
2541,14:33:45,11.37,-0.03,500,568701,卖盘
2542,14:33:48,11.4,0.03,55,62700,买盘
2543,14:33:52,11.4,0.0,31,35340,买盘
2544,14:33:54,11.4,0.0,184,210130,卖盘
2545,14:33:58,11.39,-0.01,19,21651,卖盘
2546,14:34:01,11.35,-0.04,360,408840,卖盘
2547,14:34:04,11.39,0.04,17,19363,买盘
2548,14:34:06,11.39,0.0,13,14807,买盘
2549,14:34:10,11.35,-0.04,21,23835,卖盘
2550,14:34:16,11.39,0.04,118,134410,买盘
2551,14:34:22,11.4,0.01,7,7980,买盘
2552,14:34:27,11.4,0.0,10,11398,买盘
2553,14:34:33,11.43,0.03,25,28538,买盘
2554,14:34:37,11.4,-0.03,17,19371,中性盘
2555,14:34:39,11.39,-0.01,21,23937,卖盘
2556,14:34:42,11.42,0.03,7,7994,买盘
2557,14:34:52,11.38,-0.04,53,60366,卖盘
2558,14:34:58,11.38,0.0,3,3412,买盘
2559,14:35:01,11.38,0.0,35,39830,买盘
2560,14:35:04,11.38,0.0,12,13656,买盘
2561,14:35:07,11.37,-0.01,8,9096,中性盘
2562,14:35:09,11.38,0.01,40,45484,买盘
2563,14:35:13,11.38,0.0,44,50072,买盘
2564,14:35:16,11.38,0.0,2,2276,卖盘
2565,14:35:19,11.43,0.05,10,11422,买盘
2566,14:35:25,11.43,0.0,9,10287,买盘
2567,14:35:33,11.38,-0.05,40,45543,卖盘
2568,14:35:37,11.38,0.0,13,14794,买盘
2569,14:35:40,11.35,-0.03,184,208892,卖盘
2570,14:35:43,11.38,0.03,13,14794,买盘
2571,14:35:46,11.38,0.0,7,7966,买盘
2572,14:35:49,11.41,0.03,30,34221,买盘
2573,14:35:55,11.42,0.01,40,45660,买盘
2574,14:35:58,11.35,-0.07,100,113667,卖盘
2575,14:36:00,11.38,0.03,2,2276,卖盘
2576,14:36:04,11.41,0.03,18,20534,买盘
2577,14:36:07,11.4,-0.01,30,34231,卖盘
2578,14:36:09,11.41,0.01,38,43255,中性盘
2579,14:36:16,11.38,-0.03,21,23978,中性盘
2580,14:36:22,11.37,-0.01,10,11370,买盘
2581,14:36:25,11.39,0.02,27,30785,中性盘
2582,14:36:31,11.36,-0.03,68,77362,卖盘
2583,14:36:34,11.36,0.0,46,52256,买盘
2584,14:36:37,11.42,0.06,63,71706,买盘
2585,14:36:40,11.37,-0.05,44,50186,中性盘
2586,14:36:43,11.42,0.05,14,15988,买盘
2587,14:36:49,11.42,0.0,23,26264,买盘
2588,14:36:52,11.42,0.0,23,26266,买盘
2589,14:36:55,11.42,0.0,33,37686,买盘
2590,14:37:00,11.41,-0.01,2,2282,买盘
2591,14:37:04,11.42,0.01,34,38820,买盘
2592,14:37:07,11.41,-0.01,2,2282,卖盘
2593,14:37:10,11.38,-0.03,24,27328,卖盘
2594,14:37:13,11.42,0.04,5,5707,买盘
2595,14:37:22,11.37,-0.05,114,129682,卖盘
2596,14:37:25,11.38,0.01,33,37525,买盘
2597,14:37:28,11.37,-0.01,2,2274,中性盘
2598,14:37:34,11.4,0.03,30,34166,买盘
2599,14:37:37,11.37,-0.03,31,35260,卖盘
2600,14:37:39,11.36,-0.01,21,23865,卖盘
2601,14:37:43,11.36,0.0,5,5681,卖盘
2602,14:37:46,11.36,0.0,15,17043,卖盘
2603,14:37:55,11.4,0.04,17,19377,买盘
2604,14:37:58,11.39,-0.01,13,14805,中性盘
2605,14:38:01,11.37,-0.02,5,5685,卖盘
2606,14:38:04,11.37,0.0,3,3411,买盘
2607,14:38:06,11.37,0.0,55,62625,买盘
2608,14:38:09,11.36,-0.01,21,23868,卖盘
2609,14:38:12,11.4,0.04,146,165897,买盘
2610,14:38:19,11.38,-0.02,9,10256,卖盘
2611,14:38:22,11.38,0.0,19,21635,卖盘
2612,14:38:25,11.38,0.0,19,21635,买盘
2613,14:38:28,11.37,-0.01,3,3411,卖盘
2614,14:38:33,11.39,0.02,39,44420,买盘
2615,14:38:37,11.37,-0.02,14,15931,卖盘
2616,14:38:40,11.35,-0.02,21,23845,卖盘
2617,14:38:49,11.39,0.04,23,26195,买盘
2618,14:38:52,11.37,-0.02,13,14781,中性盘
2619,14:38:55,11.39,0.02,45,51234,买盘
2620,14:38:58,11.36,-0.03,2,2272,卖盘
2621,14:39:01,11.35,-0.01,144,163483,卖盘
2622,14:39:04,11.39,0.04,7,7970,买盘
2623,14:39:07,11.37,-0.02,7,7959,中性盘
2624,14:39:10,11.34,-0.03,22,24980,卖盘
2625,14:39:13,11.39,0.05,63,71757,买盘
2626,14:39:22,11.35,-0.04,16,18160,卖盘
2627,14:39:25,11.35,0.0,11,12485,买盘
2628,14:39:28,11.34,-0.01,7,7938,卖盘
2629,14:39:31,11.34,0.0,9,10206,卖盘
2630,14:39:34,11.35,0.01,18,20430,买盘
2631,14:39:37,11.34,-0.01,67,75997,卖盘
2632,14:39:40,11.35,0.01,74,83966,买盘
2633,14:39:43,11.34,-0.01,6,6807,卖盘
2634,14:39:46,11.34,0.0,2,2268,卖盘
2635,14:39:49,11.35,0.01,1,1135,买盘
2636,14:39:52,11.33,-0.02,197,223320,卖盘
2637,14:39:55,11.34,0.01,38,43125,中性盘
2638,14:40:01,11.33,-0.01,10,11330,卖盘
2639,14:40:04,11.35,0.02,68,77132,买盘
2640,14:40:06,11.33,-0.02,83,94111,卖盘
2641,14:40:10,11.33,0.0,32,36285,卖盘
2642,14:40:13,11.38,0.05,23,26117,买盘
2643,14:40:16,11.33,-0.05,10,11336,卖盘
2644,14:40:19,11.34,0.01,2,2268,买盘
2645,14:40:25,11.38,0.04,64,72829,买盘
2646,14:40:28,11.35,-0.03,17,19300,卖盘
2647,14:40:34,11.37,0.02,15,17053,买盘
2648,14:40:37,11.35,-0.02,8,9080,中性盘
2649,14:40:40,11.33,-0.02,154,174584,卖盘
2650,14:40:43,11.37,0.04,6,6822,买盘
2651,14:40:52,11.36,-0.01,15,17030,买盘
2652,14:40:55,11.34,-0.02,41,46597,卖盘
2653,14:41:04,11.36,0.02,8,9086,买盘
2654,14:41:07,11.35,-0.01,15,17025,卖盘
2655,14:41:10,11.34,-0.01,21,23823,卖盘
2656,14:41:13,11.37,0.03,38,43205,买盘
2657,14:41:16,11.35,-0.02,18,20439,卖盘
2658,14:41:22,11.35,0.0,15,17051,卖盘
2659,14:41:25,11.38,0.03,17,19335,买盘
2660,14:41:30,11.34,-0.04,147,166744,卖盘
2661,14:41:34,11.36,0.02,3,3408,买盘
2662,14:41:37,11.35,-0.01,18,20445,中性盘
2663,14:41:40,11.34,-0.01,45,51104,卖盘
2664,14:41:46,11.35,0.01,43,48805,买盘
2665,14:41:52,11.35,0.0,18,20430,买盘
2666,14:41:54,11.34,-0.01,27,30630,卖盘
2667,14:41:58,11.35,0.01,32,36318,买盘
2668,14:42:00,11.34,-0.01,2,2269,卖盘
2669,14:42:04,11.35,0.01,110,124786,买盘
2670,14:42:07,11.35,0.0,7,7945,卖盘
2671,14:42:10,11.33,-0.02,22,24948,卖盘
2672,14:42:15,11.37,0.04,7,7955,买盘
2673,14:42:22,11.33,-0.04,169,191532,卖盘
2674,14:42:25,11.37,0.04,80,90958,买盘
2675,14:42:28,11.34,-0.03,2,2268,卖盘
2676,14:42:33,11.38,0.04,95,107781,买盘
2677,14:42:40,11.33,-0.05,21,23806,卖盘
2678,14:42:46,11.36,0.03,41,46588,买盘
2679,14:42:52,11.36,0.0,1,1136,卖盘
2680,14:42:55,11.37,0.01,5,5684,买盘
2681,14:42:58,11.36,-0.01,9,10224,卖盘
2682,14:43:01,11.36,0.0,4,4544,卖盘
2683,14:43:04,11.36,0.0,26,29536,卖盘
2684,14:43:07,11.37,0.01,26,29544,买盘
2685,14:43:10,11.33,-0.04,21,23793,卖盘
2686,14:43:16,11.33,0.0,10,11337,卖盘
2687,14:43:19,11.33,0.0,26,29459,卖盘
2688,14:43:22,11.33,0.0,19,21540,卖盘
2689,14:43:25,11.33,0.0,96,108781,卖盘
2690,14:43:31,11.34,0.01,30,34008,买盘
2691,14:43:34,11.32,-0.02,117,132448,卖盘
2692,14:43:37,11.33,0.01,18,20384,买盘
2693,14:43:39,11.33,0.0,21,23793,卖盘
2694,14:43:46,11.33,0.0,29,32863,卖盘
2695,14:43:52,11.34,0.01,24,27216,买盘
2696,14:43:55,11.34,0.0,37,41938,买盘
2697,14:43:58,11.33,-0.01,5,5665,中性盘
2698,14:44:01,11.32,-0.01,22,24907,卖盘
2699,14:44:04,11.32,0.0,51,57732,买盘
2700,14:44:06,11.32,0.0,86,97350,买盘
2701,14:44:09,11.32,0.0,21,23772,卖盘
2702,14:44:13,11.33,0.01,7,7931,买盘
2703,14:44:16,11.32,-0.01,44,49876,卖盘
2704,14:44:19,11.34,0.02,6,7484,买盘
2705,14:44:24,11.36,0.02,48,54425,买盘
2706,14:44:34,11.33,-0.03,24,26567,卖盘
2707,14:44:37,11.32,-0.01,605,684678,卖盘
2708,14:44:40,11.3,-0.02,22,24884,卖盘
2709,14:44:43,11.33,0.03,7,7927,买盘
2710,14:44:46,11.32,-0.01,7,7928,中性盘
2711,14:44:51,11.33,0.01,173,195532,中性盘
2712,14:44:55,11.35,0.02,62,70354,买盘
2713,14:44:58,11.35,0.0,70,79450,卖盘
2714,14:45:01,11.35,0.0,9,10220,卖盘
2715,14:45:04,11.33,-0.02,83,94195,卖盘
2716,14:45:07,11.33,0.0,43,48755,卖盘
2717,14:45:10,11.33,0.0,87,98571,卖盘
2718,14:45:16,11.33,0.0,80,90752,卖盘
2719,14:45:19,11.33,0.0,17,19261,卖盘
2720,14:45:22,11.33,0.0,50,56663,卖盘
2721,14:45:25,11.32,-0.01,32,36229,卖盘
2722,14:45:34,11.32,0.0,28,31687,买盘
2723,14:45:37,11.31,-0.01,20,22633,卖盘
2724,14:45:40,11.3,-0.01,34,38448,卖盘
2725,14:45:46,11.31,0.01,27,30581,卖盘
2726,14:45:49,11.32,0.01,23,26035,中性盘
2727,14:45:55,11.31,-0.01,56,63370,卖盘
2728,14:46:04,11.31,0.0,93,104440,买盘
2729,14:46:07,11.31,0.0,13,14703,买盘
2730,14:46:10,11.29,-0.02,26,29359,卖盘
2731,14:46:15,11.29,0.0,14,15820,卖盘
2732,14:46:18,11.31,0.02,10,11310,买盘
2733,14:46:22,11.31,0.0,96,109255,买盘
2734,14:46:24,11.34,0.03,49,55486,买盘
2735,14:46:28,11.34,0.0,3,3398,买盘
2736,14:46:31,11.34,0.0,1,1134,买盘
2737,14:46:34,11.34,0.0,47,53211,买盘
2738,14:46:37,11.32,-0.02,43,48736,中性盘
2739,14:46:39,11.31,-0.01,33,37289,买盘
2740,14:46:45,11.3,-0.01,40,45313,卖盘
2741,14:46:51,11.3,0.0,118,133389,卖盘
2742,14:46:54,11.29,-0.01,31,35007,卖盘
2743,14:46:57,11.3,0.01,84,94838,买盘
2744,14:47:01,11.28,-0.02,40,45162,卖盘
2745,14:47:04,11.31,0.03,62,70038,买盘
2746,14:47:06,11.26,-0.05,339,382170,卖盘
2747,14:47:10,11.26,0.0,22,24772,卖盘
2748,14:47:16,11.27,0.01,28,31703,卖盘
2749,14:47:19,11.26,-0.01,42,46622,卖盘
2750,14:47:22,11.26,0.0,214,240700,买盘
2751,14:47:25,11.26,0.0,91,102466,买盘
2752,14:47:28,11.26,0.0,10,11255,买盘
2753,14:47:30,11.26,0.0,20,22520,买盘
2754,14:47:34,11.28,0.02,14,16425,买盘
2755,14:47:37,11.28,0.0,76,85813,卖盘
2756,14:47:40,11.26,-0.02,21,23683,卖盘
2757,14:47:43,11.22,-0.04,83,93315,卖盘
2758,14:47:46,11.3,0.08,92,103944,买盘
2759,14:47:52,11.23,-0.07,50,56277,卖盘
2760,14:47:55,11.3,0.07,21,23727,买盘
2761,14:47:58,11.28,-0.02,2,2256,卖盘
2762,14:48:01,11.3,0.02,4,4520,买盘
2763,14:48:04,11.3,0.0,42,47456,买盘
2764,14:48:07,11.29,-0.01,11,12419,卖盘
2765,14:48:10,11.3,0.01,32,36160,买盘
2766,14:48:13,11.28,-0.02,85,95855,卖盘
2767,14:48:16,11.31,0.03,14,15834,买盘
2768,14:48:19,11.31,0.0,5,5652,买盘
2769,14:48:25,11.3,-0.01,14,15829,卖盘
2770,14:48:28,11.3,0.0,37,41829,卖盘
2771,14:48:31,11.3,0.0,10,11300,卖盘
2772,14:48:34,11.3,0.0,42,47460,卖盘
2773,14:48:37,11.31,0.01,14,15833,买盘
2774,14:48:40,11.29,-0.02,62,70056,卖盘
2775,14:48:46,11.31,0.02,19,21489,买盘
2776,14:48:49,11.31,0.0,17,19224,买盘
2777,14:48:52,11.31,0.0,1,1131,买盘
2778,14:48:55,11.32,0.01,30,33960,买盘
2779,14:48:58,11.32,0.0,4,4526,买盘
2780,14:49:01,11.33,0.01,5,5665,买盘
2781,14:49:04,11.32,-0.01,25,28300,卖盘
