,time,price,change,volume,amount,type
0,09:25:04,15.7,-0.05,14,22027,卖盘
1,09:30:04,15.7,0.0,463,727153,卖盘
2,09:30:06,15.7,0.0,15,23550,卖盘
3,09:30:13,15.7,0.0,230,361100,卖盘
4,09:30:19,15.7,0.0,16,25120,卖盘
5,09:30:22,15.7,0.0,9,14130,卖盘
6,09:30:24,15.7,0.0,20,31400,卖盘
7,09:30:27,15.7,0.0,15,24194,卖盘
8,09:30:31,15.7,0.0,31,48682,卖盘
9,09:30:34,15.7,0.0,5,7850,卖盘
10,09:30:36,15.7,0.0,10,15700,卖盘
11,09:30:40,15.7,0.0,2,3140,卖盘
12,09:30:43,15.7,0.0,24,36989,卖盘
13,09:30:46,15.7,0.0,5,7846,买盘
14,09:30:48,15.7,0.0,13,20410,卖盘
15,09:30:51,15.7,0.0,4,6280,卖盘
16,09:30:55,15.7,0.0,32,50240,卖盘
17,09:30:58,15.7,0.0,6,9420,卖盘
18,09:31:10,15.67,-0.03,25,39175,卖盘
19,09:31:19,15.66,-0.01,2,3132,卖盘
20,09:31:22,15.67,0.01,3,4701,买盘
21,09:31:28,15.66,-0.01,18,28188,卖盘
22,09:32:04,15.66,0.0,29,45404,买盘
23,09:32:25,15.66,0.0,2,3132,卖盘
24,09:32:33,15.66,0.0,9,14094,卖盘
25,09:32:36,15.67,0.01,7,10965,买盘
26,09:33:27,15.69,0.02,7,10983,买盘
27,09:33:30,15.7,0.01,20,31400,买盘
28,09:33:36,15.7,0.0,20,31400,买盘
29,09:33:39,15.7,0.0,24,37680,买盘
30,09:33:49,15.69,-0.01,16,25111,卖盘
31,09:33:58,15.69,0.0,4,6276,卖盘
32,09:34:09,15.7,0.01,6,9420,卖盘
33,09:34:16,15.72,0.02,1,1572,买盘
34,09:34:19,15.71,-0.01,3,4713,卖盘
35,09:34:21,15.71,0.0,2,3142,买盘
36,09:34:25,15.7,-0.01,15,23550,卖盘
37,09:34:28,15.7,0.0,10,15700,卖盘
38,09:34:33,15.7,0.0,1,1570,卖盘
39,09:34:37,15.7,0.0,10,15700,卖盘
40,09:34:40,15.7,0.0,5,7850,卖盘
41,09:34:42,15.7,0.0,3,4710,卖盘
42,09:34:46,15.69,-0.01,36,56484,卖盘
43,09:34:48,15.69,0.0,18,28242,卖盘
44,09:34:52,15.7,0.01,54,84760,买盘
45,09:34:55,15.7,0.0,7,10990,卖盘
46,09:34:58,15.68,-0.02,49,76910,卖盘
47,09:35:00,15.68,0.0,1,1568,卖盘
48,09:35:04,15.67,-0.01,1,1567,卖盘
49,09:35:07,15.67,0.0,9,14103,卖盘
50,09:35:09,15.66,-0.01,31,48546,卖盘
51,09:35:12,15.67,0.01,25,39170,买盘
52,09:35:16,15.67,0.0,18,28206,卖盘
53,09:35:25,15.67,0.0,50,78350,卖盘
54,09:35:33,15.67,0.0,3,4701,卖盘
55,09:35:42,15.68,0.01,131,205630,买盘
56,09:35:52,15.67,-0.01,27,42319,卖盘
57,09:35:55,15.67,0.0,19,29773,买盘
58,09:36:16,15.68,0.01,1,1568,卖盘
59,09:37:19,15.71,0.03,5,7854,买盘
60,09:37:27,15.7,-0.01,13,20421,卖盘
61,09:37:34,15.7,0.0,23,36110,买盘
62,09:37:37,15.69,-0.01,18,28242,卖盘
63,09:37:54,15.69,0.0,8,12554,卖盘
64,09:38:21,15.7,0.01,15,23550,买盘
65,09:38:30,15.73,0.03,1,1573,买盘
66,09:38:39,15.73,0.0,19,29887,买盘
67,09:39:19,15.72,-0.01,1,1572,中性盘
68,09:39:22,15.73,0.01,34,53478,买盘
69,09:39:27,15.73,0.0,29,45617,卖盘
70,09:39:31,15.73,0.0,9,14157,卖盘
71,09:39:45,15.71,-0.02,21,32991,卖盘
72,09:39:57,15.72,0.01,11,17292,卖盘
73,09:40:10,15.73,0.01,1,1573,买盘
74,09:40:15,15.72,-0.01,4,6288,卖盘
75,09:40:30,15.72,0.0,5,7860,卖盘
76,09:40:33,15.71,-0.01,10,15710,卖盘
77,09:40:40,15.7,-0.01,100,157004,卖盘
78,09:40:45,15.72,0.02,5,7860,中性盘
79,09:40:49,15.7,-0.02,28,43963,卖盘
80,09:40:51,15.7,0.0,2,3140,卖盘
81,09:40:57,15.7,0.0,18,28260,卖盘
82,09:41:00,15.7,0.0,15,23552,卖盘
83,09:41:30,15.69,-0.01,72,112968,卖盘
84,09:41:33,15.68,-0.01,12,18816,卖盘
85,09:41:36,15.68,0.0,1,1568,卖盘
86,09:41:39,15.68,0.0,4,6272,卖盘
87,09:41:43,15.68,0.0,147,230496,卖盘
88,09:41:58,15.65,-0.03,78,122182,卖盘
89,09:42:01,15.65,0.0,28,43820,卖盘
90,09:42:04,15.68,0.03,112,175467,买盘
91,09:42:16,15.64,-0.04,3,4692,卖盘
92,09:42:27,15.65,0.01,10,15650,卖盘
93,09:42:33,15.65,0.0,30,46950,买盘
94,09:42:37,15.64,-0.01,64,100149,卖盘
95,09:42:42,15.64,0.0,70,109480,卖盘
96,09:42:45,15.65,0.01,50,78250,买盘
97,09:42:55,15.65,0.0,15,23475,买盘
98,09:43:00,15.68,0.03,4,6271,买盘
99,09:43:04,15.68,0.0,1,1568,卖盘
100,09:43:30,15.68,0.0,20,31360,卖盘
101,09:43:34,15.69,0.01,10,15690,买盘
102,09:43:37,15.7,0.01,16,25120,买盘
103,09:43:40,15.68,-0.02,14,21972,卖盘
104,09:44:04,15.7,0.02,1,1570,卖盘
105,09:44:06,15.7,0.0,1,1570,卖盘
106,09:44:43,15.7,0.0,33,51810,买盘
107,09:44:45,15.69,-0.01,15,23535,卖盘
108,09:44:49,15.69,0.0,64,100416,卖盘
109,09:44:51,15.69,0.0,24,37656,卖盘
110,09:44:57,15.7,0.01,5,7850,买盘
111,09:45:00,15.69,-0.01,1,1569,卖盘
112,09:45:06,15.69,0.0,15,23535,卖盘
113,09:45:09,15.68,-0.01,14,21952,卖盘
114,09:45:13,15.69,0.01,1,1569,买盘
115,09:45:16,15.69,0.0,1,1569,买盘
116,09:45:22,15.69,0.0,6,9414,买盘
117,09:45:24,15.68,-0.01,40,62720,卖盘
118,09:45:27,15.68,0.0,19,29792,卖盘
119,09:45:30,15.68,0.0,59,92512,卖盘
120,09:45:34,15.68,0.0,27,42336,卖盘
121,09:45:37,15.68,0.0,12,18816,卖盘
122,09:45:45,15.67,-0.01,1,1567,买盘
123,09:45:52,15.65,-0.02,2,3130,卖盘
124,09:45:55,15.67,0.02,4,6268,买盘
125,09:46:04,15.65,-0.02,46,71990,卖盘
126,09:46:18,15.65,0.0,4,6260,卖盘
127,09:46:40,15.67,0.02,2,3134,买盘
128,09:46:54,15.67,0.0,5,7835,买盘
129,09:47:01,15.67,0.0,5,7835,买盘
130,09:47:19,15.68,0.01,7,10976,买盘
131,09:47:22,15.68,0.0,12,18816,买盘
132,09:47:25,15.68,0.0,22,34485,买盘
133,09:47:28,15.68,0.0,12,18816,买盘
134,09:47:31,15.67,-0.01,25,39182,卖盘
135,09:47:33,15.69,0.02,1,1569,买盘
136,09:47:49,15.69,0.0,6,9414,买盘
137,09:47:52,15.69,0.0,10,15690,卖盘
138,09:47:57,15.7,0.01,42,65902,买盘
139,09:48:00,15.68,-0.02,16,25091,卖盘
140,09:48:25,15.68,0.0,17,26665,卖盘
141,09:48:27,15.7,0.02,15,23530,买盘
142,09:48:40,15.7,0.0,46,72220,买盘
143,09:48:43,15.68,-0.02,19,29792,卖盘
144,09:48:48,15.7,0.02,10,15700,买盘
145,09:49:04,15.7,0.0,15,23550,买盘
146,09:49:06,15.7,0.0,22,34549,卖盘
147,09:49:19,15.72,0.02,7,11004,买盘
148,09:49:43,15.72,0.0,4,6288,买盘
149,09:49:46,15.7,-0.02,10,15708,卖盘
150,09:50:21,15.72,0.02,30,47160,买盘
151,09:50:24,15.71,-0.01,13,20423,卖盘
152,09:50:31,15.71,0.0,10,15710,卖盘
153,09:50:34,15.7,-0.01,87,136667,卖盘
154,09:50:37,15.71,0.01,35,54955,买盘
155,09:50:39,15.69,-0.02,11,17259,卖盘
156,09:50:42,15.68,-0.01,200,313618,卖盘
157,09:50:45,15.68,0.0,65,101921,卖盘
158,09:50:49,15.68,0.0,33,51744,卖盘
159,09:50:52,15.67,-0.01,85,133276,卖盘
160,09:50:55,15.67,0.0,22,34474,卖盘
161,09:50:57,15.67,0.0,3,4701,卖盘
162,09:51:00,15.67,0.0,22,34474,卖盘
163,09:51:03,15.67,0.0,3,4701,卖盘
164,09:51:19,15.67,0.0,4,6268,卖盘
165,09:51:25,15.68,0.01,1,1568,买盘
166,09:51:34,15.67,-0.01,18,28206,卖盘
167,09:51:36,15.67,0.0,6,9402,卖盘
168,09:51:40,15.67,0.0,2,3134,买盘
169,09:52:30,15.67,0.0,2,3134,买盘
170,09:52:51,15.66,-0.01,3,4698,卖盘
171,09:52:54,15.67,0.01,7,10969,买盘
172,09:53:01,15.67,0.0,17,26639,卖盘
173,09:53:19,15.67,0.0,16,25072,卖盘
174,09:53:22,15.67,0.0,13,20371,卖盘
175,09:53:28,15.68,0.01,3,4702,买盘
176,09:53:31,15.68,0.0,6,9408,卖盘
177,09:53:52,15.68,0.0,3,4704,卖盘
178,09:54:15,15.68,0.0,5,7840,买盘
179,09:54:21,15.66,-0.02,59,92394,卖盘
180,09:54:45,15.66,0.0,30,46980,卖盘
181,09:54:51,15.66,0.0,12,18792,卖盘
182,09:55:15,15.66,0.0,6,9396,卖盘
183,09:55:18,15.65,-0.01,56,87640,卖盘
184,09:55:33,15.65,0.0,65,101725,卖盘
185,09:55:48,15.64,-0.01,32,50048,卖盘
186,09:56:01,15.63,-0.01,100,156537,卖盘
187,09:56:09,15.63,0.0,110,171774,卖盘
188,09:56:28,15.63,0.0,12,18756,卖盘
189,09:56:43,15.63,0.0,1,1563,卖盘
190,09:56:48,15.63,0.0,17,26571,卖盘
191,09:56:51,15.63,0.0,3,4689,卖盘
192,09:57:04,15.63,0.0,1,1563,卖盘
193,09:57:12,15.63,0.0,31,48453,卖盘
194,09:57:18,15.63,0.0,7,10941,卖盘
195,09:57:27,15.64,0.01,11,17203,买盘
196,09:57:42,15.63,-0.01,1,1563,卖盘
197,09:57:45,15.63,0.0,12,18756,卖盘
198,09:58:04,15.64,0.01,30,46920,买盘
199,09:58:09,15.63,-0.01,189,295578,卖盘
200,09:58:18,15.62,-0.01,10,15620,卖盘
201,09:58:21,15.62,0.0,28,43736,卖盘
202,09:58:24,15.62,0.0,9,14058,卖盘
203,09:58:27,15.61,-0.01,33,51533,卖盘
204,09:58:31,15.61,0.0,15,23415,卖盘
205,09:58:34,15.61,0.0,6,9366,卖盘
206,09:58:49,15.61,0.0,15,23415,卖盘
207,09:58:52,15.62,0.01,3,4686,买盘
208,09:58:55,15.61,-0.01,8,12488,卖盘
209,09:58:57,15.61,0.0,13,20293,卖盘
210,09:59:04,15.61,0.0,23,35903,卖盘
211,09:59:07,15.62,0.01,14,21861,买盘
212,09:59:12,15.62,0.0,3,4686,买盘
213,09:59:19,15.62,0.0,5,7810,买盘
214,09:59:25,15.63,0.01,2,3126,买盘
215,09:59:34,15.63,0.0,2,3126,卖盘
216,09:59:36,15.62,-0.01,30,46860,卖盘
217,09:59:46,15.61,-0.01,330,515180,卖盘
218,10:00:00,15.62,0.01,3,4686,卖盘
219,10:00:04,15.62,0.0,4,6248,卖盘
220,10:00:10,15.63,0.01,2,3126,买盘
221,10:00:16,15.63,0.0,4,6252,买盘
222,10:00:19,15.61,-0.02,6,9369,卖盘
223,10:00:40,15.62,0.01,5,7810,买盘
224,10:00:52,15.61,-0.01,17,26537,卖盘
225,10:00:55,15.61,0.0,4,6244,卖盘
226,10:00:57,15.61,0.0,16,24976,卖盘
227,10:01:00,15.61,0.0,9,14049,买盘
228,10:01:10,15.61,0.0,1,1561,买盘
229,10:01:16,15.61,0.0,10,15610,买盘
230,10:01:22,15.61,0.0,50,78050,买盘
231,10:01:25,15.61,0.0,2,3122,买盘
232,10:01:27,15.61,0.0,4,6244,买盘
233,10:01:30,15.61,0.0,11,17171,买盘
234,10:01:36,15.62,0.01,5,7810,买盘
235,10:01:40,15.62,0.0,2,3124,卖盘
236,10:02:04,15.62,0.0,8,12496,卖盘
237,10:02:10,15.63,0.01,5,7815,买盘
238,10:02:13,15.63,0.0,5,7815,买盘
239,10:02:24,15.63,0.0,3,4689,买盘
240,10:02:27,15.63,0.0,26,40638,买盘
241,10:02:33,15.64,0.01,1,1564,买盘
242,10:02:37,15.63,-0.01,11,17193,卖盘
243,10:03:00,15.62,-0.01,49,76551,卖盘
244,10:03:04,15.61,-0.01,25,39036,卖盘
245,10:03:36,15.61,0.0,75,117075,卖盘
246,10:03:46,15.6,-0.01,28,43685,卖盘
247,10:03:49,15.6,0.0,8,12480,卖盘
248,10:03:52,15.6,0.0,13,20280,卖盘
249,10:03:55,15.6,0.0,19,29640,卖盘
250,10:03:57,15.6,0.0,130,202800,卖盘
251,10:04:00,15.59,-0.01,11,17149,卖盘
252,10:04:04,15.59,0.0,17,26503,卖盘
253,10:04:06,15.59,0.0,22,34298,卖盘
254,10:04:10,15.58,-0.01,2,3116,卖盘
255,10:04:19,15.59,0.01,43,67037,买盘
256,10:04:22,15.58,-0.01,10,15587,卖盘
257,10:04:43,15.58,0.0,60,93480,卖盘
258,10:04:46,15.58,0.0,12,18400,卖盘
259,10:04:48,15.58,0.0,30,46740,买盘
260,10:05:04,15.58,0.0,29,45478,买盘
261,10:05:06,15.59,0.01,2,3118,买盘
262,10:05:10,15.56,-0.03,91,141353,买盘
263,10:05:13,15.56,0.0,1,1556,卖盘
264,10:05:39,15.57,0.01,68,105876,卖盘
265,10:05:43,15.57,0.0,16,24912,买盘
266,10:05:52,15.57,0.0,76,118332,买盘
267,10:05:55,15.58,0.01,34,53268,买盘
268,10:05:57,15.59,0.01,20,31179,买盘
269,10:06:00,15.59,0.0,32,49888,买盘
270,10:06:09,15.56,-0.03,252,392189,卖盘
271,10:06:12,15.56,0.0,4,6224,买盘
272,10:06:22,15.56,0.0,23,35788,买盘
273,10:06:30,15.56,0.0,30,46680,卖盘
274,10:06:33,15.51,-0.05,150,232830,卖盘
275,10:06:45,15.58,0.07,32,49856,买盘
276,10:06:51,15.58,0.0,3,4674,买盘
277,10:06:54,15.57,-0.01,59,91918,中性盘
278,10:06:58,15.58,0.01,16,24942,买盘
279,10:07:01,15.58,0.0,7,10911,卖盘
280,10:07:04,15.58,0.0,22,34276,买盘
281,10:07:07,15.58,0.0,26,40508,买盘
282,10:07:10,15.59,0.01,44,68593,买盘
283,10:07:12,15.6,0.01,9,14040,买盘
284,10:07:16,15.6,0.0,9,14040,买盘
285,10:07:19,15.61,0.01,9,14049,买盘
286,10:07:22,15.61,0.0,11,17171,买盘
287,10:07:25,15.61,0.0,6,9366,买盘
288,10:07:28,15.61,0.0,16,24976,买盘
289,10:07:36,15.61,0.0,1,1561,买盘
290,10:07:39,15.6,-0.01,10,15600,中性盘
291,10:07:57,15.6,0.0,2,3120,买盘
292,10:08:00,15.6,0.0,4,6240,买盘
293,10:08:09,15.6,0.0,10,15600,买盘
294,10:08:12,15.6,0.0,14,21840,买盘
295,10:08:16,15.6,0.0,12,18720,买盘
296,10:08:27,15.61,0.01,10,15610,买盘
297,10:08:52,15.6,-0.01,30,46800,卖盘
298,10:09:07,15.59,-0.01,8,12472,卖盘
299,10:09:13,15.6,0.01,30,46790,买盘
300,10:09:15,15.59,-0.01,3,4679,卖盘
301,10:09:22,15.59,0.0,5,7795,卖盘
302,10:09:25,15.6,0.01,4,6238,买盘
303,10:09:27,15.6,0.0,1,1560,卖盘
304,10:09:30,15.6,0.0,1,1560,卖盘
305,10:09:33,15.6,0.0,1,1560,卖盘
306,10:09:42,15.6,0.0,9,14040,卖盘
307,10:09:48,15.59,-0.01,25,38975,卖盘
308,10:10:01,15.59,0.0,1,1559,卖盘
309,10:10:04,15.6,0.01,22,34303,买盘
310,10:10:16,15.59,-0.01,1,1559,卖盘
311,10:10:30,15.59,0.0,10,15590,卖盘
312,10:10:33,15.58,-0.01,1,1558,卖盘
313,10:10:51,15.6,0.02,100,156000,买盘
314,10:10:54,15.58,-0.02,1,1558,卖盘
315,10:11:15,15.58,0.0,19,29611,卖盘
316,10:11:36,15.58,0.0,6,9348,买盘
317,10:11:39,15.58,0.0,1,1558,卖盘
318,10:11:42,15.58,0.0,1,1558,卖盘
319,10:11:45,15.58,0.0,42,65436,卖盘
320,10:11:54,15.57,-0.01,16,24915,卖盘
321,10:12:06,15.57,0.0,3,4671,买盘
322,10:12:12,15.58,0.01,3,4674,买盘
323,10:12:27,15.56,-0.02,23,35791,卖盘
324,10:12:42,15.56,0.0,18,28009,卖盘
325,10:12:51,15.6,0.04,30,46755,买盘
326,10:12:54,15.55,-0.05,40,62208,卖盘
327,10:13:00,15.54,-0.01,13,20212,卖盘
328,10:13:04,15.6,0.06,1,1560,买盘
329,10:13:06,15.57,-0.03,1,1557,卖盘
330,10:13:09,15.58,0.01,1,1558,卖盘
331,10:13:27,15.58,0.0,95,148030,卖盘
332,10:14:00,15.59,0.01,1,1559,卖盘
333,10:14:36,15.58,-0.01,10,15580,卖盘
334,10:15:04,15.58,0.0,2,3116,卖盘
335,10:15:31,15.58,0.0,5,7790,卖盘
336,10:15:39,15.59,0.01,1,1559,中性盘
337,10:16:06,15.57,-0.02,39,60723,卖盘
338,10:16:15,15.57,0.0,1,1557,买盘
339,10:16:36,15.57,0.0,44,68508,买盘
340,10:16:51,15.57,0.0,12,18684,买盘
341,10:17:18,15.57,0.0,2,3114,买盘
342,10:17:21,15.57,0.0,18,28026,买盘
343,10:17:30,15.57,0.0,4,6228,卖盘
344,10:17:33,15.57,0.0,3,4671,卖盘
345,10:17:57,15.57,0.0,1,1557,卖盘
346,10:18:21,15.58,0.01,1,1558,卖盘
347,10:18:24,15.58,0.0,1,1558,卖盘
348,10:19:04,15.58,0.0,5,7790,买盘
349,10:19:07,15.58,0.0,1,1558,买盘
350,10:19:12,15.57,-0.01,73,113688,卖盘
351,10:19:15,15.58,0.01,10,15580,卖盘
352,10:19:27,15.58,0.0,30,46740,买盘
353,10:19:30,15.58,0.0,7,10906,卖盘
354,10:19:54,15.58,0.0,5,7790,买盘
355,10:19:57,15.57,-0.01,12,18684,卖盘
356,10:20:04,15.58,0.01,32,49856,买盘
357,10:20:15,15.58,0.0,2,3116,买盘
358,10:20:21,15.57,-0.01,4,6228,卖盘
359,10:20:30,15.58,0.01,5,7790,买盘
360,10:20:36,15.57,-0.01,5,7785,卖盘
361,10:20:39,15.57,0.0,54,84078,卖盘
362,10:20:54,15.58,0.01,5,7790,买盘
363,10:21:06,15.58,0.0,24,37392,买盘
364,10:21:15,15.58,0.0,24,37392,卖盘
365,10:21:18,15.59,0.01,30,46766,买盘
366,10:21:27,15.57,-0.02,21,32727,卖盘
367,10:21:39,15.57,0.0,31,47878,卖盘
368,10:21:42,15.56,-0.01,1,1556,卖盘
369,10:21:51,15.55,-0.01,290,451047,卖盘
370,10:21:54,15.55,0.0,12,18654,卖盘
371,10:21:57,15.54,-0.01,4,6216,卖盘
372,10:22:00,15.54,0.0,7,10878,卖盘
373,10:22:03,15.54,0.0,41,63714,卖盘
374,10:22:07,15.54,0.0,13,20202,卖盘
375,10:22:10,15.54,0.0,42,65268,卖盘
376,10:22:12,15.53,-0.01,1,1553,卖盘
377,10:22:21,15.53,0.0,24,37272,卖盘
378,10:22:24,15.55,0.02,50,77737,买盘
379,10:22:39,15.53,-0.02,50,77650,卖盘
380,10:22:45,15.53,0.0,24,37278,卖盘
381,10:22:48,15.53,0.0,19,29511,买盘
382,10:22:57,15.53,0.0,6,9318,买盘
383,10:23:00,15.52,-0.01,10,15520,卖盘
384,10:23:04,15.52,0.0,40,62080,卖盘
385,10:23:06,15.51,-0.01,100,155136,卖盘
386,10:23:09,15.53,0.02,30,46590,买盘
387,10:23:21,15.51,-0.02,30,46530,卖盘
388,10:23:31,15.51,0.0,66,102366,卖盘
389,10:23:36,15.51,0.0,10,15510,买盘
390,10:23:43,15.5,-0.01,14,21709,卖盘
391,10:23:45,15.51,0.01,233,361152,买盘
392,10:23:48,15.5,-0.01,113,175150,卖盘
393,10:23:51,15.5,0.0,15,23250,卖盘
394,10:23:54,15.5,0.0,2,3100,买盘
395,10:24:00,15.5,0.0,2,3100,买盘
396,10:24:06,15.48,-0.02,29,44909,卖盘
397,10:24:10,15.5,0.02,65,100697,买盘
398,10:24:12,15.5,0.0,39,60450,买盘
399,10:24:15,15.5,0.0,23,35650,卖盘
400,10:24:24,15.51,0.01,165,255915,买盘
401,10:24:28,15.52,0.01,28,43456,买盘
402,10:25:09,15.52,0.0,46,71394,卖盘
403,10:25:12,15.54,0.02,3,4662,买盘
404,10:25:22,15.54,0.0,7,10878,买盘
405,10:25:24,15.52,-0.02,45,69865,卖盘
406,10:25:39,15.54,0.02,1,1554,买盘
407,10:25:45,15.52,-0.02,2,3104,卖盘
408,10:25:51,15.55,0.03,5,7775,买盘
409,10:26:06,15.55,0.0,4,6220,卖盘
410,10:26:15,15.56,0.01,74,114962,买盘
411,10:26:48,15.57,0.01,90,140073,买盘
412,10:27:30,15.57,0.0,5,7785,买盘
413,10:27:33,15.57,0.0,49,76682,买盘
414,10:27:45,15.58,0.01,2,3116,卖盘
415,10:28:24,15.57,-0.01,4,5839,卖盘
416,10:28:27,15.57,0.0,10,15570,买盘
417,10:28:42,15.56,-0.01,5,7780,卖盘
418,10:29:04,15.57,0.01,5,7785,买盘
419,10:29:09,15.57,0.0,18,28415,买盘
420,10:29:27,15.57,0.0,14,21412,卖盘
421,10:29:36,15.56,-0.01,6,9336,卖盘
422,10:29:52,15.56,0.0,7,10892,卖盘
423,10:29:55,15.56,0.0,2,3112,卖盘
424,10:30:18,15.51,-0.05,302,468677,卖盘
425,10:30:21,15.57,0.06,1,1557,买盘
426,10:30:25,15.57,0.0,69,107822,买盘
427,10:30:36,15.57,0.0,31,47878,卖盘
428,10:30:39,15.59,0.02,181,282051,买盘
429,10:30:42,15.58,-0.01,10,15580,中性盘
430,10:30:48,15.58,0.0,11,17138,买盘
431,10:30:54,15.58,0.0,1,1558,卖盘
432,10:30:57,15.58,0.0,1,1558,卖盘
433,10:31:00,15.58,0.0,10,15580,买盘
434,10:31:06,15.57,-0.01,1,1557,卖盘
435,10:31:09,15.57,0.0,3,4671,买盘
436,10:31:12,15.56,-0.01,1,1556,卖盘
437,10:31:18,15.57,0.01,12,18684,买盘
438,10:31:24,15.57,0.0,10,15570,买盘
439,10:31:30,15.57,0.0,5,7785,买盘
440,10:31:36,15.57,0.0,10,15570,买盘
441,10:31:54,15.57,0.0,10,15570,买盘
442,10:32:00,15.57,0.0,2,3114,买盘
443,10:32:09,15.57,0.0,10,15570,买盘
444,10:32:18,15.57,0.0,4,6228,买盘
445,10:32:30,15.56,-0.01,6,9336,卖盘
446,10:32:57,15.57,0.01,6,9342,买盘
447,10:33:00,15.53,-0.04,3,4665,卖盘
448,10:33:04,15.57,0.04,10,15570,买盘
449,10:33:18,15.57,0.0,5,7785,买盘
450,10:33:57,15.57,0.0,10,15570,买盘
451,10:34:09,15.57,0.0,1,1557,买盘
452,10:34:15,15.57,0.0,6,9342,卖盘
453,10:34:30,15.58,0.01,9,14022,买盘
454,10:34:34,15.58,0.0,15,23370,买盘
455,10:34:36,15.58,0.0,59,91891,买盘
456,10:34:55,15.6,0.02,57,88910,买盘
457,10:34:57,15.6,0.0,50,78011,卖盘
458,10:35:09,15.6,0.0,30,46800,卖盘
459,10:35:12,15.61,0.01,13,20293,买盘
460,10:35:15,15.61,0.0,6,9366,买盘
461,10:35:18,15.6,-0.01,32,49932,卖盘
462,10:35:25,15.61,0.01,2,3122,卖盘
463,10:35:30,15.61,0.0,2,3122,买盘
464,10:35:34,15.61,0.0,7,10927,买盘
465,10:35:37,15.62,0.01,26,40612,买盘
466,10:35:40,15.62,0.0,53,82688,买盘
467,10:35:42,15.6,-0.02,40,62406,卖盘
468,10:35:58,15.64,0.04,60,93809,买盘
469,10:36:01,15.6,-0.04,26,40620,卖盘
470,10:36:30,15.64,0.04,10,15640,买盘
471,10:36:43,15.64,0.0,1,1564,买盘
472,10:36:52,15.65,0.01,1,1565,买盘
473,10:36:57,15.64,-0.01,1,1564,中性盘
474,10:37:00,15.66,0.02,127,198826,买盘
475,10:37:04,15.6,-0.06,43,67114,卖盘
476,10:37:15,15.61,0.01,5,7807,卖盘
477,10:37:36,15.68,0.07,44,68953,买盘
478,10:37:39,15.62,-0.06,38,59374,卖盘
479,10:37:58,15.64,0.02,7,10942,买盘
480,10:38:09,15.64,0.0,2,3128,卖盘
481,10:38:12,15.67,0.03,212,332057,买盘
482,10:38:15,15.61,-0.06,42,65614,卖盘
483,10:38:30,15.68,0.07,200,313444,买盘
484,10:38:33,15.61,-0.07,31,48416,卖盘
485,10:38:48,15.7,0.09,200,313615,买盘
486,10:39:04,15.65,-0.05,3,4695,卖盘
487,10:39:06,15.63,-0.02,2,3126,卖盘
488,10:39:09,15.62,-0.01,25,39056,卖盘
489,10:39:27,15.66,0.04,1,1566,买盘
490,10:39:30,15.66,0.0,3,4698,卖盘
491,10:39:46,15.7,0.04,85,133233,买盘
492,10:39:48,15.63,-0.07,4,6254,卖盘
493,10:39:51,15.63,0.0,23,35949,买盘
494,10:40:04,15.67,0.04,5,7835,买盘
495,10:40:30,15.62,-0.05,73,114026,卖盘
496,10:40:33,15.61,-0.01,38,59378,卖盘
497,10:41:04,15.67,0.06,22,34474,买盘
498,10:41:06,15.67,0.0,36,56412,卖盘
499,10:41:09,15.69,0.02,125,195931,买盘
500,10:41:33,15.7,0.01,100,156787,买盘
501,10:41:54,15.7,0.0,103,161596,买盘
502,10:41:57,15.63,-0.07,17,26571,卖盘
503,10:42:01,15.63,0.0,16,25008,买盘
504,10:42:04,15.62,-0.01,40,62487,卖盘
505,10:42:21,15.7,0.08,100,156871,买盘
506,10:42:30,15.72,0.02,100,157005,买盘
507,10:42:33,15.67,-0.05,10,15670,卖盘
508,10:42:36,15.65,-0.02,3,4695,买盘
509,10:42:39,15.65,0.0,3,4695,买盘
510,10:42:42,15.65,0.0,3,4695,买盘
511,10:42:45,15.64,-0.01,12,18771,卖盘
512,10:42:48,15.65,0.01,6,9386,买盘
513,10:42:51,15.64,-0.01,2,3129,卖盘
514,10:43:22,15.62,-0.02,130,203136,卖盘
515,10:43:24,15.62,0.0,43,67131,买盘
516,10:43:27,15.62,0.0,8,12496,买盘
517,10:43:30,15.62,0.0,14,21868,买盘
518,10:43:33,15.62,0.0,46,71852,买盘
519,10:43:36,15.63,0.01,13,20319,买盘
520,10:43:39,15.63,0.0,13,20319,买盘
521,10:43:42,15.63,0.0,12,18756,买盘
522,10:43:45,15.63,0.0,5,7815,买盘
523,10:43:48,15.63,0.0,4,6252,买盘
524,10:43:51,15.63,0.0,3,4689,买盘
525,10:44:04,15.7,0.07,100,156886,买盘
526,10:44:06,15.63,-0.07,30,46890,卖盘
527,10:44:18,15.63,0.0,13,20319,卖盘
528,10:44:48,15.67,0.04,3,4701,买盘
529,10:44:51,15.63,-0.04,97,151713,卖盘
530,10:44:57,15.64,0.01,10,15640,买盘
531,10:45:01,15.67,0.03,100,156478,买盘
532,10:45:12,15.7,0.03,100,156892,买盘
533,10:45:30,15.67,-0.03,5,7835,买盘
534,10:45:33,15.7,0.03,57,89409,买盘
535,10:45:36,15.7,0.0,30,47100,卖盘
536,10:45:40,15.7,0.0,13,20410,卖盘
537,10:45:45,15.7,0.0,2,3140,买盘
538,10:46:33,15.64,-0.06,42,65703,卖盘
539,10:46:36,15.69,0.05,1,1569,买盘
540,10:47:00,15.7,0.01,100,156996,买盘
541,10:47:06,15.67,-0.03,6,9402,买盘
542,10:47:09,15.64,-0.03,26,40672,卖盘
543,10:47:27,15.69,0.05,59,92479,买盘
544,10:47:30,15.7,0.01,36,56520,卖盘
545,10:47:33,15.7,0.0,5,7850,卖盘
546,10:47:51,15.7,0.0,168,263760,买盘
547,10:47:54,15.7,0.0,89,139730,卖盘
548,10:47:57,15.7,0.0,43,67510,卖盘
549,10:48:03,15.7,0.0,2,3140,买盘
550,10:48:21,15.7,0.0,6,9420,买盘
551,10:48:54,15.7,0.0,44,69061,买盘
552,10:48:57,15.7,0.0,66,103620,卖盘
553,10:49:00,15.7,0.0,50,78500,卖盘
554,10:49:04,15.7,0.0,192,301440,卖盘
555,10:49:06,15.67,-0.03,10,15670,卖盘
556,10:49:42,15.7,0.03,125,196093,买盘
557,10:49:45,15.64,-0.06,37,57868,卖盘
558,10:50:24,15.64,0.0,6,9384,卖盘
559,10:50:27,15.64,0.0,29,45356,卖盘
560,10:51:10,15.65,0.01,2,3130,卖盘
561,10:51:12,15.64,-0.01,31,48484,卖盘
562,10:51:42,15.7,0.06,101,158291,买盘
563,10:51:45,15.64,-0.06,24,37537,卖盘
564,10:51:57,15.7,0.06,100,156865,买盘
565,10:52:39,15.67,-0.03,1,1567,买盘
566,10:52:42,15.64,-0.03,40,62570,卖盘
567,10:52:54,15.7,0.06,56,87850,买盘
568,10:52:57,15.7,0.0,44,69080,卖盘
569,10:53:00,15.67,-0.03,1,1567,买盘
570,10:53:15,15.66,-0.01,2,3132,卖盘
571,10:53:18,15.64,-0.02,28,43819,卖盘
572,10:53:24,15.76,0.12,523,822943,买盘
573,10:53:33,15.67,-0.09,22,34462,买盘
574,10:53:36,15.67,0.0,2,3134,买盘
575,10:53:39,15.67,0.0,53,83051,买盘
576,10:53:43,15.67,0.0,3,4701,买盘
577,10:53:45,15.83,0.16,542,854858,买盘
578,10:53:48,15.83,0.0,7,11081,买盘
579,10:54:24,15.75,-0.08,25,39375,买盘
580,10:54:27,15.71,-0.04,43,67565,卖盘
581,10:54:33,15.75,0.04,3,4725,买盘
582,10:54:42,15.75,0.0,61,96075,买盘
583,10:55:12,15.75,0.0,3,4725,买盘
584,10:55:15,15.7,-0.05,39,61230,卖盘
585,10:55:27,15.7,0.0,6,9420,卖盘
586,10:55:45,15.73,0.03,35,55055,买盘
587,10:56:09,15.73,0.0,2,3146,买盘
588,10:56:12,15.73,0.0,46,72252,买盘
589,10:56:18,15.73,0.0,2,3146,买盘
590,10:56:21,15.73,0.0,3,4719,买盘
591,10:56:25,15.73,0.0,6,9438,买盘
592,10:56:27,15.75,0.02,9,14174,买盘
593,10:56:30,15.76,0.01,81,127625,买盘
594,10:56:37,15.77,0.01,6,9462,买盘
595,10:56:40,15.77,0.0,3,4731,买盘
596,10:56:43,15.77,0.0,2,3154,买盘
597,10:56:45,15.78,0.01,1,1578,买盘
598,10:56:48,15.71,-0.07,25,39285,卖盘
599,10:57:00,15.75,0.04,1,1575,买盘
600,10:57:04,15.75,0.0,2,3150,买盘
601,10:57:09,15.78,0.03,4,6312,买盘
602,10:57:45,15.74,-0.04,41,64534,中性盘
603,10:57:51,15.77,0.03,2,3154,买盘
604,10:57:54,15.77,0.0,5,7885,买盘
605,10:58:24,15.74,-0.03,2,3148,卖盘
606,10:58:27,15.74,0.0,30,47220,卖盘
607,10:58:30,15.74,0.0,6,9444,卖盘
608,10:58:42,15.74,0.0,40,62994,卖盘
609,10:58:54,15.75,0.01,1,1575,卖盘
610,10:59:54,15.73,-0.02,41,64533,卖盘
611,10:59:57,15.73,0.0,1,1573,卖盘
612,11:00:00,15.72,-0.01,24,37743,卖盘
613,11:00:27,15.75,0.03,3,4725,买盘
614,11:00:30,15.75,0.0,3,4725,卖盘
615,11:00:54,15.75,0.0,2,3150,买盘
616,11:00:57,15.73,-0.02,41,64515,卖盘
617,11:01:15,15.75,0.02,5,7875,买盘
618,11:01:24,15.75,0.0,30,47250,买盘
619,11:01:45,15.75,0.0,12,18900,买盘
620,11:01:48,15.72,-0.03,37,58206,卖盘
621,11:02:09,15.75,0.03,6,9450,买盘
622,11:02:24,15.75,0.0,1,1575,买盘
623,11:02:27,15.73,-0.02,27,42497,卖盘
624,11:03:12,15.75,0.02,2,3150,买盘
625,11:03:15,15.73,-0.02,37,58229,卖盘
626,11:03:21,15.75,0.02,1,1575,买盘
627,11:03:24,15.76,0.01,51,80364,买盘
628,11:03:36,15.76,0.0,7,11034,卖盘
629,11:03:39,15.77,0.01,2,3154,买盘
630,11:03:54,15.76,-0.01,2,3152,卖盘
631,11:03:57,15.75,-0.01,30,47251,卖盘
632,11:04:12,15.75,0.0,1,1575,卖盘
633,11:04:15,15.75,0.0,8,12600,卖盘
634,11:04:18,15.75,0.0,10,15750,卖盘
635,11:04:21,15.76,0.01,18,28368,买盘
636,11:04:24,15.77,0.01,22,34692,买盘
637,11:04:30,15.77,0.0,90,141772,买盘
638,11:04:33,15.77,0.0,31,48887,卖盘
639,11:04:39,15.78,0.01,5,7890,买盘
640,11:04:45,15.78,0.0,6,9468,买盘
641,11:05:00,15.78,0.0,20,31560,买盘
642,11:05:12,15.78,0.0,1,1578,买盘
643,11:05:15,15.76,-0.02,30,47280,卖盘
644,11:06:15,15.72,-0.04,41,64486,卖盘
645,11:06:18,15.72,0.0,1,1572,卖盘
646,11:06:36,15.72,0.0,1,1572,卖盘
647,11:07:12,15.73,0.01,41,64493,中性盘
648,11:08:04,15.74,0.01,1,1574,卖盘
649,11:08:07,15.72,-0.02,37,58173,卖盘
650,11:08:30,15.72,0.0,2,3144,卖盘
651,11:09:06,15.71,-0.01,41,64450,卖盘
652,11:09:51,15.71,0.0,1,1571,卖盘
653,11:09:54,15.7,-0.01,42,65979,卖盘
654,11:10:01,15.7,0.0,14,21980,卖盘
655,11:10:06,15.7,0.0,1,1570,卖盘
656,11:10:49,15.7,0.0,353,554220,卖盘
657,11:10:52,15.65,-0.05,74,116001,卖盘
658,11:10:55,15.65,0.0,23,35995,卖盘
659,11:11:46,15.65,0.0,17,26605,卖盘
660,11:11:48,15.65,0.0,40,62620,卖盘
661,11:12:06,15.66,0.01,2,3132,卖盘
662,11:12:21,15.66,0.0,5,7830,买盘
663,11:12:24,15.65,-0.01,25,39125,卖盘
664,11:12:34,15.65,0.0,17,26605,卖盘
665,11:13:15,15.65,0.0,28,43820,卖盘
666,11:13:18,15.65,0.0,37,57905,卖盘
667,11:13:24,15.64,-0.01,14,21909,卖盘
668,11:13:42,15.64,0.0,39,60996,卖盘
669,11:14:04,15.65,0.01,15,23475,卖盘
670,11:14:06,15.64,-0.01,34,53192,卖盘
671,11:14:40,15.64,0.0,20,31282,卖盘
672,11:14:42,15.64,0.0,25,39100,卖盘
673,11:14:51,15.64,0.0,5,7822,卖盘
674,11:14:55,15.64,0.0,17,26588,卖盘
675,11:14:57,15.64,0.0,2,3128,卖盘
676,11:15:04,15.64,0.0,2,3128,卖盘
677,11:15:07,15.64,0.0,7,10948,卖盘
678,11:15:10,15.64,0.0,5,7820,卖盘
679,11:15:13,15.64,0.0,10,15640,卖盘
680,11:15:15,15.64,0.0,3,4692,卖盘
681,11:15:18,15.63,-0.01,25,39075,卖盘
682,11:15:30,15.63,0.0,27,42201,卖盘
683,11:15:40,15.63,0.0,16,25008,卖盘
684,11:15:43,15.63,0.0,13,20319,卖盘
685,11:15:46,15.63,0.0,11,17193,卖盘
686,11:15:49,15.63,0.0,5,7815,卖盘
687,11:15:57,15.63,0.0,55,85965,卖盘
688,11:16:00,15.63,0.0,60,93800,卖盘
689,11:16:04,15.64,0.01,1,1564,买盘
690,11:16:51,15.63,-0.01,18,28134,卖盘
691,11:16:54,15.62,-0.01,38,59356,卖盘
692,11:17:04,15.63,0.01,5,7815,买盘
693,11:17:06,15.63,0.0,1,1563,卖盘
694,11:17:12,15.6,-0.03,509,794446,卖盘
695,11:17:15,15.64,0.04,10,15607,买盘
696,11:17:51,15.6,-0.04,38,59316,卖盘
697,11:18:45,15.61,0.01,38,59318,卖盘
698,11:19:21,15.61,0.0,13,20293,卖盘
699,11:19:24,15.6,-0.01,29,45256,卖盘
700,11:19:27,15.62,0.02,9,14058,买盘
701,11:19:30,15.64,0.02,2,3128,买盘
702,11:19:33,15.66,0.02,8,12516,买盘
703,11:19:37,15.66,0.0,6,9396,买盘
704,11:19:40,15.66,0.0,37,57942,买盘
705,11:19:43,15.67,0.01,2,3134,买盘
706,11:19:45,15.67,0.0,3,4701,卖盘
707,11:19:49,15.66,-0.01,1,1566,买盘
708,11:19:51,15.66,0.0,2,3132,买盘
709,11:20:30,15.7,0.04,30,47100,买盘
710,11:20:33,15.63,-0.07,39,60957,卖盘
711,11:20:45,15.7,0.07,2,3140,买盘
712,11:20:54,15.74,0.04,65,102091,买盘
713,11:21:00,15.67,-0.07,3,4701,买盘
714,11:21:03,15.67,0.0,3,4701,买盘
715,11:21:06,15.67,0.0,1,1567,买盘
716,11:21:10,15.67,0.0,1,1567,买盘
717,11:21:12,15.67,0.0,3,4701,买盘
718,11:21:16,15.65,-0.02,15,23481,卖盘
719,11:21:51,15.65,0.0,36,56353,卖盘
720,11:21:57,15.65,0.0,13,20345,卖盘
721,11:22:00,15.65,0.0,4,6260,买盘
722,11:22:03,15.65,0.0,31,48515,买盘
723,11:22:06,15.65,0.0,46,71990,买盘
724,11:22:33,15.71,0.06,1,1571,买盘
725,11:22:36,15.64,-0.07,34,53177,卖盘
726,11:22:39,15.65,0.01,6,9396,卖盘
727,11:22:42,15.65,0.0,41,64171,卖盘
728,11:22:45,15.71,0.06,2,3142,买盘
729,11:23:30,15.66,-0.05,36,56396,卖盘
730,11:24:27,15.66,0.0,36,56377,卖盘
731,11:25:21,15.66,0.0,36,56376,卖盘
732,11:25:48,15.66,0.0,6,9396,卖盘
733,11:25:51,15.66,0.0,28,43848,卖盘
734,11:26:33,15.66,0.0,40,62640,卖盘
735,11:26:36,15.65,-0.01,29,45396,卖盘
736,11:27:27,15.65,0.0,29,45385,卖盘
737,11:28:18,15.66,0.01,28,43848,卖盘
738,11:28:21,15.65,-0.01,14,21912,卖盘
739,11:28:33,15.69,0.04,9,14093,买盘
740,11:28:36,15.65,-0.04,12,18804,卖盘
741,11:28:48,15.65,0.0,13,20345,卖盘
742,11:29:09,15.77,0.12,100,157318,买盘
743,11:29:24,15.7,-0.07,2,3140,卖盘
744,11:29:30,15.7,0.0,2,3140,卖盘
745,11:29:51,15.7,0.0,28,43960,中性盘
746,11:29:57,15.78,0.08,200,315348,买盘
747,13:00:04,15.76,-0.02,34,53437,买盘
748,13:00:18,15.71,-0.05,2,3142,卖盘
749,13:01:00,15.71,0.0,4,6284,卖盘
750,13:01:09,15.74,0.03,6,9444,买盘
751,13:01:30,15.71,-0.03,13,20423,卖盘
752,13:01:33,15.73,0.02,1,1573,买盘
753,13:02:06,15.71,-0.02,3,4713,卖盘
754,13:02:54,15.71,0.0,3,4713,卖盘
755,13:03:18,15.71,0.0,2,3142,卖盘
756,13:03:57,15.71,0.0,1,1571,买盘
757,13:04:00,15.71,0.0,1,1571,买盘
758,13:04:03,15.7,-0.01,11,17271,卖盘
759,13:04:06,15.71,0.01,2,3142,买盘
760,13:04:09,15.71,0.0,1,1571,买盘
761,13:04:15,15.7,-0.01,230,361100,卖盘
762,13:04:36,15.7,0.0,228,357960,卖盘
763,13:04:39,15.7,0.0,11,17270,卖盘
764,13:04:45,15.69,-0.01,7,10983,卖盘
765,13:06:04,15.69,0.0,6,9414,卖盘
766,13:07:36,15.69,0.0,32,50208,卖盘
767,13:08:09,15.69,0.0,1,1569,买盘
768,13:08:16,15.69,0.0,20,31380,买盘
769,13:09:03,15.68,-0.01,20,31360,卖盘
770,13:09:36,15.69,0.01,2,3138,买盘
771,13:09:45,15.68,-0.01,50,78400,卖盘
772,13:09:48,15.69,0.01,1,1569,买盘
773,13:11:06,15.69,0.0,1,1569,买盘
774,13:11:12,15.69,0.0,10,15690,买盘
775,13:11:36,15.68,-0.01,7,10976,卖盘
776,13:11:42,15.68,0.0,1,1568,卖盘
777,13:11:57,15.68,0.0,50,78400,卖盘
778,13:12:03,15.69,0.01,28,43906,买盘
779,13:12:06,15.68,-0.01,1,1568,卖盘
780,13:12:21,15.68,0.0,5,7840,卖盘
781,13:12:33,15.68,0.0,3,4704,卖盘
782,13:14:51,15.68,0.0,18,28224,卖盘
783,13:15:24,15.69,0.01,2,3138,买盘
784,13:16:15,15.68,-0.01,1,1568,卖盘
785,13:16:18,15.69,0.01,4,6276,买盘
786,13:16:33,15.69,0.0,29,45501,买盘
787,13:16:57,15.69,0.0,8,12552,卖盘
788,13:17:00,15.69,0.0,2,3138,买盘
789,13:17:12,15.68,-0.01,23,36064,卖盘
790,13:17:15,15.68,0.0,1,1568,卖盘
791,13:17:18,15.68,0.0,2,3136,卖盘
792,13:17:21,15.68,0.0,3,4704,卖盘
793,13:17:57,15.68,0.0,30,47040,卖盘
794,13:18:13,15.68,0.0,10,15680,卖盘
795,13:18:33,15.68,0.0,10,15680,卖盘
796,13:18:45,15.68,0.0,4,6272,卖盘
797,13:19:09,15.67,-0.01,90,141036,卖盘
798,13:19:12,15.67,0.0,1,1567,卖盘
799,13:19:51,15.68,0.01,2,3136,卖盘
800,13:20:06,15.68,0.0,9,14112,买盘
801,13:20:33,15.68,0.0,10,15680,卖盘
802,13:21:40,15.68,0.0,1,1568,卖盘
803,13:21:46,15.69,0.01,7,10983,买盘
804,13:22:09,15.68,-0.01,1,1568,卖盘
805,13:22:15,15.7,0.02,119,186830,买盘
806,13:23:48,15.7,0.0,1,1570,卖盘
807,13:23:57,15.71,0.01,14,21994,买盘
808,13:24:33,15.7,-0.01,1,1570,卖盘
809,13:25:12,15.7,0.0,4,6279,买盘
810,13:25:21,15.69,-0.01,4,6276,卖盘
811,13:25:33,15.7,0.01,3,4710,买盘
812,13:25:36,15.7,0.0,6,9420,买盘
813,13:26:18,15.7,0.0,1,1570,买盘
814,13:26:24,15.69,-0.01,5,7845,卖盘
815,13:28:06,15.69,0.0,1,1569,卖盘
816,13:28:33,15.7,0.01,33,51810,买盘
817,13:28:42,15.69,-0.01,2,3138,卖盘
818,13:28:45,15.69,0.0,3,4707,买盘
819,13:28:54,15.68,-0.01,4,6272,卖盘
820,13:29:21,15.69,0.01,3,4707,买盘
821,13:29:33,15.69,0.0,7,10983,买盘
822,13:29:48,15.71,0.02,10,15701,买盘
823,13:29:54,15.69,-0.02,8,12552,卖盘
824,13:30:06,15.69,0.0,5,7845,卖盘
825,13:30:21,15.7,0.01,1,1570,买盘
826,13:30:24,15.7,0.0,6,9420,卖盘
827,13:30:27,15.7,0.0,1,1570,卖盘
828,13:30:30,15.7,0.0,1,1570,卖盘
829,13:31:15,15.69,-0.01,1,1569,卖盘
830,13:31:24,15.68,-0.01,25,39205,卖盘
831,13:31:36,15.7,0.02,1,1570,买盘
832,13:32:12,15.68,-0.02,22,34496,卖盘
833,13:32:36,15.67,-0.01,1,1567,卖盘
834,13:32:39,15.67,0.0,40,62680,卖盘
835,13:32:42,15.67,0.0,3,4701,卖盘
836,13:32:54,15.66,-0.01,55,86130,卖盘
837,13:32:57,15.66,0.0,1,1566,卖盘
838,13:33:21,15.66,0.0,3,4698,买盘
839,13:33:39,15.66,0.0,1,1566,买盘
840,13:33:42,15.66,0.0,2,3132,买盘
841,13:33:46,15.66,0.0,9,14094,买盘
842,13:34:06,15.66,0.0,1,1566,中性盘
843,13:34:24,15.67,0.01,5,7835,买盘
844,13:34:30,15.7,0.03,220,345284,买盘
845,13:34:42,15.7,0.0,3,4710,买盘
846,13:34:51,15.7,0.0,15,23550,买盘
847,13:35:18,15.7,0.0,6,9420,卖盘
848,13:35:21,15.71,0.01,1,1571,卖盘
849,13:35:30,15.67,-0.04,2,3134,卖盘
850,13:36:33,15.68,0.01,40,62725,卖盘
851,13:37:00,15.68,0.0,36,56448,卖盘
852,13:37:04,15.68,0.0,4,6272,买盘
853,13:37:24,15.67,-0.01,1,1567,卖盘
854,13:37:27,15.67,0.0,13,20371,卖盘
855,13:38:15,15.67,0.0,2,3134,买盘
856,13:38:18,15.67,0.0,42,65814,买盘
857,13:38:21,15.67,0.0,30,47010,买盘
858,13:38:24,15.67,0.0,53,83051,买盘
859,13:38:28,15.66,-0.01,19,29768,卖盘
860,13:38:45,15.71,0.05,1,1571,买盘
861,13:38:51,15.67,-0.04,10,15670,卖盘
862,13:39:45,15.71,0.04,2,3142,买盘
863,13:39:57,15.71,0.0,1,1571,买盘
864,13:40:21,15.68,-0.03,1,1568,卖盘
865,13:40:42,15.68,0.0,10,15680,卖盘
866,13:41:36,15.7,0.02,2,3140,买盘
867,13:41:55,15.69,-0.01,3,4707,卖盘
868,13:41:57,15.7,0.01,8,12560,买盘
869,13:42:06,15.68,-0.02,1,1568,卖盘
870,13:43:15,15.68,0.0,1,1568,卖盘
871,13:44:04,15.68,0.0,18,28224,卖盘
872,13:44:12,15.68,0.0,2,3136,买盘
873,13:44:15,15.67,-0.01,2,3135,卖盘
874,13:44:18,15.67,0.0,1,1567,卖盘
875,13:44:30,15.68,0.01,1,1568,买盘
876,13:44:45,15.68,0.0,4,6272,买盘
877,13:44:55,15.67,-0.01,10,15670,卖盘
878,13:45:39,15.67,0.0,5,7835,卖盘
879,13:46:09,15.66,-0.01,18,28188,卖盘
880,13:46:12,15.68,0.02,36,56422,买盘
881,13:46:15,15.68,0.0,4,6272,卖盘
882,13:46:22,15.68,0.0,1,1568,卖盘
883,13:46:24,15.68,0.0,43,67424,卖盘
884,13:46:30,15.7,0.02,48,75357,买盘
885,13:46:33,15.7,0.0,2,3140,卖盘
886,13:46:36,15.7,0.0,1,1570,卖盘
887,13:46:42,15.7,0.0,15,23550,卖盘
888,13:47:13,15.67,-0.03,10,15670,卖盘
889,13:47:30,15.67,0.0,1,1567,卖盘
890,13:47:33,15.69,0.02,1,1569,买盘
891,13:47:36,15.69,0.0,1,1569,买盘
892,13:47:45,15.69,0.0,3,4707,买盘
893,13:47:48,15.68,-0.01,4,6272,中性盘
894,13:48:00,15.68,0.0,1,1568,买盘
895,13:48:09,15.68,0.0,2,3136,买盘
896,13:48:45,15.67,-0.01,9,14103,卖盘
897,13:49:21,15.66,-0.01,1,1566,卖盘
898,13:49:27,15.67,0.01,17,26635,买盘
899,13:49:33,15.66,-0.01,8,12528,卖盘
900,13:49:45,15.68,0.02,1,1568,买盘
901,13:50:04,15.66,-0.02,5,7830,卖盘
902,13:50:21,15.68,0.02,1,1568,买盘
903,13:50:36,15.66,-0.02,1,1566,卖盘
904,13:50:48,15.67,0.01,1,1567,买盘
905,13:51:09,15.67,0.0,12,18794,买盘
906,13:51:18,15.66,-0.01,1,1566,卖盘
907,13:51:42,15.67,0.01,1,1567,买盘
908,13:51:45,15.66,-0.01,11,17227,卖盘
909,13:51:48,15.67,0.01,1,1567,买盘
910,13:51:51,15.67,0.0,1,1567,买盘
911,13:51:54,15.67,0.0,1,1567,买盘
912,13:51:57,15.68,0.01,1,1568,买盘
913,13:52:00,15.68,0.0,20,31360,买盘
914,13:52:04,15.67,-0.01,10,15670,卖盘
915,13:52:10,15.69,0.02,104,163176,买盘
916,13:52:12,15.69,0.0,14,21966,买盘
917,13:52:15,15.7,0.01,5,7850,买盘
918,13:52:21,15.69,-0.01,1,1569,卖盘
919,13:52:24,15.7,0.01,1,1570,买盘
920,13:52:27,15.7,0.0,1,1570,买盘
921,13:52:33,15.7,0.0,1,1570,买盘
922,13:52:42,15.7,0.0,2,3140,买盘
923,13:52:45,15.7,0.0,2,3140,买盘
924,13:52:48,15.7,0.0,2,3140,买盘
925,13:52:51,15.7,0.0,6,9420,买盘
926,13:52:54,15.7,0.0,17,26690,买盘
927,13:53:00,15.7,0.0,15,23550,买盘
928,13:53:06,15.71,0.01,1,1571,买盘
929,13:53:09,15.71,0.0,1,1571,买盘
930,13:53:12,15.71,0.0,6,9426,买盘
931,13:53:15,15.71,0.0,4,6284,买盘
932,13:53:18,15.71,0.0,3,4713,买盘
933,13:53:21,15.71,0.0,1,1571,买盘
934,13:53:24,15.71,0.0,1,1571,买盘
935,13:53:27,15.71,0.0,1,1571,买盘
936,13:53:30,15.71,0.0,1,1571,买盘
937,13:53:33,15.71,0.0,5,7855,买盘
938,13:54:12,15.75,0.04,6,9446,买盘
939,13:54:15,15.75,0.0,1,1575,买盘
940,13:54:18,15.72,-0.03,5,7860,卖盘
941,13:54:21,15.72,0.0,3,4716,卖盘
942,13:54:42,15.72,0.0,12,18864,卖盘
943,13:54:45,15.72,0.0,3,4716,卖盘
944,13:54:49,15.72,0.0,3,4716,卖盘
945,13:55:12,15.7,-0.02,533,836948,卖盘
946,13:55:21,15.7,0.0,5,7862,卖盘
947,13:55:39,15.7,0.0,93,146010,卖盘
948,13:55:42,15.7,0.0,4,6280,买盘
949,13:55:51,15.69,-0.01,2,3138,卖盘
950,13:55:54,15.7,0.01,2,3140,买盘
951,13:56:06,15.7,0.0,1,1570,买盘
952,13:56:33,15.69,-0.01,2,3138,卖盘
953,13:56:37,15.7,0.01,4,6277,买盘
954,13:57:25,15.7,0.0,113,177410,买盘
955,13:57:45,15.73,0.03,3,4719,买盘
956,13:57:51,15.71,-0.02,2,3142,买盘
957,13:58:12,15.7,-0.01,1,1570,卖盘
958,13:58:27,15.7,0.0,18,28260,卖盘
959,13:58:42,15.69,-0.01,1,1569,买盘
960,13:59:30,15.68,-0.01,15,23520,卖盘
961,13:59:33,15.68,0.0,6,9408,卖盘
962,13:59:36,15.68,0.0,1,1568,卖盘
963,14:00:42,15.69,0.01,1,1569,买盘
964,14:01:04,15.7,0.01,245,384628,买盘
965,14:01:06,15.71,0.01,2,3138,买盘
966,14:01:21,15.67,-0.04,19,29777,卖盘
967,14:01:28,15.66,-0.01,6,9396,卖盘
968,14:01:33,15.67,0.01,1,1567,买盘
969,14:01:42,15.67,0.0,9,14103,卖盘
970,14:01:46,15.68,0.01,7,10970,买盘
971,14:01:48,15.66,-0.02,9,14094,卖盘
972,14:01:52,15.66,0.0,5,7830,卖盘
973,14:01:54,15.63,-0.03,261,408236,卖盘
974,14:02:06,15.63,0.0,10,15630,卖盘
975,14:02:24,15.63,0.0,6,9378,卖盘
976,14:03:15,15.64,0.01,5,7820,卖盘
977,14:03:18,15.64,0.0,2,3128,买盘
978,14:03:33,15.64,0.0,1,1564,买盘
979,14:03:46,15.64,0.0,1,1564,买盘
980,14:04:00,15.63,-0.01,29,45327,卖盘
981,14:04:06,15.63,0.0,1,1563,卖盘
982,14:04:12,15.63,0.0,20,31260,卖盘
983,14:04:27,15.64,0.01,7,10947,买盘
984,14:04:39,15.64,0.0,1,1564,买盘
985,14:04:46,15.63,-0.01,2,3126,卖盘
986,14:05:15,15.63,0.0,20,31260,卖盘
987,14:05:21,15.64,0.01,10,15640,买盘
988,14:05:27,15.63,-0.01,2,3126,卖盘
989,14:05:42,15.63,0.0,7,10941,卖盘
990,14:05:48,15.64,0.01,5,7820,买盘
991,14:05:51,15.64,0.0,20,31280,买盘
992,14:06:04,15.64,0.0,4,6256,买盘
993,14:06:12,15.64,0.0,21,32844,买盘
994,14:06:18,15.65,0.01,6,9390,卖盘
995,14:06:21,15.65,0.0,5,7825,卖盘
996,14:06:36,15.65,0.0,25,39125,卖盘
997,14:06:39,15.65,0.0,1,1565,卖盘
998,14:06:43,15.65,0.0,13,20345,卖盘
999,14:06:45,15.67,0.02,39,61051,买盘
1000,14:06:48,15.66,-0.01,2,3132,中性盘
1001,14:06:51,15.65,-0.01,1,1565,卖盘
1002,14:06:54,15.67,0.02,2,3132,买盘
1003,14:07:09,15.64,-0.03,37,57904,卖盘
1004,14:07:12,15.64,0.0,1,1564,卖盘
1005,14:07:21,15.65,0.01,1,1565,买盘
1006,14:07:36,15.65,0.0,1,1565,买盘
1007,14:07:40,15.65,0.0,1,1565,卖盘
1008,14:07:45,15.65,0.0,23,35995,卖盘
1009,14:07:48,15.65,0.0,14,21910,买盘
1010,14:08:12,15.64,-0.01,6,9384,卖盘
1011,14:08:34,15.65,0.01,5,7825,买盘
1012,14:08:42,15.64,-0.01,3,4692,卖盘
1013,14:08:57,15.65,0.01,5,7825,买盘
1014,14:09:33,15.64,-0.01,10,15640,卖盘
1015,14:10:22,15.65,0.01,14,21909,买盘
1016,14:10:33,15.66,0.01,12,18792,买盘
1017,14:10:39,15.66,0.0,5,7830,买盘
1018,14:10:45,15.66,0.0,4,6264,买盘
1019,14:11:18,15.66,0.0,97,151993,卖盘
1020,14:11:34,15.66,0.0,24,37584,卖盘
1021,14:11:46,15.66,0.0,1,1566,卖盘
1022,14:11:57,15.66,0.0,8,12528,卖盘
1023,14:12:00,15.66,0.0,6,9396,卖盘
1024,14:12:42,15.64,-0.02,5,7820,卖盘
1025,14:13:06,15.64,0.0,3,4692,卖盘
1026,14:13:21,15.64,0.0,1,1564,卖盘
1027,14:13:24,15.64,0.0,27,42228,卖盘
1028,14:13:57,15.64,0.0,10,15640,卖盘
1029,14:14:00,15.66,0.02,10,15642,买盘
1030,14:14:21,15.64,-0.02,4,6256,卖盘
1031,14:14:33,15.63,-0.01,20,31260,卖盘
1032,14:14:55,15.63,0.0,30,46890,卖盘
1033,14:15:00,15.63,0.0,2,3126,卖盘
1034,14:15:04,15.63,0.0,30,46890,卖盘
1035,14:15:18,15.62,-0.01,49,76538,卖盘
1036,14:15:30,15.63,0.01,9,14067,买盘
1037,14:15:45,15.62,-0.01,6,9372,卖盘
1038,14:15:51,15.62,0.0,16,24992,卖盘
1039,14:16:00,15.62,0.0,5,7810,买盘
1040,14:16:06,15.61,-0.01,1,1561,卖盘
1041,14:16:12,15.6,-0.01,515,803493,卖盘
1042,14:16:21,15.59,-0.01,63,98217,卖盘
1043,14:16:39,15.59,0.0,4,6236,卖盘
1044,14:16:42,15.6,0.01,2,3120,买盘
1045,14:16:54,15.59,-0.01,4,6236,卖盘
1046,14:16:57,15.59,0.0,30,46770,卖盘
1047,14:17:03,15.6,0.01,42,65520,买盘
1048,14:17:09,15.59,-0.01,19,29621,卖盘
1049,14:17:18,15.59,0.0,28,43652,卖盘
1050,14:17:30,15.59,0.0,7,10913,买盘
1051,14:17:33,15.59,0.0,10,15590,卖盘
1052,14:17:45,15.59,0.0,8,12472,卖盘
1053,14:17:48,15.6,0.01,24,37429,买盘
1054,14:17:51,15.59,-0.01,2,3119,卖盘
1055,14:18:07,15.59,0.0,9,14031,卖盘
1056,14:18:10,15.59,0.0,20,31180,卖盘
1057,14:18:12,15.59,0.0,3,4677,卖盘
1058,14:18:30,15.59,0.0,24,37416,买盘
1059,14:18:43,15.6,0.01,9,14040,买盘
1060,14:18:48,15.59,-0.01,4,6236,卖盘
1061,14:18:57,15.6,0.01,21,32760,买盘
1062,14:19:09,15.59,-0.01,3,4677,卖盘
1063,14:19:13,15.59,0.0,106,165254,卖盘
1064,14:19:27,15.59,0.0,25,38975,买盘
1065,14:19:36,15.59,0.0,5,7795,卖盘
1066,14:19:39,15.59,0.0,45,70155,卖盘
1067,14:20:07,15.58,-0.01,10,15580,卖盘
1068,14:20:09,15.59,0.01,30,46769,买盘
1069,14:20:15,15.6,0.01,30,46800,买盘
1070,14:20:45,15.61,0.01,6,9366,买盘
1071,14:20:51,15.6,-0.01,25,39000,卖盘
1072,14:20:54,15.61,0.01,4,6244,中性盘
1073,14:20:57,15.61,0.0,1,1561,卖盘
1074,14:21:01,15.62,0.01,62,96844,买盘
1075,14:21:13,15.62,0.0,40,62480,买盘
1076,14:21:27,15.62,0.0,5,7810,买盘
1077,14:21:51,15.61,-0.01,100,156100,卖盘
1078,14:22:25,15.61,0.0,1,1561,卖盘
1079,14:22:52,15.61,0.0,89,138929,卖盘
1080,14:23:24,15.61,0.0,2,3122,买盘
1081,14:23:46,15.61,0.0,6,9366,买盘
1082,14:23:57,15.61,0.0,2,3122,买盘
1083,14:24:12,15.6,-0.01,40,62406,卖盘
1084,14:24:18,15.6,0.0,40,62400,卖盘
1085,14:24:36,15.6,0.0,39,60840,卖盘
1086,14:24:45,15.6,0.0,5,7800,买盘
1087,14:25:09,15.59,-0.01,50,77950,卖盘
1088,14:25:12,15.6,0.01,57,88920,买盘
1089,14:25:21,15.6,0.0,32,49920,卖盘
1090,14:25:28,15.6,0.0,38,59280,买盘
1091,14:25:42,15.6,0.0,2,3120,买盘
1092,14:25:45,15.59,-0.01,41,63919,卖盘
1093,14:25:48,15.59,0.0,10,15590,买盘
1094,14:26:00,15.59,0.0,7,10913,买盘
1095,14:26:04,15.59,0.0,3,4677,买盘
1096,14:26:06,15.59,0.0,39,60801,买盘
1097,14:26:27,15.59,0.0,43,67037,卖盘
1098,14:26:30,15.59,0.0,3,4677,买盘
1099,14:27:15,15.59,0.0,36,56109,买盘
1100,14:27:18,15.59,0.0,5,7795,买盘
1101,14:27:21,15.59,0.0,2,3118,买盘
1102,14:27:24,15.59,0.0,12,18708,买盘
1103,14:27:27,15.59,0.0,2,3118,买盘
1104,14:27:30,15.59,0.0,2,3118,买盘
1105,14:27:34,15.59,0.0,10,15590,买盘
1106,14:27:46,15.56,-0.03,303,471759,卖盘
1107,14:27:54,15.6,0.04,1,1560,买盘
1108,14:28:46,15.58,-0.02,1,1558,中性盘
1109,14:29:04,15.6,0.02,68,106079,买盘
1110,14:29:15,15.6,0.0,172,268320,卖盘
1111,14:29:30,15.6,0.0,1,1560,买盘
1112,14:29:54,15.6,0.0,5,7800,买盘
1113,14:30:09,15.6,0.0,5,7800,买盘
1114,14:30:21,15.61,0.01,120,187203,买盘
1115,14:30:27,15.62,0.01,201,313962,买盘
1116,14:30:45,15.65,0.03,3,4695,买盘
1117,14:30:55,15.66,0.01,10,15660,买盘
1118,14:31:04,15.66,0.0,10,15660,买盘
1119,14:31:27,15.66,0.0,32,50112,买盘
1120,14:31:31,15.66,0.0,23,36018,买盘
1121,14:31:42,15.65,-0.01,2,3130,卖盘
1122,14:31:45,15.65,0.0,1,1565,卖盘
1123,14:31:51,15.65,0.0,37,57905,卖盘
1124,14:31:54,15.66,0.01,1,1566,买盘
1125,14:32:12,15.65,-0.01,10,15650,买盘
1126,14:32:51,15.63,-0.02,3,4689,卖盘
1127,14:33:04,15.65,0.02,1,1565,买盘
1128,14:33:15,15.65,0.0,5,7825,买盘
1129,14:33:48,15.65,0.0,1,1565,买盘
1130,14:33:51,15.64,-0.01,1,1564,中性盘
1131,14:34:12,15.63,-0.01,11,17193,卖盘
1132,14:34:15,15.64,0.01,1,1564,买盘
1133,14:34:57,15.63,-0.01,8,12504,卖盘
1134,14:35:03,15.63,0.0,10,15630,卖盘
1135,14:35:15,15.63,0.0,20,31260,卖盘
1136,14:35:39,15.63,0.0,6,9378,卖盘
1137,14:36:18,15.64,0.01,2,3128,买盘
1138,14:36:54,15.64,0.0,3,4692,买盘
1139,14:37:00,15.6,-0.04,100,156093,卖盘
1140,14:38:33,15.61,0.01,52,81172,卖盘
1141,14:38:48,15.61,0.0,30,46830,卖盘
1142,14:39:04,15.64,0.03,1,1564,买盘
1143,14:40:18,15.63,-0.01,50,78150,买盘
1144,14:40:21,15.64,0.01,1,1564,买盘
1145,14:40:27,15.64,0.0,36,56304,买盘
1146,14:40:33,15.64,0.0,1,1564,买盘
1147,14:40:43,15.6,-0.04,269,419861,卖盘
1148,14:40:45,15.64,0.04,4,6256,买盘
1149,14:41:12,15.62,-0.02,1,1562,买盘
1150,14:41:15,15.62,0.0,10,15620,卖盘
1151,14:41:21,15.63,0.01,10,15630,买盘
1152,14:41:45,15.6,-0.03,200,312126,卖盘
1153,14:42:04,15.6,0.0,20,31200,卖盘
1154,14:42:33,15.63,0.03,10,15630,买盘
1155,14:43:04,15.61,-0.02,55,85855,卖盘
1156,14:43:19,15.61,0.0,20,31220,买盘
1157,14:43:33,15.61,0.0,1,1561,买盘
1158,14:43:57,15.6,-0.01,93,145080,卖盘
1159,14:44:45,15.6,0.0,15,23400,卖盘
1160,14:44:48,15.6,0.0,5,7800,卖盘
1161,14:44:57,15.6,0.0,30,46800,卖盘
1162,14:45:03,15.6,0.0,4,6240,卖盘
1163,14:45:19,15.6,0.0,85,132600,卖盘
1164,14:45:21,15.61,0.01,1,1561,买盘
1165,14:45:34,15.61,0.0,16,24976,买盘
1166,14:45:48,15.61,0.0,3,4683,买盘
1167,14:45:54,15.6,-0.01,4,6240,卖盘
1168,14:45:57,15.6,0.0,2,3120,卖盘
1169,14:46:15,15.61,0.01,2,3122,买盘
1170,14:46:18,15.61,0.0,1,1561,买盘
1171,14:46:21,15.61,0.0,1,1561,买盘
1172,14:46:25,15.61,0.0,21,32781,买盘
1173,14:46:33,15.62,0.01,2,3124,买盘
1174,14:46:42,15.61,-0.01,3,4683,卖盘
1175,14:47:00,15.61,0.0,65,101465,卖盘
1176,14:47:07,15.62,0.01,13,20306,买盘
1177,14:47:12,15.62,0.0,2,3124,买盘
1178,14:47:15,15.62,0.0,11,17182,买盘
1179,14:47:18,15.62,0.0,1,1562,买盘
1180,14:47:24,15.62,0.0,45,70290,买盘
1181,14:47:30,15.63,0.01,3,4689,买盘
1182,14:47:34,15.63,0.0,4,6252,买盘
1183,14:47:36,15.63,0.0,16,25008,买盘
1184,14:47:39,15.63,0.0,10,15630,买盘
1185,14:47:42,15.63,0.0,8,12504,买盘
1186,14:47:45,15.63,0.0,11,17193,买盘
1187,14:47:48,15.63,0.0,29,45327,买盘
1188,14:47:52,15.63,0.0,9,14067,买盘
1189,14:47:55,15.63,0.0,7,10941,买盘
1190,14:47:58,15.63,0.0,2,3126,买盘
1191,14:48:01,15.64,0.01,7,10943,买盘
1192,14:48:04,15.64,0.0,8,12512,买盘
1193,14:48:06,15.64,0.0,10,15640,买盘
1194,14:48:09,15.64,0.0,9,14076,买盘
1195,14:48:12,15.64,0.0,5,7820,买盘
1196,14:48:15,15.64,0.0,6,9384,买盘
1197,14:48:18,15.64,0.0,8,12512,买盘
1198,14:48:21,15.64,0.0,5,7820,买盘
1199,14:48:25,15.65,0.01,29,45363,买盘
1200,14:48:27,15.64,-0.01,1,1564,中性盘
1201,14:48:31,15.65,0.01,1,1565,买盘
1202,14:48:34,15.65,0.0,1,1565,买盘
1203,14:48:48,15.65,0.0,1,1565,买盘
1204,14:48:58,15.65,0.0,16,25040,买盘
1205,14:49:04,15.66,0.01,1,1566,买盘
1206,14:49:16,15.65,-0.01,25,39125,卖盘
1207,14:49:40,15.66,0.01,6,9396,买盘
1208,14:49:43,15.66,0.0,3,4698,买盘
1209,14:49:46,15.66,0.0,4,6264,买盘
1210,14:49:49,15.66,0.0,5,7830,买盘
1211,14:49:52,15.66,0.0,3,4698,买盘
1212,14:49:55,15.66,0.0,8,12528,买盘
1213,14:49:57,15.67,0.01,58,90807,买盘
1214,14:50:00,15.67,0.0,2,3134,买盘
1215,14:50:04,15.67,0.0,7,10969,买盘
1216,14:50:06,15.67,0.0,3,4701,买盘
1217,14:50:09,15.67,0.0,29,45438,买盘
1218,14:50:19,15.68,0.01,1,1568,买盘
1219,14:50:33,15.68,0.0,1,1568,买盘
1220,14:50:36,15.67,-0.01,67,104989,卖盘
1221,14:50:40,15.67,0.0,31,48577,卖盘
1222,14:50:52,15.65,-0.02,2,3130,卖盘
1223,14:50:55,15.68,0.03,1,1568,买盘
1224,14:51:09,15.68,0.0,1,1568,买盘
1225,14:51:48,15.68,0.0,1,1568,买盘
1226,14:51:55,15.67,-0.01,3,4701,卖盘
1227,14:52:07,15.67,0.0,15,23505,卖盘
1228,14:52:10,15.67,0.0,43,67381,卖盘
1229,14:52:28,15.68,0.01,3,4704,买盘
1230,14:52:31,15.66,-0.02,52,81432,卖盘
1231,14:52:34,15.66,0.0,5,7830,买盘
1232,14:52:40,15.66,0.0,3,4698,买盘
1233,14:52:42,15.67,0.01,10,15670,买盘
1234,14:53:46,15.67,0.0,3,4701,买盘
1235,14:53:54,15.67,0.0,8,12536,卖盘
1236,14:54:03,15.67,0.0,21,32907,买盘
1237,14:54:18,15.67,0.0,5,7835,买盘
1238,14:54:25,15.67,0.0,4,6268,买盘
1239,14:54:31,15.67,0.0,1,1567,买盘
1240,14:54:34,15.66,-0.01,8,12528,卖盘
1241,14:54:49,15.66,0.0,10,15660,卖盘
1242,14:54:54,15.66,0.0,6,9396,卖盘
1243,14:55:07,15.66,0.0,36,56376,卖盘
1244,14:55:12,15.66,0.0,29,45414,卖盘
1245,14:55:36,15.66,0.0,17,26622,卖盘
1246,14:55:45,15.66,0.0,1,1566,买盘
1247,14:55:48,15.66,0.0,16,25056,买盘
1248,14:55:52,15.67,0.01,29,45425,买盘
1249,14:56:01,15.66,-0.01,6,9396,卖盘
1250,14:56:04,15.66,0.0,4,6267,卖盘
1251,14:56:09,15.67,0.01,47,73629,买盘
1252,14:56:12,15.66,-0.01,4,6264,卖盘
1253,14:56:18,15.66,0.0,6,9396,买盘
1254,14:56:21,15.66,0.0,3,4698,买盘
1255,14:56:25,15.66,0.0,27,42282,买盘
1256,14:56:28,15.66,0.0,10,15660,卖盘
1257,14:56:31,15.67,0.01,18,28206,买盘
1258,14:56:34,15.67,0.0,8,12536,买盘
1259,14:56:42,15.67,0.0,19,29773,中性盘
1260,14:56:45,15.68,0.01,140,219489,买盘
1261,14:56:51,15.66,-0.02,44,68958,卖盘
1262,14:56:54,15.69,0.03,4,6276,买盘
1263,15:00:04,15.66,-0.03,186,291276,卖盘
