,time,price,change,volume,amount,type
0,09:25:04,16.3,-0.11,191,311330,卖盘
1,09:30:04,16.3,0.0,252,410142,买盘
2,09:30:10,16.3,0.0,23,37468,买盘
3,09:30:13,16.29,-0.01,50,81450,卖盘
4,09:30:15,16.28,-0.01,22,35818,卖盘
5,09:30:22,16.29,0.01,1,1629,买盘
6,09:30:25,16.28,-0.01,5,8140,卖盘
7,09:30:34,16.26,-0.02,100,162732,卖盘
8,09:30:37,16.29,0.03,2,3257,买盘
9,09:30:40,16.26,-0.03,42,68292,卖盘
10,09:30:43,16.29,0.03,71,115355,买盘
11,09:30:45,16.29,0.0,5,8145,买盘
12,09:30:48,16.28,-0.01,8,13024,卖盘
13,09:31:01,16.29,0.01,25,40722,买盘
14,09:31:06,16.28,-0.01,60,97739,卖盘
15,09:31:10,16.27,-0.01,59,95993,买盘
16,09:31:21,16.28,0.01,47,76491,买盘
17,09:31:25,16.29,0.01,2,3258,买盘
18,09:31:28,16.3,0.01,31,50502,买盘
19,09:31:31,16.29,-0.01,50,81452,卖盘
20,09:31:42,16.31,0.02,6,9786,买盘
21,09:31:52,16.31,0.0,6,9786,买盘
22,09:31:55,16.28,-0.03,336,547490,卖盘
23,09:31:57,16.28,0.0,11,17908,买盘
24,09:32:01,16.33,0.05,70,114307,买盘
25,09:32:07,16.33,0.0,10,16330,卖盘
26,09:32:10,16.33,0.0,10,16330,卖盘
27,09:32:13,16.33,0.0,11,17963,卖盘
28,09:32:15,16.34,0.01,10,16340,买盘
29,09:32:19,16.33,-0.01,28,45744,卖盘
30,09:32:22,16.34,0.01,27,44118,买盘
31,09:32:24,16.34,0.0,2,3268,买盘
32,09:32:31,16.35,0.01,17,27795,买盘
33,09:32:34,16.35,0.0,48,78480,买盘
34,09:32:43,16.37,0.02,5,8185,卖盘
35,09:32:55,16.39,0.02,5,8195,买盘
36,09:32:57,16.39,0.0,17,27863,买盘
37,09:33:01,16.39,0.0,9,14751,买盘
38,09:33:04,16.39,0.0,13,21307,中性盘
39,09:33:07,16.4,0.01,89,145936,买盘
40,09:33:10,16.41,0.01,23,37743,买盘
41,09:33:16,16.41,0.0,27,44307,买盘
42,09:33:19,16.41,0.0,19,31179,买盘
43,09:33:22,16.41,0.0,1,1641,卖盘
44,09:33:25,16.42,0.01,7,11492,买盘
45,09:33:28,16.4,-0.02,5,8202,卖盘
46,09:33:30,16.42,0.02,5,8210,买盘
47,09:33:37,16.42,0.0,10,16420,买盘
48,09:33:40,16.41,-0.01,15,24615,卖盘
49,09:33:42,16.42,0.01,35,57457,买盘
50,09:33:49,16.42,0.0,89,146108,买盘
51,09:33:52,16.43,0.01,200,328600,买盘
52,09:33:55,16.43,0.0,66,108438,买盘
53,09:33:58,16.43,0.0,38,62434,买盘
54,09:34:01,16.43,0.0,50,82130,买盘
55,09:34:04,16.43,0.0,9,14787,买盘
56,09:34:07,16.43,0.0,2,3286,买盘
57,09:34:10,16.43,0.0,3,4929,买盘
58,09:34:16,16.45,0.02,1,1645,买盘
59,09:34:19,16.43,-0.02,6,9859,卖盘
60,09:34:22,16.44,0.01,7,11508,买盘
61,09:34:25,16.43,-0.01,1,1643,卖盘
62,09:34:27,16.45,0.02,29,47685,买盘
63,09:34:31,16.43,-0.02,31,50943,卖盘
64,09:34:45,16.45,0.02,13,21385,买盘
65,09:34:49,16.44,-0.01,20,32880,卖盘
66,09:34:52,16.45,0.01,10,16450,买盘
67,09:34:55,16.44,-0.01,54,88776,卖盘
68,09:34:58,16.43,-0.01,7,11501,卖盘
69,09:35:00,16.43,0.0,213,349771,卖盘
70,09:35:04,16.41,-0.02,1,1641,卖盘
71,09:35:07,16.43,0.02,158,259531,买盘
72,09:35:10,16.43,0.0,90,147868,买盘
73,09:35:13,16.42,-0.01,12,19712,卖盘
74,09:35:16,16.41,-0.01,32,52518,卖盘
75,09:35:25,16.41,0.0,64,105024,卖盘
76,09:35:30,16.4,-0.01,7,11480,卖盘
77,09:35:34,16.4,0.0,50,82000,卖盘
78,09:35:36,16.4,0.0,50,82000,卖盘
79,09:35:43,16.38,-0.02,55,90178,卖盘
80,09:35:55,16.38,0.0,15,24570,买盘
81,09:35:58,16.37,-0.01,58,94946,卖盘
82,09:36:01,16.37,0.0,61,99857,买盘
83,09:36:07,16.36,-0.01,1,1636,卖盘
84,09:36:10,16.37,0.01,10,16370,买盘
85,09:36:12,16.37,0.0,3,4911,买盘
86,09:36:16,16.37,0.0,7,11459,买盘
87,09:36:19,16.36,-0.01,59,97205,卖盘
88,09:36:22,16.37,0.01,9,14735,买盘
89,09:36:25,16.37,0.0,8,13091,买盘
90,09:36:31,16.4,0.03,4,6556,买盘
91,09:36:33,16.41,0.01,27,44300,买盘
92,09:36:37,16.41,0.0,41,67281,买盘
93,09:36:46,16.42,0.01,12,19704,买盘
94,09:36:52,16.42,0.0,16,26262,买盘
95,09:37:01,16.42,0.0,2,3284,买盘
96,09:37:04,16.43,0.01,22,36146,买盘
97,09:37:07,16.43,0.0,5,8215,买盘
98,09:37:13,16.43,0.0,6,9858,买盘
99,09:37:25,16.44,0.01,5,8219,买盘
100,09:37:28,16.45,0.01,71,116726,买盘
101,09:37:31,16.45,0.0,16,26320,买盘
102,09:37:33,16.45,0.0,22,36190,买盘
103,09:37:37,16.45,0.0,15,24675,买盘
104,09:37:40,16.45,0.0,11,18095,卖盘
105,09:37:46,16.46,0.01,16,26336,买盘
106,09:37:49,16.46,0.0,8,13168,买盘
107,09:37:54,16.47,0.01,2,3294,买盘
108,09:37:58,16.47,0.0,25,41175,卖盘
109,09:38:01,16.48,0.01,79,130157,买盘
110,09:38:04,16.48,0.0,15,24720,买盘
111,09:38:10,16.49,0.01,66,108804,买盘
112,09:38:13,16.49,0.0,12,19788,买盘
113,09:38:16,16.47,-0.02,75,123598,卖盘
114,09:38:19,16.47,0.0,7,11529,买盘
115,09:38:22,16.47,0.0,5,8235,买盘
116,09:38:27,16.46,-0.01,84,138267,卖盘
117,09:38:31,16.47,0.01,20,32921,买盘
118,09:38:34,16.47,0.0,5,8235,买盘
119,09:38:37,16.45,-0.02,100,164511,卖盘
120,09:38:40,16.47,0.02,10,16465,买盘
121,09:38:46,16.48,0.01,15,24715,买盘
122,09:38:49,16.48,0.0,57,93886,买盘
123,09:38:52,16.48,0.0,45,74160,买盘
124,09:38:54,16.48,0.0,89,146610,买盘
125,09:38:58,16.48,0.0,2,3296,卖盘
126,09:39:01,16.48,0.0,1,1648,买盘
127,09:39:04,16.47,-0.01,47,77434,卖盘
128,09:39:06,16.47,0.0,20,32940,买盘
129,09:39:10,16.47,0.0,25,41175,买盘
130,09:39:13,16.47,0.0,11,18115,买盘
131,09:39:16,16.46,-0.01,113,185946,卖盘
132,09:39:19,16.46,0.0,10,16460,买盘
133,09:39:22,16.46,0.0,130,213930,买盘
134,09:39:25,16.45,-0.01,4,6580,卖盘
135,09:39:31,16.45,0.0,5,8225,买盘
136,09:39:37,16.45,0.0,78,128310,买盘
137,09:39:40,16.46,0.01,10,16460,买盘
138,09:39:42,16.44,-0.02,166,273100,卖盘
139,09:39:45,16.44,0.0,2,3288,买盘
140,09:39:52,16.44,0.0,5,8220,买盘
141,09:39:55,16.43,-0.01,43,70669,卖盘
142,09:39:58,16.44,0.01,72,118356,买盘
143,09:40:06,16.44,0.0,24,39456,卖盘
144,09:40:10,16.44,0.0,10,16440,卖盘
145,09:40:16,16.44,0.0,11,18091,卖盘
146,09:40:22,16.44,0.0,1,1644,卖盘
147,09:40:25,16.44,0.0,4,6576,卖盘
148,09:40:31,16.44,0.0,1,1644,买盘
149,09:40:40,16.45,0.01,50,82243,买盘
150,09:40:43,16.45,0.0,5,8225,卖盘
151,09:40:48,16.46,0.01,10,16460,买盘
152,09:40:52,16.46,0.0,1,1646,卖盘
153,09:40:55,16.46,0.0,10,16460,卖盘
154,09:40:58,16.46,0.0,1,1646,卖盘
155,09:41:01,16.46,0.0,1,1646,卖盘
156,09:41:04,16.47,0.01,143,235521,买盘
157,09:41:06,16.47,0.0,15,24705,卖盘
158,09:41:09,16.47,0.0,1,1647,卖盘
159,09:41:12,16.48,0.01,105,172940,买盘
160,09:41:16,16.46,-0.02,45,74112,卖盘
161,09:41:19,16.46,0.0,5,8230,卖盘
162,09:41:22,16.47,0.01,5,8235,买盘
163,09:41:25,16.47,0.0,7,11529,买盘
164,09:41:28,16.47,0.0,18,29644,买盘
165,09:41:31,16.46,-0.01,20,32920,卖盘
166,09:41:33,16.46,0.0,23,37858,卖盘
167,09:41:37,16.46,0.0,5,8232,卖盘
168,09:41:40,16.47,0.01,7,11529,买盘
169,09:41:49,16.47,0.0,12,19764,买盘
170,09:41:52,16.46,-0.01,7,11527,卖盘
171,09:41:54,16.47,0.01,65,107055,买盘
172,09:41:57,16.47,0.0,8,13176,卖盘
173,09:42:01,16.47,0.0,50,82350,卖盘
174,09:42:04,16.47,0.0,48,79086,卖盘
175,09:42:07,16.46,-0.01,21,34567,卖盘
176,09:42:18,16.47,0.01,7,11529,买盘
177,09:42:25,16.46,-0.01,42,69132,卖盘
178,09:42:28,16.46,0.0,30,49380,卖盘
179,09:42:31,16.45,-0.01,21,34558,卖盘
180,09:42:33,16.47,0.02,20,32940,买盘
181,09:42:36,16.45,-0.02,174,286210,卖盘
182,09:42:40,16.41,-0.04,97,159409,卖盘
183,09:42:43,16.41,0.0,49,80409,卖盘
184,09:42:46,16.41,0.0,21,34461,卖盘
185,09:42:55,16.42,0.01,14,22988,卖盘
186,09:42:57,16.41,-0.01,12,19692,卖盘
187,09:43:01,16.41,0.0,23,37743,卖盘
188,09:43:04,16.41,0.0,31,50871,卖盘
189,09:43:06,16.4,-0.01,12,19683,卖盘
190,09:43:10,16.4,0.0,75,123000,卖盘
191,09:43:13,16.39,-0.01,9,14751,卖盘
192,09:43:19,16.39,0.0,5,8195,卖盘
193,09:43:22,16.4,0.01,5,8196,买盘
194,09:43:34,16.38,-0.02,9,14742,卖盘
195,09:43:37,16.38,0.0,2,3276,买盘
196,09:43:40,16.38,0.0,11,18018,买盘
197,09:43:46,16.38,0.0,37,60606,卖盘
198,09:43:48,16.37,-0.01,10,16372,卖盘
199,09:43:55,16.38,0.01,31,50828,买盘
200,09:43:58,16.39,0.01,1,1639,买盘
201,09:44:01,16.38,-0.01,2,3277,卖盘
202,09:44:04,16.39,0.01,9,14746,买盘
203,09:44:07,16.39,0.0,22,36038,买盘
204,09:44:09,16.38,-0.01,4,6553,卖盘
205,09:44:12,16.38,0.0,4,6552,卖盘
206,09:44:22,16.37,-0.01,250,409472,卖盘
207,09:44:25,16.36,-0.01,28,45814,卖盘
208,09:44:34,16.36,0.0,4,6550,卖盘
209,09:44:40,16.35,-0.01,82,133488,卖盘
210,09:44:43,16.33,-0.02,67,109451,卖盘
211,09:44:46,16.35,0.02,12,19608,买盘
212,09:44:49,16.35,0.0,20,32700,买盘
213,09:44:51,16.35,0.0,97,159206,买盘
214,09:44:54,16.34,-0.01,13,21255,卖盘
215,09:44:58,16.34,0.0,21,34314,卖盘
216,09:45:04,16.35,0.01,28,45818,卖盘
217,09:45:06,16.34,-0.01,7,11446,卖盘
218,09:45:10,16.37,0.03,8,13096,买盘
219,09:45:16,16.38,0.01,15,24570,买盘
220,09:45:25,16.38,0.0,1,1638,卖盘
221,09:45:28,16.4,0.02,16,26240,买盘
222,09:45:31,16.38,-0.02,49,80417,卖盘
223,09:45:34,16.38,0.0,5,8190,卖盘
224,09:45:43,16.42,0.04,2,3284,买盘
225,09:45:49,16.39,-0.03,1,1639,卖盘
226,09:45:52,16.39,0.0,20,32780,卖盘
227,09:45:55,16.42,0.03,39,64038,买盘
228,09:45:58,16.39,-0.03,6,9834,卖盘
229,09:46:25,16.42,0.03,5,8208,买盘
230,09:46:34,16.42,0.0,3,4924,买盘
231,09:46:52,16.42,0.0,109,178978,买盘
232,09:46:55,16.39,-0.03,18,29507,卖盘
233,09:46:57,16.4,0.01,5,8200,买盘
234,09:47:07,16.4,0.0,3,4920,买盘
235,09:47:09,16.4,0.0,1,1640,卖盘
236,09:47:19,16.42,0.02,10,16420,买盘
237,09:47:25,16.4,-0.02,10,16400,卖盘
238,09:47:28,16.4,0.0,5,8200,卖盘
239,09:47:40,16.41,0.01,8,13128,卖盘
240,09:47:55,16.41,0.0,3,4923,卖盘
241,09:48:06,16.42,0.01,21,34470,买盘
242,09:48:10,16.4,-0.02,10,16400,卖盘
243,09:48:13,16.41,0.01,5,8205,卖盘
244,09:48:16,16.41,0.0,5,8205,卖盘
245,09:48:19,16.4,-0.01,109,178776,卖盘
246,09:48:22,16.39,-0.01,11,18029,卖盘
247,09:48:25,16.4,0.01,1,1640,买盘
248,09:48:34,16.4,0.0,55,90200,买盘
249,09:48:37,16.39,-0.01,8,13112,卖盘
250,09:48:43,16.4,0.01,22,36080,买盘
251,09:48:49,16.4,0.0,30,49200,买盘
252,09:48:52,16.4,0.0,6,9840,卖盘
253,09:49:00,16.41,0.01,30,49230,买盘
254,09:49:10,16.41,0.0,10,16410,买盘
255,09:49:13,16.41,0.0,26,42666,买盘
256,09:49:16,16.4,-0.01,7,11484,卖盘
257,09:49:21,16.42,0.02,13,21337,买盘
258,09:49:28,16.41,-0.01,21,34467,买盘
259,09:49:40,16.42,0.01,5,8210,买盘
260,09:49:43,16.41,-0.01,5,8205,卖盘
261,09:49:45,16.41,0.0,2,3282,卖盘
262,09:49:49,16.42,0.01,14,22988,买盘
263,09:49:52,16.42,0.0,6,9852,买盘
264,09:49:55,16.42,0.0,1,1642,买盘
265,09:50:06,16.42,0.0,23,37774,卖盘
266,09:50:10,16.43,0.01,7,11496,买盘
267,09:50:13,16.42,-0.01,21,34482,卖盘
268,09:50:16,16.44,0.02,77,126525,买盘
269,09:50:19,16.43,-0.01,10,16430,卖盘
270,09:50:31,16.43,0.0,10,16430,卖盘
271,09:50:34,16.43,0.0,4,6572,卖盘
272,09:50:39,16.43,0.0,5,8215,卖盘
273,09:50:43,16.44,0.01,8,13152,买盘
274,09:50:46,16.43,-0.01,17,27931,卖盘
275,09:50:49,16.42,-0.01,7,11724,卖盘
276,09:50:54,16.42,0.0,74,121526,卖盘
277,09:51:00,16.42,0.0,56,91722,卖盘
278,09:51:07,16.42,0.0,4,6568,买盘
279,09:51:13,16.41,-0.01,10,16410,卖盘
280,09:51:15,16.42,0.01,27,44324,买盘
281,09:51:22,16.42,0.0,21,34482,买盘
282,09:51:25,16.41,-0.01,5,8205,卖盘
283,09:51:31,16.41,0.0,34,55823,卖盘
284,09:51:33,16.41,0.0,70,114870,卖盘
285,09:51:37,16.42,0.01,18,29556,买盘
286,09:51:58,16.41,-0.01,111,182151,卖盘
287,09:52:13,16.4,-0.01,23,37720,卖盘
288,09:52:15,16.4,0.0,1,1640,卖盘
289,09:52:22,16.41,0.01,19,31179,买盘
290,09:52:25,16.4,-0.01,20,32800,卖盘
291,09:52:28,16.41,0.01,35,57435,买盘
292,09:52:34,16.4,-0.01,132,216480,卖盘
293,09:52:40,16.4,0.0,10,16400,卖盘
294,09:52:43,16.4,0.0,80,131260,卖盘
295,09:52:45,16.4,0.0,2,3280,卖盘
296,09:52:52,16.39,-0.01,10,16395,卖盘
297,09:53:00,16.39,0.0,1,1639,卖盘
298,09:53:04,16.39,0.0,4,6556,卖盘
299,09:53:07,16.39,0.0,81,132759,卖盘
300,09:53:16,16.4,0.01,5,8200,买盘
301,09:53:19,16.39,-0.01,16,26224,卖盘
302,09:53:22,16.4,0.01,6,9839,买盘
303,09:53:25,16.39,-0.01,30,49170,卖盘
304,09:53:27,16.4,0.01,143,234505,买盘
305,09:53:31,16.4,0.0,3,4920,卖盘
306,09:53:37,16.4,0.0,11,18040,卖盘
307,09:53:40,16.4,0.0,4,6560,买盘
308,09:53:48,16.4,0.0,4,6560,买盘
309,09:53:52,16.4,0.0,103,168898,买盘
310,09:53:55,16.4,0.0,11,18040,卖盘
311,09:53:58,16.41,0.01,61,100101,买盘
312,09:54:01,16.4,-0.01,5,8200,卖盘
313,09:54:04,16.4,0.0,30,49200,卖盘
314,09:54:06,16.4,0.0,20,32800,卖盘
315,09:54:10,16.4,0.0,5,8200,卖盘
316,09:54:12,16.41,0.01,23,37726,买盘
317,09:54:16,16.4,-0.01,5,8200,卖盘
318,09:54:25,16.4,0.0,17,27880,卖盘
319,09:54:27,16.41,0.01,2,3282,买盘
320,09:54:34,16.41,0.0,7,11481,买盘
321,09:54:42,16.4,-0.01,1,1640,卖盘
322,09:54:46,16.4,0.0,2,3280,卖盘
323,09:55:04,16.41,0.01,96,157536,买盘
324,09:55:07,16.4,-0.01,10,16404,卖盘
325,09:55:12,16.4,0.0,70,114800,卖盘
326,09:55:19,16.4,0.0,19,31160,买盘
327,09:55:51,16.39,-0.01,10,16390,卖盘
328,09:55:55,16.39,0.0,23,37697,卖盘
329,09:55:58,16.4,0.01,47,77073,买盘
330,09:56:01,16.4,0.0,30,49200,卖盘
331,09:56:07,16.4,0.0,10,16400,卖盘
332,09:56:10,16.4,0.0,32,52480,卖盘
333,09:56:18,16.38,-0.02,36,58968,卖盘
334,09:56:43,16.38,0.0,10,16380,卖盘
335,09:57:00,16.38,0.0,9,14742,卖盘
336,09:57:16,16.38,0.0,17,27846,卖盘
337,09:57:22,16.38,0.0,28,45876,卖盘
338,09:57:28,16.38,0.0,13,21305,卖盘
339,09:57:58,16.39,0.01,5,8195,买盘
340,09:58:04,16.39,0.0,35,57365,买盘
341,09:58:07,16.39,0.0,185,303115,买盘
342,09:58:22,16.4,0.01,7,11480,买盘
343,09:58:25,16.39,-0.01,10,16390,卖盘
344,09:58:46,16.4,0.01,34,55760,买盘
345,09:58:49,16.4,0.0,10,16400,买盘
346,09:59:01,16.41,0.01,8,13128,买盘
347,09:59:15,16.4,-0.01,3,4920,卖盘
348,09:59:34,16.41,0.01,55,90255,买盘
349,09:59:43,16.41,0.0,4,6564,卖盘
350,09:59:52,16.41,0.0,58,95178,卖盘
351,09:59:54,16.41,0.0,2,3282,买盘
352,10:00:13,16.41,0.0,5,8205,买盘
353,10:00:46,16.41,0.0,9,14769,买盘
354,10:00:49,16.41,0.0,20,32820,买盘
355,10:00:52,16.42,0.01,157,257655,买盘
356,10:01:01,16.42,0.0,3,4926,买盘
357,10:01:04,16.42,0.0,55,90310,买盘
358,10:01:06,16.42,0.0,2,3284,买盘
359,10:01:25,16.43,0.01,1,1643,买盘
360,10:01:27,16.42,-0.01,113,185546,卖盘
361,10:01:31,16.42,0.0,87,142854,买盘
362,10:01:37,16.43,0.01,10,16430,买盘
363,10:01:40,16.42,-0.01,1,1642,卖盘
364,10:01:46,16.43,0.01,18,29574,买盘
365,10:01:49,16.42,-0.01,5,8210,卖盘
366,10:01:52,16.43,0.01,82,134646,买盘
367,10:01:55,16.43,0.0,20,32860,买盘
368,10:01:58,16.43,0.0,16,26279,买盘
369,10:02:07,16.42,-0.01,11,18072,卖盘
370,10:02:13,16.43,0.01,6,9858,买盘
371,10:02:19,16.43,0.0,5,8215,买盘
372,10:02:25,16.43,0.0,85,139655,买盘
373,10:02:40,16.43,0.0,106,174158,买盘
374,10:02:43,16.44,0.01,18,29579,买盘
375,10:02:52,16.43,-0.01,2,3286,买盘
376,10:02:55,16.43,0.0,2,3286,卖盘
377,10:02:58,16.43,0.0,11,18073,卖盘
378,10:03:04,16.43,0.0,7,11501,卖盘
379,10:03:06,16.44,0.01,39,64116,买盘
380,10:03:10,16.44,0.0,5,8220,卖盘
381,10:03:13,16.44,0.0,34,55896,卖盘
382,10:03:19,16.44,0.0,31,50964,卖盘
383,10:03:22,16.44,0.0,4,6576,卖盘
384,10:03:25,16.44,0.0,3,4932,卖盘
385,10:03:28,16.44,0.0,19,31236,卖盘
386,10:03:30,16.43,-0.01,7,11507,卖盘
387,10:03:37,16.44,0.01,18,29592,买盘
388,10:03:49,16.43,-0.01,33,54219,卖盘
389,10:03:57,16.43,0.0,11,18073,买盘
390,10:04:01,16.42,-0.01,16,26278,卖盘
391,10:04:04,16.42,0.0,2,3284,卖盘
392,10:04:13,16.42,0.0,141,231522,卖盘
393,10:04:16,16.42,0.0,24,39408,卖盘
394,10:04:33,16.41,-0.01,2,3282,卖盘
395,10:04:57,16.41,0.0,10,16410,卖盘
396,10:05:01,16.41,0.0,7,11487,卖盘
397,10:05:04,16.41,0.0,2,3282,卖盘
398,10:05:06,16.41,0.0,24,39384,卖盘
399,10:05:10,16.41,0.0,19,31179,卖盘
400,10:05:13,16.41,0.0,4,6564,卖盘
401,10:05:16,16.41,0.0,19,31179,卖盘
402,10:05:19,16.41,0.0,5,8205,卖盘
403,10:05:22,16.41,0.0,18,29538,卖盘
404,10:05:24,16.4,-0.01,17,27880,卖盘
405,10:05:27,16.4,0.0,2,3280,卖盘
406,10:05:37,16.4,0.0,26,42640,卖盘
407,10:05:40,16.4,0.0,57,93480,卖盘
408,10:06:07,16.4,0.0,50,82000,买盘
409,10:06:25,16.39,-0.01,40,65560,卖盘
410,10:06:31,16.39,0.0,2,3278,卖盘
411,10:06:36,16.39,0.0,20,32780,卖盘
412,10:06:40,16.39,0.0,28,45892,卖盘
413,10:06:43,16.39,0.0,14,22946,卖盘
414,10:06:45,16.39,0.0,22,36058,卖盘
415,10:06:51,16.39,0.0,6,9834,买盘
416,10:07:04,16.38,-0.01,2,3276,卖盘
417,10:07:07,16.38,0.0,9,14742,卖盘
418,10:07:13,16.38,0.0,15,24570,卖盘
419,10:07:19,16.38,0.0,2,3276,卖盘
420,10:07:25,16.38,0.0,30,49140,卖盘
421,10:07:31,16.38,0.0,53,86814,买盘
422,10:07:36,16.38,0.0,4,6552,卖盘
423,10:07:40,16.38,0.0,1,1638,卖盘
424,10:07:43,16.38,0.0,6,9828,卖盘
425,10:07:55,16.39,0.01,20,32780,买盘
426,10:07:58,16.38,-0.01,120,196560,卖盘
427,10:08:04,16.38,0.0,10,16380,卖盘
428,10:08:10,16.38,0.0,45,73710,卖盘
429,10:08:16,16.38,0.0,56,91728,卖盘
430,10:08:19,16.38,0.0,11,18018,卖盘
431,10:08:28,16.38,0.0,5,8190,卖盘
432,10:08:31,16.38,0.0,7,11466,卖盘
433,10:08:33,16.39,0.01,73,119637,买盘
434,10:08:52,16.39,0.0,9,14751,买盘
435,10:08:55,16.38,-0.01,5,8190,卖盘
436,10:09:03,16.37,-0.01,6,9822,卖盘
437,10:09:10,16.38,0.01,10,16380,买盘
438,10:09:13,16.37,-0.01,27,44199,卖盘
439,10:09:25,16.37,0.0,2,3274,卖盘
440,10:09:28,16.37,0.0,65,106405,卖盘
441,10:09:31,16.38,0.01,11,18017,买盘
442,10:09:33,16.38,0.0,34,55692,买盘
443,10:09:55,16.38,0.0,66,108108,卖盘
444,10:10:01,16.37,-0.01,27,44199,卖盘
445,10:10:04,16.37,0.0,5,8185,卖盘
446,10:10:06,16.37,0.0,83,135871,卖盘
447,10:10:10,16.37,0.0,28,45836,买盘
448,10:10:13,16.37,0.0,72,117864,卖盘
449,10:10:16,16.36,-0.01,126,206136,卖盘
450,10:10:19,16.36,0.0,5,8180,买盘
451,10:10:31,16.36,0.0,22,35990,买盘
452,10:10:34,16.35,-0.01,1,1635,卖盘
453,10:10:46,16.35,0.0,155,253425,卖盘
454,10:10:49,16.35,0.0,10,16350,买盘
455,10:10:58,16.34,-0.01,2,3268,卖盘
456,10:11:01,16.34,0.0,6,9804,卖盘
457,10:11:04,16.34,0.0,4,6536,卖盘
458,10:11:16,16.34,0.0,128,209152,卖盘
459,10:11:22,16.34,0.0,16,26144,卖盘
460,10:11:25,16.34,0.0,5,8170,卖盘
461,10:11:28,16.34,0.0,35,57190,卖盘
462,10:11:30,16.34,0.0,5,8170,卖盘
463,10:11:43,16.34,0.0,13,21242,卖盘
464,10:11:49,16.33,-0.01,196,320090,卖盘
465,10:11:58,16.33,0.0,40,65320,卖盘
466,10:12:04,16.33,0.0,1,1633,卖盘
467,10:12:07,16.33,0.0,6,9798,卖盘
468,10:12:18,16.33,0.0,12,19596,卖盘
469,10:12:25,16.33,0.0,15,24500,卖盘
470,10:12:27,16.35,0.02,208,339996,买盘
471,10:12:31,16.35,0.0,6,9810,买盘
472,10:12:34,16.35,0.0,208,340080,买盘
473,10:12:37,16.35,0.0,7,11445,买盘
474,10:12:39,16.35,0.0,11,17985,买盘
475,10:12:43,16.35,0.0,76,124260,买盘
476,10:12:46,16.36,0.01,258,421877,买盘
477,10:12:49,16.37,0.01,26,42562,买盘
478,10:12:52,16.37,0.0,3,4911,买盘
479,10:12:55,16.37,0.0,2,3274,买盘
480,10:12:58,16.36,-0.01,3,4908,卖盘
481,10:13:01,16.35,-0.01,2,3270,卖盘
482,10:13:04,16.35,0.0,5,8176,卖盘
483,10:13:07,16.36,0.01,19,31084,买盘
484,10:13:10,16.36,0.0,2,3272,买盘
485,10:13:13,16.36,0.0,1,1636,买盘
486,10:13:19,16.36,0.0,1,1636,买盘
487,10:13:22,16.36,0.0,4,6544,买盘
488,10:13:24,16.38,0.02,176,288271,买盘
489,10:13:27,16.36,-0.02,14,22922,卖盘
490,10:13:31,16.37,0.01,1,1637,买盘
491,10:13:33,16.37,0.0,10,16370,买盘
492,10:13:43,16.37,0.0,20,32740,卖盘
493,10:13:52,16.37,0.0,8,13096,卖盘
494,10:13:55,16.37,0.0,5,8185,卖盘
495,10:14:07,16.36,-0.01,1,1636,卖盘
496,10:14:10,16.36,0.0,5,8180,卖盘
497,10:14:18,16.36,0.0,6,9816,卖盘
498,10:14:21,16.37,0.01,3,4911,买盘
499,10:14:24,16.36,-0.01,14,22908,卖盘
500,10:14:28,16.37,0.01,1,1637,买盘
501,10:14:31,16.37,0.0,2,3274,买盘
502,10:14:34,16.36,-0.01,7,11454,卖盘
503,10:14:36,16.36,0.0,16,26176,卖盘
504,10:14:40,16.37,0.01,1,1637,买盘
505,10:14:43,16.37,0.0,8,13096,买盘
506,10:14:46,16.37,0.0,4,6548,买盘
507,10:14:49,16.38,0.01,6,9823,买盘
508,10:14:51,16.38,0.0,1,1638,买盘
509,10:14:54,16.39,0.01,14,22943,买盘
510,10:14:58,16.39,0.0,27,44253,买盘
511,10:15:01,16.39,0.0,20,32780,买盘
512,10:15:04,16.39,0.0,18,29502,买盘
513,10:15:07,16.39,0.0,18,29502,买盘
514,10:15:10,16.39,0.0,2,3277,买盘
515,10:15:15,16.38,-0.01,11,18019,卖盘
516,10:15:18,16.38,0.0,2,3276,买盘
517,10:15:22,16.38,0.0,3,4914,买盘
518,10:15:24,16.38,0.0,4,6552,买盘
519,10:15:28,16.38,0.0,10,16380,买盘
520,10:15:31,16.39,0.01,62,101604,买盘
521,10:15:34,16.4,0.01,37,60680,买盘
522,10:15:37,16.4,0.0,81,132840,买盘
523,10:15:40,16.4,0.0,7,11480,买盘
524,10:15:43,16.4,0.0,3,4920,买盘
525,10:15:46,16.38,-0.02,24,39355,卖盘
526,10:15:48,16.38,0.0,10,16380,买盘
527,10:15:55,16.4,0.02,1,1640,买盘
528,10:16:18,16.39,-0.01,14,22946,卖盘
529,10:16:22,16.39,0.0,7,11473,买盘
530,10:16:55,16.39,0.0,3,4917,买盘
531,10:17:13,16.37,-0.02,88,144066,卖盘
532,10:17:15,16.39,0.02,7,11473,买盘
533,10:17:18,16.39,0.0,6,9834,买盘
534,10:17:28,16.37,-0.02,14,22918,卖盘
535,10:17:31,16.39,0.02,22,36052,买盘
536,10:17:33,16.4,0.01,1,1640,买盘
537,10:17:49,16.4,0.0,50,82000,买盘
538,10:17:52,16.4,0.0,55,90200,买盘
539,10:17:55,16.41,0.01,21,34443,买盘
540,10:17:57,16.41,0.0,1,1641,买盘
541,10:18:01,16.4,-0.01,7,11480,卖盘
542,10:18:04,16.4,0.0,4,6560,卖盘
543,10:18:07,16.4,0.0,38,62320,卖盘
544,10:18:10,16.4,0.0,41,67240,卖盘
545,10:18:13,16.41,0.01,19,31162,买盘
546,10:18:16,16.41,0.0,1,1641,买盘
547,10:18:43,16.41,0.0,20,32820,买盘
548,10:18:46,16.41,0.0,104,170664,买盘
549,10:18:49,16.41,0.0,16,26256,买盘
550,10:18:55,16.41,0.0,1,1641,买盘
551,10:19:01,16.4,-0.01,14,22960,卖盘
552,10:19:04,16.4,0.0,3,4921,卖盘
553,10:19:28,16.4,0.0,677,1110280,卖盘
554,10:19:31,16.4,0.0,35,57400,买盘
555,10:19:34,16.4,0.0,1,1640,买盘
556,10:19:40,16.39,-0.01,26,42614,卖盘
557,10:19:43,16.39,0.0,2,3278,卖盘
558,10:20:10,16.36,-0.03,130,212744,卖盘
559,10:20:13,16.4,0.04,7,11476,买盘
560,10:20:28,16.36,-0.04,2,3272,卖盘
561,10:20:31,16.36,0.0,13,21268,卖盘
562,10:20:37,16.36,0.0,2,3272,卖盘
563,10:20:52,16.37,0.01,2,3274,卖盘
564,10:20:55,16.36,-0.01,80,130924,卖盘
565,10:20:57,16.39,0.03,5,8195,买盘
566,10:21:07,16.39,0.0,7,11473,买盘
567,10:21:10,16.39,0.0,4,6556,卖盘
568,10:21:31,16.38,-0.01,7,11466,卖盘
569,10:21:37,16.39,0.01,8,13112,买盘
570,10:21:43,16.39,0.0,24,39317,买盘
571,10:21:46,16.41,0.02,443,726719,买盘
572,10:21:48,16.38,-0.03,30,49249,卖盘
573,10:21:58,16.38,0.0,13,21297,卖盘
574,10:22:01,16.42,0.04,2,3284,买盘
575,10:22:10,16.41,-0.01,2,3282,卖盘
576,10:22:19,16.39,-0.02,21,34419,卖盘
577,10:22:22,16.39,0.0,4,6556,卖盘
578,10:22:25,16.39,0.0,2,3278,卖盘
579,10:22:42,16.41,0.02,10,16410,买盘
580,10:22:46,16.41,0.0,2,3282,买盘
581,10:22:51,16.41,0.0,21,34451,买盘
582,10:23:01,16.37,-0.04,461,755280,卖盘
583,10:23:04,16.37,0.0,26,42687,卖盘
584,10:23:06,16.39,0.02,10,16390,买盘
585,10:23:28,16.39,0.0,19,31141,买盘
586,10:23:31,16.37,-0.02,18,29476,卖盘
587,10:23:34,16.39,0.02,10,16390,买盘
588,10:23:37,16.37,-0.02,44,72040,卖盘
589,10:23:39,16.39,0.02,13,21307,买盘
590,10:23:43,16.39,0.0,4,6556,买盘
591,10:23:49,16.39,0.0,1,1639,买盘
592,10:23:52,16.39,0.0,18,29502,买盘
593,10:23:55,16.39,0.0,1,1639,买盘
594,10:23:58,16.39,0.0,8,13112,买盘
595,10:24:04,16.39,0.0,4,6556,卖盘
596,10:24:13,16.39,0.0,5,8195,卖盘
597,10:25:01,16.39,0.0,45,73783,卖盘
598,10:25:04,16.39,0.0,1,1639,卖盘
599,10:25:10,16.39,0.0,6,9834,卖盘
600,10:25:19,16.39,0.0,5,8195,卖盘
601,10:25:22,16.39,0.0,1,1639,卖盘
602,10:25:52,16.41,0.02,24,39384,买盘
603,10:25:58,16.41,0.0,13,21333,买盘
604,10:26:04,16.41,0.0,1,1641,卖盘
605,10:26:10,16.41,0.0,103,169023,卖盘
606,10:26:13,16.41,0.0,4,6564,卖盘
607,10:26:16,16.41,0.0,73,119793,卖盘
608,10:26:19,16.41,0.0,1,1641,卖盘
609,10:26:28,16.41,0.0,9,14769,买盘
610,10:26:36,16.41,0.0,14,22974,卖盘
611,10:26:40,16.41,0.0,82,134562,卖盘
612,10:26:51,16.41,0.0,12,19692,卖盘
613,10:27:13,16.41,0.0,14,22974,买盘
614,10:27:34,16.4,-0.01,91,149240,卖盘
615,10:27:49,16.4,0.0,147,241080,买盘
616,10:27:52,16.4,0.0,63,103320,买盘
617,10:27:55,16.41,0.01,3,4923,买盘
618,10:27:57,16.41,0.0,20,32820,买盘
619,10:28:00,16.42,0.01,29,47605,买盘
620,10:28:04,16.42,0.0,45,73890,买盘
621,10:28:07,16.42,0.0,51,83729,买盘
622,10:28:10,16.42,0.0,24,39408,买盘
623,10:28:13,16.42,0.0,171,280782,买盘
624,10:28:16,16.43,0.01,83,136369,买盘
625,10:28:18,16.43,0.0,55,90365,买盘
626,10:28:25,16.43,0.0,27,44361,买盘
627,10:28:34,16.44,0.01,1,1644,买盘
628,10:28:37,16.44,0.0,100,164400,买盘
629,10:28:42,16.44,0.0,10,16440,买盘
630,10:28:46,16.44,0.0,66,108504,买盘
631,10:28:51,16.44,0.0,12,19728,卖盘
632,10:28:55,16.45,0.01,164,269780,买盘
633,10:28:58,16.45,0.0,19,31255,买盘
634,10:29:01,16.45,0.0,29,47705,买盘
635,10:29:04,16.45,0.0,2,3290,卖盘
636,10:29:13,16.45,0.0,200,329000,卖盘
637,10:29:19,16.46,0.01,5,8230,买盘
638,10:29:22,16.46,0.0,17,27973,买盘
639,10:29:24,16.45,-0.01,9,14805,卖盘
640,10:29:37,16.45,0.0,13,21385,卖盘
641,10:29:40,16.46,0.01,5,8230,买盘
642,10:29:43,16.46,0.0,4,6584,买盘
643,10:29:46,16.45,-0.01,31,50995,卖盘
644,10:29:55,16.44,-0.01,50,82200,卖盘
645,10:30:01,16.44,0.0,3,4932,卖盘
646,10:30:04,16.45,0.01,33,54282,买盘
647,10:30:12,16.45,0.0,3,4935,买盘
648,10:30:21,16.45,0.0,52,85540,买盘
649,10:30:34,16.46,0.01,10,16460,买盘
650,10:30:37,16.46,0.0,121,199166,买盘
651,10:30:40,16.46,0.0,20,32920,买盘
652,10:30:43,16.46,0.0,10,16460,买盘
653,10:30:58,16.46,0.0,5,8230,卖盘
654,10:31:01,16.47,0.01,21,34587,买盘
655,10:31:04,16.46,-0.01,120,197520,卖盘
656,10:31:07,16.46,0.0,4,6584,买盘
657,10:31:15,16.45,-0.01,15,24675,卖盘
658,10:31:18,16.45,0.0,30,49360,卖盘
659,10:31:21,16.45,0.0,110,180950,卖盘
660,10:31:31,16.45,0.0,166,273070,卖盘
661,10:31:37,16.45,0.0,3,4935,买盘
662,10:31:43,16.44,-0.01,30,49320,卖盘
663,10:31:48,16.44,0.0,20,32880,卖盘
664,10:31:52,16.44,0.0,41,67404,卖盘
665,10:31:54,16.44,0.0,27,44388,卖盘
666,10:31:57,16.43,-0.01,25,41093,卖盘
667,10:32:16,16.43,0.0,37,60791,卖盘
668,10:32:22,16.43,0.0,21,34503,买盘
669,10:32:28,16.42,-0.01,9,14778,卖盘
670,10:32:34,16.42,0.0,2,3284,卖盘
671,10:32:37,16.43,0.01,1,1643,买盘
672,10:32:43,16.43,0.0,12,19716,买盘
673,10:32:46,16.42,-0.01,47,77211,卖盘
674,10:32:49,16.42,0.0,36,59112,卖盘
675,10:32:51,16.42,0.0,14,22988,卖盘
676,10:33:01,16.42,0.0,6,9852,卖盘
677,10:33:07,16.43,0.01,13,21359,买盘
678,10:33:25,16.44,0.01,37,60828,买盘
679,10:33:28,16.42,-0.02,182,298862,卖盘
680,10:33:49,16.42,0.0,10,16896,买盘
681,10:34:19,16.42,0.0,7,11494,卖盘
682,10:34:27,16.43,0.01,10,16430,买盘
683,10:34:31,16.42,-0.01,14,22988,卖盘
684,10:34:34,16.43,0.01,10,16430,买盘
685,10:34:40,16.42,-0.01,113,185070,卖盘
686,10:34:42,16.42,0.0,100,164200,买盘
687,10:34:52,16.42,0.0,10,16420,买盘
688,10:34:58,16.42,0.0,23,37766,买盘
689,10:35:13,16.41,-0.01,90,147690,卖盘
690,10:35:18,16.42,0.01,8,13136,买盘
691,10:35:22,16.41,-0.01,5,8205,卖盘
692,10:35:33,16.41,0.0,13,21333,卖盘
693,10:36:04,16.4,-0.01,3,4920,卖盘
694,10:36:07,16.4,0.0,14,22960,卖盘
695,10:36:43,16.41,0.01,21,34461,买盘
696,10:36:45,16.4,-0.01,68,111520,卖盘
697,10:36:52,16.4,0.0,13,21320,买盘
698,10:36:55,16.39,-0.01,10,16390,卖盘
699,10:37:04,16.4,0.01,50,82000,买盘
700,10:37:06,16.39,-0.01,8,13113,卖盘
701,10:37:28,16.39,0.0,112,183862,卖盘
702,10:37:43,16.39,0.0,5,8195,卖盘
703,10:37:52,16.42,0.03,19,31198,买盘
704,10:38:01,16.39,-0.03,10,16390,卖盘
705,10:38:04,16.39,0.0,6,9834,卖盘
706,10:38:46,16.4,0.01,12,19680,卖盘
707,10:38:57,16.4,0.0,4,6560,卖盘
708,10:39:33,16.41,0.01,14,22974,卖盘
709,10:39:36,16.4,-0.01,43,70572,卖盘
710,10:39:52,16.41,0.01,5,8205,卖盘
711,10:40:12,16.41,0.0,12,19692,卖盘
712,10:40:24,16.42,0.01,10,16420,买盘
713,10:40:30,16.42,0.0,15,24630,买盘
714,10:41:07,16.42,0.0,110,180620,买盘
715,10:41:09,16.42,0.0,148,243450,买盘
716,10:41:21,16.43,0.01,21,34493,买盘
717,10:41:31,16.43,0.0,6,9858,买盘
718,10:41:34,16.42,-0.01,43,70606,卖盘
719,10:41:39,16.43,0.01,17,27931,买盘
720,10:41:46,16.42,-0.01,14,22988,卖盘
721,10:41:49,16.42,0.0,20,32853,卖盘
722,10:42:01,16.42,0.0,3,4926,买盘
723,10:42:04,16.42,0.0,100,164200,买盘
724,10:42:09,16.42,0.0,13,21346,买盘
725,10:42:24,16.42,0.0,7,11494,买盘
726,10:42:36,16.42,0.0,5,8210,买盘
727,10:42:58,16.42,0.0,10,16420,买盘
728,10:43:09,16.42,0.0,5,8210,买盘
729,10:43:16,16.41,-0.01,13,21333,卖盘
730,10:43:28,16.42,0.01,128,210076,买盘
731,10:43:33,16.42,0.0,5,8210,买盘
732,10:43:43,16.42,0.0,10,16420,买盘
733,10:43:54,16.41,-0.01,50,82050,卖盘
734,10:43:58,16.4,-0.01,172,282084,卖盘
735,10:44:16,16.4,0.0,39,63960,买盘
736,10:44:28,16.41,0.01,3,4923,中性盘
737,10:44:37,16.41,0.0,75,123075,买盘
738,10:44:40,16.4,-0.01,20,32800,卖盘
739,10:44:43,16.4,0.0,6,9840,卖盘
740,10:44:46,16.4,0.0,13,21320,卖盘
741,10:44:52,16.39,-0.01,179,293423,卖盘
742,10:45:22,16.39,0.0,30,49170,买盘
743,10:45:31,16.39,0.0,16,26224,买盘
744,10:45:49,16.39,0.0,40,65560,卖盘
745,10:46:13,16.39,0.0,13,21307,卖盘
746,10:46:22,16.41,0.02,21,34445,买盘
747,10:46:46,16.4,-0.01,30,49200,卖盘
748,10:47:27,16.4,0.0,156,255562,买盘
749,10:47:42,16.39,-0.01,13,21307,卖盘
750,10:47:45,16.39,0.0,12,19668,卖盘
751,10:47:52,16.37,-0.02,24,39318,卖盘
752,10:47:58,16.37,0.0,50,81850,卖盘
753,10:48:04,16.37,0.0,3,4911,卖盘
754,10:48:07,16.37,0.0,35,57303,卖盘
755,10:48:10,16.37,0.0,8,13096,买盘
756,10:48:16,16.37,0.0,37,60569,买盘
757,10:48:40,16.38,0.01,10,16380,卖盘
758,10:48:52,16.38,0.0,100,163800,卖盘
759,10:49:19,16.39,0.01,10,16390,买盘
760,10:49:21,16.38,-0.01,14,22932,卖盘
761,10:49:28,16.39,0.01,5,8195,买盘
762,10:49:43,16.37,-0.02,78,127720,卖盘
763,10:49:52,16.38,0.01,21,34398,买盘
764,10:49:55,16.37,-0.01,25,40944,卖盘
765,10:50:37,16.37,0.0,11,18007,卖盘
766,10:50:46,16.38,0.01,1,1638,卖盘
767,10:50:51,16.37,-0.01,100,163717,卖盘
768,10:50:54,16.37,0.0,8,13096,卖盘
769,10:51:16,16.37,0.0,3,4911,卖盘
770,10:51:22,16.37,0.0,10,16370,卖盘
771,10:51:39,16.36,-0.01,292,477757,卖盘
772,10:51:42,16.36,0.0,8,13088,买盘
773,10:52:06,16.37,0.01,14,22918,卖盘
774,10:52:19,16.37,0.0,21,34377,卖盘
775,10:52:21,16.37,0.0,18,29466,买盘
776,10:52:25,16.37,0.0,1,1637,买盘
777,10:52:28,16.36,-0.01,9,14724,卖盘
778,10:52:39,16.37,0.01,30,49110,买盘
779,10:52:45,16.38,0.01,30,49110,买盘
780,10:52:55,16.38,0.0,10,16380,买盘
781,10:53:13,16.38,0.0,3,4914,卖盘
782,10:53:28,16.37,-0.01,13,21281,卖盘
783,10:53:37,16.38,0.01,5,8190,买盘
784,10:53:39,16.37,-0.01,1,1637,卖盘
785,10:53:46,16.39,0.02,23,37675,买盘
786,10:53:49,16.37,-0.02,30,49110,卖盘
787,10:54:04,16.38,0.01,6,9828,卖盘
788,10:54:10,16.38,0.0,18,29484,卖盘
789,10:54:25,16.38,0.0,2,3276,买盘
790,10:54:43,16.37,-0.01,11,18007,卖盘
791,10:54:58,16.38,0.01,23,37674,买盘
792,10:55:00,16.37,-0.01,42,68754,卖盘
793,10:55:25,16.37,0.0,15,24555,买盘
794,10:55:28,16.37,0.0,77,126049,买盘
795,10:55:34,16.37,0.0,1,1637,买盘
796,10:55:37,16.36,-0.01,32,52352,卖盘
797,10:55:55,16.36,0.0,22,35992,卖盘
798,10:56:01,16.36,0.0,12,19632,卖盘
799,10:56:42,16.37,0.01,20,32740,买盘
800,10:56:52,16.37,0.0,72,117864,买盘
801,10:56:55,16.37,0.0,5,8185,买盘
802,10:56:58,16.36,-0.01,51,83484,卖盘
803,10:57:33,16.38,0.02,13,21294,卖盘
804,10:57:49,16.38,0.0,1,1638,卖盘
805,10:58:00,16.38,0.0,5,8190,卖盘
806,10:58:13,16.38,0.0,15,24570,卖盘
807,10:58:37,16.38,0.0,10,16380,卖盘
808,10:58:45,16.38,0.0,40,65520,卖盘
809,10:58:54,16.38,0.0,14,22932,买盘
810,10:59:01,16.37,-0.01,64,104819,卖盘
811,10:59:31,16.37,0.0,5,8185,卖盘
812,10:59:43,16.37,0.0,15,24555,卖盘
813,10:59:45,16.37,0.0,7,11459,卖盘
814,11:00:00,16.38,0.01,1,1638,买盘
815,11:00:15,16.37,-0.01,4,6548,卖盘
816,11:00:19,16.36,-0.01,100,163637,卖盘
817,11:00:21,16.36,0.0,12,19632,卖盘
818,11:00:34,16.36,0.0,6,9816,卖盘
819,11:00:37,16.37,0.01,4,6548,中性盘
820,11:01:27,16.37,0.0,68,111316,卖盘
821,11:01:31,16.37,0.0,23,37651,买盘
822,11:01:40,16.37,0.0,3,4911,买盘
823,11:01:43,16.37,0.0,35,57312,买盘
824,11:01:57,16.37,0.0,14,22918,卖盘
825,11:02:13,16.37,0.0,35,57295,卖盘
826,11:02:24,16.36,-0.01,5,8180,卖盘
827,11:02:39,16.37,0.01,1,1637,买盘
828,11:02:42,16.36,-0.01,31,50739,卖盘
829,11:02:58,16.37,0.01,35,57295,买盘
830,11:03:00,16.37,0.0,4,6548,买盘
831,11:03:03,16.37,0.0,2,3274,买盘
832,11:03:28,16.37,0.0,13,21281,卖盘
833,11:03:34,16.37,0.0,10,16370,卖盘
834,11:03:45,16.37,0.0,5,8185,卖盘
835,11:03:52,16.38,0.01,23,37674,买盘
836,11:03:54,16.38,0.0,9,14742,买盘
837,11:04:10,16.38,0.0,30,49140,卖盘
838,11:04:12,16.38,0.0,50,81900,买盘
839,11:04:40,16.37,-0.01,10,16370,卖盘
840,11:04:42,16.38,0.01,16,26208,买盘
841,11:04:52,16.37,-0.01,42,68787,卖盘
842,11:05:01,16.39,0.02,23,37697,买盘
843,11:05:07,16.39,0.0,1,1639,买盘
844,11:05:10,16.39,0.0,16,26224,买盘
845,11:05:46,16.39,0.0,65,106538,卖盘
846,11:05:48,16.38,-0.01,16,26208,卖盘
847,11:05:54,16.39,0.01,12,19668,买盘
848,11:06:00,16.4,0.01,5,8200,买盘
849,11:06:06,16.39,-0.01,40,65590,卖盘
850,11:06:10,16.39,0.0,14,22946,卖盘
851,11:06:15,16.39,0.0,12,19668,卖盘
852,11:06:25,16.4,0.01,23,37720,买盘
853,11:07:06,16.4,0.0,21,34440,买盘
854,11:07:10,16.39,-0.01,23,37697,卖盘
855,11:07:12,16.39,0.0,13,21307,卖盘
856,11:07:27,16.4,0.01,100,164000,买盘
857,11:07:30,16.39,-0.01,167,273855,卖盘
858,11:07:33,16.39,0.0,50,81950,卖盘
859,11:07:43,16.39,0.0,12,19668,卖盘
860,11:07:45,16.39,0.0,12,19668,卖盘
861,11:08:06,16.41,0.02,20,32820,买盘
862,11:08:45,16.4,-0.01,1,1640,卖盘
863,11:08:54,16.4,0.0,4,6560,卖盘
864,11:08:58,16.4,0.0,61,100040,卖盘
865,11:09:01,16.39,-0.01,35,57371,卖盘
866,11:09:07,16.4,0.01,5,8200,买盘
867,11:09:16,16.39,-0.01,14,22946,卖盘
868,11:09:18,16.39,0.0,10,16390,卖盘
869,11:09:34,16.4,0.01,4,6560,买盘
870,11:09:52,16.39,-0.01,4,6559,卖盘
871,11:10:30,16.39,0.0,39,63976,卖盘
872,11:10:33,16.39,0.0,11,18029,卖盘
873,11:10:37,16.4,0.01,25,41000,中性盘
874,11:10:42,16.39,-0.01,10,16390,卖盘
875,11:11:06,16.39,0.0,4,6556,卖盘
876,11:11:43,16.39,0.0,6,9834,卖盘
877,11:11:46,16.39,0.0,21,34419,卖盘
878,11:12:04,16.4,0.01,20,32800,买盘
879,11:12:12,16.38,-0.02,20,32760,卖盘
880,11:12:15,16.38,0.0,12,19656,卖盘
881,11:12:33,16.39,0.01,3,4917,买盘
882,11:13:07,16.38,-0.01,12,19656,卖盘
883,11:13:10,16.38,0.0,13,21294,卖盘
884,11:13:12,16.38,0.0,2,3276,卖盘
885,11:13:27,16.39,0.01,23,37697,买盘
886,11:13:30,16.38,-0.01,22,36036,卖盘
887,11:13:43,16.38,0.0,138,226044,卖盘
888,11:13:46,16.37,-0.01,40,65498,卖盘
889,11:13:55,16.38,0.01,1,1638,买盘
890,11:14:37,16.37,-0.01,113,184981,卖盘
891,11:14:39,16.37,0.0,39,63843,卖盘
892,11:14:46,16.35,-0.02,855,1398349,卖盘
893,11:14:49,16.33,-0.02,243,397031,卖盘
894,11:14:51,16.33,0.0,62,101246,卖盘
895,11:14:55,16.32,-0.01,14,22857,卖盘
896,11:15:04,16.32,0.0,105,171360,卖盘
897,11:15:06,16.32,0.0,66,107712,卖盘
898,11:15:10,16.32,0.0,41,66938,卖盘
899,11:15:24,16.33,0.01,35,57125,买盘
900,11:15:27,16.32,-0.01,14,22848,卖盘
901,11:15:31,16.32,0.0,15,24485,卖盘
902,11:15:42,16.31,-0.01,100,163187,卖盘
903,11:15:45,16.31,0.0,22,35883,卖盘
904,11:15:48,16.32,0.01,13,21216,中性盘
905,11:16:00,16.33,0.01,3,4899,卖盘
906,11:16:03,16.32,-0.01,80,130668,卖盘
907,11:16:07,16.32,0.0,22,35905,卖盘
908,11:16:16,16.32,0.0,20,32641,卖盘
909,11:16:19,16.32,0.0,10,16320,卖盘
910,11:16:27,16.33,0.01,62,101196,买盘
911,11:16:31,16.32,-0.01,27,44064,卖盘
912,11:16:34,16.32,0.0,7,11424,卖盘
913,11:16:49,16.33,0.01,30,48990,买盘
914,11:16:51,16.32,-0.01,12,19584,卖盘
915,11:16:54,16.32,0.0,3,4896,卖盘
916,11:17:15,16.32,0.0,10,16320,卖盘
917,11:17:37,16.33,0.01,10,16330,买盘
918,11:17:40,16.33,0.0,11,17963,买盘
919,11:17:42,16.32,-0.01,20,32644,卖盘
920,11:17:45,16.32,0.0,12,19584,卖盘
921,11:17:49,16.32,0.0,10,16320,卖盘
922,11:18:06,16.34,0.02,25,40850,买盘
923,11:18:12,16.33,-0.01,4,6532,卖盘
924,11:18:16,16.33,0.0,8,13064,卖盘
925,11:18:19,16.34,0.01,13,21231,买盘
926,11:18:22,16.33,-0.01,7,11431,卖盘
927,11:18:45,16.32,-0.01,30,48960,卖盘
928,11:19:12,16.32,0.0,11,17952,卖盘
929,11:19:16,16.33,0.01,34,55510,买盘
930,11:19:18,16.33,0.0,1,1633,买盘
931,11:19:21,16.33,0.0,50,81650,买盘
932,11:19:25,16.32,-0.01,82,133824,卖盘
933,11:19:27,16.32,0.0,15,24480,卖盘
934,11:19:42,16.32,0.0,16,26112,卖盘
935,11:19:45,16.32,0.0,5,8160,卖盘
936,11:19:51,16.32,0.0,5,8160,卖盘
937,11:20:04,16.33,0.01,40,65320,买盘
938,11:20:06,16.32,-0.01,26,42432,卖盘
939,11:20:09,16.33,0.01,6,9798,买盘
940,11:20:18,16.32,-0.01,10,16320,卖盘
941,11:20:43,16.33,0.01,27,44084,买盘
942,11:20:45,16.32,-0.01,13,21216,卖盘
943,11:20:54,16.32,0.0,28,45696,卖盘
944,11:21:28,16.33,0.01,1,1633,买盘
945,11:21:30,16.32,-0.01,5,8160,卖盘
946,11:21:37,16.33,0.01,24,39192,买盘
947,11:21:39,16.32,-0.01,13,21216,卖盘
948,11:21:43,16.32,0.0,10,16320,卖盘
949,11:22:07,16.33,0.01,23,37558,买盘
950,11:22:33,16.32,-0.01,2,3264,卖盘
951,11:22:36,16.32,0.0,1,1632,卖盘
952,11:22:48,16.33,0.01,20,32660,买盘
953,11:22:52,16.32,-0.01,13,21216,卖盘
954,11:22:57,16.32,0.0,10,16320,卖盘
955,11:23:06,16.32,0.0,60,97920,卖盘
956,11:23:09,16.32,0.0,16,26112,卖盘
957,11:23:12,16.32,0.0,10,16320,卖盘
958,11:23:19,16.32,0.0,8,13056,卖盘
959,11:23:27,16.31,-0.01,10,16310,卖盘
960,11:23:30,16.33,0.02,20,32648,买盘
961,11:23:33,16.31,-0.02,11,17941,卖盘
962,11:23:36,16.31,0.0,10,16310,卖盘
963,11:23:54,16.31,0.0,200,326200,卖盘
964,11:23:57,16.31,0.0,58,94598,卖盘
965,11:24:01,16.31,0.0,43,70133,卖盘
966,11:24:06,16.31,0.0,20,32620,卖盘
967,11:24:09,16.31,0.0,30,49158,卖盘
968,11:24:12,16.31,0.0,14,22834,卖盘
969,11:24:15,16.31,0.0,9,14451,卖盘
970,11:24:19,16.31,0.0,4,6524,买盘
971,11:24:22,16.3,-0.01,10,16300,卖盘
972,11:24:31,16.3,0.0,50,81500,卖盘
973,11:24:34,16.3,0.0,18,29340,卖盘
974,11:24:37,16.31,0.01,32,52163,买盘
975,11:24:40,16.31,0.0,19,31217,买盘
976,11:24:42,16.31,0.0,24,39145,卖盘
977,11:24:46,16.31,0.0,3,4893,卖盘
978,11:24:49,16.32,0.01,13,21216,买盘
979,11:24:52,16.32,0.0,45,73440,买盘
980,11:24:55,16.32,0.0,17,27744,卖盘
981,11:25:01,16.33,0.01,12,19596,买盘
982,11:25:10,16.34,0.01,130,212327,买盘
983,11:25:12,16.33,-0.01,48,78388,卖盘
984,11:25:15,16.33,0.0,17,27761,卖盘
985,11:25:19,16.34,0.01,6,9804,买盘
986,11:25:21,16.33,-0.01,1,1633,卖盘
987,11:25:28,16.34,0.01,60,98040,买盘
988,11:25:31,16.34,0.0,19,31029,买盘
989,11:25:34,16.33,-0.01,18,29394,卖盘
990,11:25:57,16.33,0.0,33,53890,卖盘
991,11:26:01,16.32,-0.01,14,22850,卖盘
992,11:26:27,16.32,0.0,1,1632,卖盘
993,11:26:31,16.33,0.01,11,17963,买盘
994,11:26:34,16.32,-0.01,24,39187,卖盘
995,11:27:04,16.33,0.01,7,11431,买盘
996,11:27:07,16.32,-0.01,142,231883,卖盘
997,11:27:09,16.32,0.0,46,75077,卖盘
998,11:27:22,16.34,0.02,100,163400,买盘
999,11:27:24,16.32,-0.02,37,60386,卖盘
1000,11:27:51,16.32,0.0,5,8160,卖盘
1001,11:27:54,16.34,0.02,31,50654,买盘
1002,11:27:57,16.34,0.0,96,156864,卖盘
1003,11:28:00,16.34,0.0,30,49020,卖盘
1004,11:28:22,16.35,0.01,23,37605,买盘
1005,11:28:30,16.35,0.0,10,16350,买盘
1006,11:28:33,16.34,-0.01,11,17974,卖盘
1007,11:28:58,16.34,0.0,30,49020,卖盘
1008,11:29:06,16.34,0.0,10,16340,卖盘
1009,11:29:12,16.34,0.0,14,22876,卖盘
1010,11:29:15,16.34,0.0,21,34314,卖盘
1011,11:29:18,16.34,0.0,11,17974,卖盘
1012,11:29:28,16.35,0.01,5,8175,买盘
1013,11:29:31,16.34,-0.01,12,19608,卖盘
1014,13:00:00,16.34,0.0,10,16340,卖盘
1015,13:00:04,16.32,-0.02,353,576612,卖盘
1016,13:00:07,16.31,-0.01,89,145242,卖盘
1017,13:00:09,16.34,0.03,61,99587,买盘
1018,13:00:13,16.31,-0.03,11,17941,卖盘
1019,13:00:16,16.31,0.0,13,21204,卖盘
1020,13:00:22,16.31,0.0,20,32620,卖盘
1021,13:01:04,16.31,0.0,2,3262,卖盘
1022,13:01:12,16.31,0.0,6,9786,卖盘
1023,13:02:00,16.31,0.0,2,3262,卖盘
1024,13:02:16,16.31,0.0,12,19572,卖盘
1025,13:02:18,16.31,0.0,10,16310,卖盘
1026,13:02:27,16.31,0.0,1,1631,卖盘
1027,13:02:31,16.31,0.0,20,32620,卖盘
1028,13:02:36,16.31,0.0,5,8155,卖盘
1029,13:02:55,16.31,0.0,92,150052,卖盘
1030,13:02:57,16.31,0.0,39,63609,卖盘
1031,13:03:03,16.31,0.0,6,9558,卖盘
1032,13:03:12,16.3,-0.01,130,211905,卖盘
1033,13:03:15,16.3,0.0,46,74980,卖盘
1034,13:03:21,16.3,0.0,121,197517,卖盘
1035,13:03:24,16.3,0.0,17,27710,卖盘
1036,13:03:27,16.3,0.0,1,1630,卖盘
1037,13:03:36,16.3,0.0,5,8150,卖盘
1038,13:03:42,16.3,0.0,20,32600,卖盘
1039,13:03:45,16.3,0.0,4,6520,卖盘
1040,13:04:01,16.3,0.0,2,3260,卖盘
1041,13:04:19,16.3,0.0,7,11410,卖盘
1042,13:04:22,16.3,0.0,11,17930,卖盘
1043,13:04:27,16.3,0.0,12,19560,卖盘
1044,13:04:54,16.32,0.02,2,3264,买盘
1045,13:05:18,16.31,-0.01,5,8155,卖盘
1046,13:06:07,16.31,0.0,24,39144,卖盘
1047,13:06:10,16.31,0.0,44,71764,卖盘
1048,13:06:18,16.31,0.0,1,1631,买盘
1049,13:06:48,16.3,-0.01,5,8150,卖盘
1050,13:07:15,16.3,0.0,4,6520,卖盘
1051,13:07:18,16.3,0.0,10,16300,卖盘
1052,13:07:24,16.3,0.0,10,16300,卖盘
1053,13:08:04,16.3,0.0,31,50530,卖盘
1054,13:08:19,16.3,0.0,4,6520,卖盘
1055,13:08:21,16.3,0.0,18,29340,卖盘
1056,13:08:33,16.3,0.0,71,115502,卖盘
1057,13:08:57,16.3,0.0,8,13040,买盘
1058,13:09:00,16.3,0.0,10,16300,买盘
1059,13:09:04,16.3,0.0,8,13040,买盘
1060,13:09:07,16.3,0.0,6,10008,买盘
1061,13:09:18,16.3,0.0,10,16300,卖盘
1062,13:09:24,16.3,0.0,5,8150,卖盘
1063,13:09:31,16.3,0.0,11,17930,卖盘
1064,13:09:43,16.3,0.0,10,16300,卖盘
1065,13:09:45,16.3,0.0,5,8150,卖盘
1066,13:10:07,16.3,0.0,12,19560,卖盘
1067,13:10:39,16.3,0.0,20,32600,卖盘
1068,13:11:09,16.31,0.01,5,8155,买盘
1069,13:11:18,16.3,-0.01,5,8150,卖盘
1070,13:11:24,16.31,0.01,10,16310,买盘
1071,13:11:52,16.3,-0.01,2,3260,卖盘
1072,13:11:55,16.31,0.01,10,16310,买盘
1073,13:11:58,16.31,0.0,14,22834,买盘
1074,13:12:01,16.31,0.0,16,26096,买盘
1075,13:12:04,16.31,0.0,161,262441,买盘
1076,13:12:24,16.31,0.0,1,1403,买盘
1077,13:12:45,16.3,-0.01,30,48900,卖盘
1078,13:13:01,16.29,-0.01,3,4887,卖盘
1079,13:13:07,16.29,0.0,136,221564,卖盘
1080,13:13:12,16.3,0.01,1,1630,买盘
1081,13:13:28,16.29,-0.01,85,138465,卖盘
1082,13:13:37,16.28,-0.01,3,4884,卖盘
1083,13:13:42,16.29,0.01,50,81450,买盘
1084,13:13:46,16.28,-0.01,153,249084,卖盘
1085,13:14:01,16.27,-0.01,7,11389,卖盘
1086,13:14:04,16.27,0.0,14,22778,卖盘
1087,13:14:10,16.27,0.0,3,4881,卖盘
1088,13:14:15,16.27,0.0,19,30903,买盘
1089,13:14:25,16.26,-0.01,3,4878,卖盘
1090,13:14:33,16.26,0.0,30,48780,卖盘
1091,13:14:36,16.26,0.0,37,60162,卖盘
1092,13:14:42,16.26,0.0,66,107276,卖盘
1093,13:14:52,16.26,0.0,5,8130,卖盘
1094,13:15:06,16.26,0.0,48,78048,买盘
1095,13:15:12,16.25,-0.01,1,1625,卖盘
1096,13:15:15,16.26,0.01,1,1626,买盘
1097,13:15:33,16.26,0.0,5,8130,买盘
1098,13:15:36,16.26,0.0,19,30894,买盘
1099,13:15:40,16.26,0.0,13,21138,买盘
1100,13:15:43,16.26,0.0,183,297408,买盘
1101,13:15:46,16.26,0.0,25,40650,买盘
1102,13:15:48,16.26,0.0,42,68292,买盘
1103,13:15:51,16.26,0.0,6,9756,卖盘
1104,13:16:04,16.26,0.0,4,6504,卖盘
1105,13:16:07,16.26,0.0,7,11382,卖盘
1106,13:16:09,16.26,0.0,37,60162,卖盘
1107,13:16:16,16.27,0.01,9,14640,买盘
1108,13:16:25,16.26,-0.01,10,16260,卖盘
1109,13:16:33,16.27,0.01,20,32540,买盘
1110,13:16:40,16.27,0.0,4,6508,买盘
1111,13:16:48,16.27,0.0,5,8135,买盘
1112,13:17:00,16.27,0.0,5,8135,买盘
1113,13:17:07,16.27,0.0,5,8135,买盘
1114,13:17:09,16.27,0.0,25,40675,买盘
1115,13:17:16,16.27,0.0,8,13016,买盘
1116,13:17:40,16.27,0.0,6,9762,买盘
1117,13:17:45,16.27,0.0,8,13016,买盘
1118,13:18:04,16.27,0.0,5,8135,买盘
1119,13:18:12,16.26,-0.01,5,8130,卖盘
1120,13:18:16,16.26,0.0,2,3252,卖盘
1121,13:18:18,16.27,0.01,7,11389,买盘
1122,13:18:21,16.27,0.0,20,32530,买盘
1123,13:18:25,16.26,-0.01,87,141462,卖盘
1124,13:18:27,16.26,0.0,7,11382,卖盘
1125,13:18:33,16.27,0.01,10,16270,买盘
1126,13:18:36,16.27,0.0,62,100874,买盘
1127,13:18:40,16.27,0.0,50,81350,卖盘
1128,13:19:01,16.27,0.0,12,19524,买盘
1129,13:19:15,16.27,0.0,31,50437,买盘
1130,13:19:30,16.27,0.0,12,19524,买盘
1131,13:19:40,16.27,0.0,10,16270,卖盘
1132,13:19:43,16.27,0.0,26,42302,买盘
1133,13:19:49,16.27,0.0,2,3254,买盘
1134,13:19:58,16.27,0.0,6,9762,买盘
1135,13:20:00,16.27,0.0,9,14643,买盘
1136,13:20:04,16.27,0.0,5,8135,卖盘
1137,13:20:13,16.27,0.0,2,3254,卖盘
1138,13:20:15,16.26,-0.01,15,24390,卖盘
1139,13:20:18,16.27,0.01,10,16270,买盘
1140,13:20:36,16.27,0.0,5,8135,买盘
1141,13:20:54,16.26,-0.01,64,104064,卖盘
1142,13:21:00,16.26,0.0,1,1626,买盘
1143,13:21:04,16.26,0.0,1,1626,买盘
1144,13:21:13,16.25,-0.01,24,39000,卖盘
1145,13:21:19,16.25,0.0,2,3250,卖盘
1146,13:21:28,16.25,0.0,20,32500,卖盘
1147,13:21:33,16.25,0.0,6,9750,卖盘
1148,13:21:39,16.24,-0.01,65,105619,卖盘
1149,13:21:52,16.24,0.0,59,95816,卖盘
1150,13:21:58,16.24,0.0,2,3248,卖盘
1151,13:22:01,16.24,0.0,100,162400,卖盘
1152,13:22:07,16.24,0.0,13,21117,卖盘
1153,13:22:16,16.25,0.01,54,87720,买盘
1154,13:22:21,16.24,-0.01,20,32480,卖盘
1155,13:22:28,16.25,0.01,26,42250,买盘
1156,13:22:33,16.25,0.0,18,29250,卖盘
1157,13:22:39,16.25,0.0,11,17875,卖盘
1158,13:22:52,16.25,0.0,88,143000,卖盘
1159,13:22:58,16.25,0.0,5,8125,卖盘
1160,13:23:16,16.25,0.0,9,14625,卖盘
1161,13:23:22,16.25,0.0,2,3250,卖盘
1162,13:23:34,16.26,0.01,20,32520,买盘
1163,13:23:39,16.26,0.0,38,61788,买盘
1164,13:23:52,16.26,0.0,15,24390,卖盘
1165,13:23:58,16.26,0.0,47,76422,卖盘
1166,13:24:09,16.26,0.0,3,4878,买盘
1167,13:24:28,16.27,0.01,6,9757,买盘
1168,13:24:30,16.27,0.0,2,3254,买盘
1169,13:24:34,16.26,-0.01,9,14634,卖盘
1170,13:24:42,16.26,0.0,22,35772,卖盘
1171,13:24:46,16.26,0.0,1,1626,卖盘
1172,13:25:00,16.27,0.01,44,71548,买盘
1173,13:25:09,16.26,-0.01,28,45528,卖盘
1174,13:25:22,16.26,0.0,33,53658,买盘
1175,13:26:10,16.25,-0.01,20,32519,卖盘
1176,13:26:18,16.26,0.01,3,4878,卖盘
1177,13:26:21,16.26,0.0,7,11382,卖盘
1178,13:26:27,16.26,0.0,1,1626,买盘
1179,13:26:39,16.25,-0.01,13,21134,卖盘
1180,13:26:42,16.26,0.01,18,29261,买盘
1181,13:27:12,16.26,0.0,2,3252,卖盘
1182,13:27:34,16.26,0.0,30,48780,卖盘
1183,13:27:45,16.27,0.01,15,24405,买盘
1184,13:28:00,16.27,0.0,25,40675,买盘
1185,13:28:09,16.26,-0.01,70,113820,卖盘
1186,13:28:12,16.26,0.0,3,4878,卖盘
1187,13:28:16,16.26,0.0,3,4878,买盘
1188,13:28:28,16.27,0.01,10,16270,买盘
1189,13:28:37,16.27,0.0,15,24405,买盘
1190,13:28:40,16.25,-0.02,286,464786,卖盘
1191,13:28:43,16.27,0.02,40,65072,买盘
1192,13:28:46,16.26,-0.01,39,63424,中性盘
1193,13:28:51,16.26,0.0,21,34146,买盘
1194,13:28:54,16.26,0.0,7,11382,卖盘
1195,13:28:58,16.26,0.0,7,11382,买盘
1196,13:29:01,16.26,0.0,3,4878,买盘
1197,13:29:04,16.25,-0.01,50,81250,卖盘
1198,13:29:07,16.26,0.01,10,16260,买盘
1199,13:29:16,16.26,0.0,73,118698,买盘
1200,13:29:19,16.25,-0.01,50,81267,卖盘
1201,13:29:22,16.26,0.01,2,3252,中性盘
1202,13:29:25,16.26,0.0,3,4878,卖盘
1203,13:29:46,16.25,-0.01,5,8125,卖盘
1204,13:29:48,16.25,0.0,2,3250,卖盘
1205,13:29:57,16.25,0.0,150,243750,卖盘
1206,13:30:04,16.25,0.0,1,1625,卖盘
1207,13:30:18,16.25,0.0,1,1625,卖盘
1208,13:30:39,16.25,0.0,79,128375,卖盘
1209,13:31:04,16.25,0.0,1,1625,买盘
1210,13:31:06,16.24,-0.01,200,324800,卖盘
1211,13:31:13,16.25,0.01,2,3250,买盘
1212,13:31:16,16.25,0.0,8,13000,买盘
1213,13:31:22,16.25,0.0,31,50345,买盘
1214,13:31:31,16.25,0.0,23,37375,买盘
1215,13:31:36,16.25,0.0,5,8125,买盘
1216,13:31:46,16.24,-0.01,15,24360,卖盘
1217,13:31:48,16.24,0.0,14,22736,买盘
1218,13:31:54,16.24,0.0,50,81200,买盘
1219,13:31:58,16.23,-0.01,150,243450,卖盘
1220,13:32:04,16.23,0.0,4,6492,卖盘
1221,13:32:12,16.25,0.02,163,264626,买盘
1222,13:32:40,16.23,-0.02,6,9738,卖盘
1223,13:32:43,16.24,0.01,83,134717,买盘
1224,13:32:48,16.23,-0.01,60,97380,卖盘
1225,13:32:51,16.23,0.0,29,47067,买盘
1226,13:32:54,16.23,0.0,19,30837,买盘
1227,13:32:57,16.23,0.0,5,8115,买盘
1228,13:33:04,16.23,0.0,8,12984,卖盘
1229,13:33:06,16.22,-0.01,10,16220,卖盘
1230,13:33:10,16.23,0.01,5,8115,买盘
1231,13:33:34,16.22,-0.01,6,9732,卖盘
1232,13:33:39,16.23,0.01,3,4869,买盘
1233,13:33:46,16.23,0.0,32,51936,买盘
1234,13:33:48,16.22,-0.01,2,3244,卖盘
1235,13:33:51,16.22,0.0,2,3244,卖盘
1236,13:33:58,16.23,0.01,2,3246,买盘
1237,13:34:07,16.23,0.0,62,100626,买盘
1238,13:34:09,16.23,0.0,7,11361,买盘
1239,13:34:19,16.23,0.0,7,11361,买盘
1240,13:34:28,16.22,-0.01,19,30818,卖盘
1241,13:34:31,16.23,0.01,33,53559,买盘
1242,13:34:34,16.23,0.0,10,16230,买盘
1243,13:34:37,16.23,0.0,3,4869,买盘
1244,13:34:42,16.22,-0.01,17,27584,卖盘
1245,13:34:46,16.22,0.0,150,243300,卖盘
1246,13:34:49,16.23,0.01,10,16230,买盘
1247,13:34:52,16.22,-0.01,15,24330,卖盘
1248,13:34:55,16.22,0.0,27,43806,卖盘
1249,13:35:01,16.22,0.0,50,81100,卖盘
1250,13:35:10,16.22,0.0,5,8110,买盘
1251,13:35:24,16.22,0.0,1,1622,买盘
1252,13:35:27,16.21,-0.01,116,188036,卖盘
1253,13:35:34,16.22,0.01,10,16220,买盘
1254,13:35:43,16.21,-0.01,26,42156,卖盘
1255,13:35:46,16.21,0.0,99,160479,卖盘
1256,13:35:49,16.21,0.0,200,324200,卖盘
1257,13:35:54,16.21,0.0,2,3242,买盘
1258,13:36:00,16.22,0.01,25,40522,买盘
1259,13:36:04,16.21,-0.01,5,8105,卖盘
1260,13:36:06,16.21,0.0,8,12968,买盘
1261,13:36:09,16.21,0.0,17,27557,买盘
1262,13:36:12,16.2,-0.01,13,21063,卖盘
1263,13:36:18,16.21,0.01,8,12968,买盘
1264,13:36:34,16.21,0.0,31,50251,卖盘
1265,13:36:36,16.2,-0.01,300,486073,卖盘
1266,13:36:43,16.21,0.01,3,4863,买盘
1267,13:36:52,16.18,-0.03,600,971646,卖盘
1268,13:37:10,16.19,0.01,10,16191,卖盘
1269,13:37:18,16.2,0.01,37,59940,买盘
1270,13:37:22,16.19,-0.01,52,84225,卖盘
1271,13:37:33,16.21,0.02,5,8103,买盘
1272,13:37:40,16.2,-0.01,37,59958,卖盘
1273,13:37:42,16.2,0.0,20,32400,卖盘
1274,13:37:46,16.21,0.01,1,1621,买盘
1275,13:37:51,16.21,0.0,9,14589,买盘
1276,13:37:55,16.2,-0.01,5,8100,卖盘
1277,13:38:00,16.21,0.01,8,12968,买盘
1278,13:38:33,16.21,0.0,25,40525,买盘
1279,13:38:36,16.21,0.0,7,11347,买盘
1280,13:38:40,16.2,-0.01,40,64800,卖盘
1281,13:38:46,16.2,0.0,15,24300,卖盘
1282,13:38:54,16.2,0.0,10,16200,卖盘
1283,13:39:01,16.2,0.0,19,30785,卖盘
1284,13:39:04,16.21,0.01,2,3242,买盘
1285,13:39:06,16.2,-0.01,20,32400,卖盘
1286,13:39:13,16.21,0.01,5,8105,买盘
1287,13:39:16,16.2,-0.01,40,64800,卖盘
1288,13:39:25,16.19,-0.01,12,19439,卖盘
1289,13:39:36,16.21,0.02,10,16210,买盘
1290,13:39:46,16.21,0.0,1,1621,买盘
1291,13:39:52,16.21,0.0,6,9721,买盘
1292,13:39:55,16.21,0.0,10,16210,买盘
1293,13:40:04,16.21,0.0,3,4863,买盘
1294,13:40:07,16.21,0.0,17,27557,买盘
1295,13:40:13,16.21,0.0,3,4863,卖盘
1296,13:40:25,16.22,0.01,43,69746,买盘
1297,13:40:40,16.22,0.0,1,1622,买盘
1298,13:40:46,16.22,0.0,9,14598,买盘
1299,13:40:48,16.21,-0.01,7,11353,卖盘
1300,13:40:54,16.22,0.01,3,4866,买盘
1301,13:41:10,16.22,0.0,8,12976,买盘
1302,13:41:19,16.22,0.0,32,51904,买盘
1303,13:41:21,16.22,0.0,1,1622,买盘
1304,13:41:25,16.22,0.0,6,9732,买盘
1305,13:41:30,16.21,-0.01,88,142648,卖盘
1306,13:41:55,16.22,0.01,3,4866,买盘
1307,13:42:04,16.22,0.0,1,1622,买盘
1308,13:42:07,16.21,-0.01,27,43767,卖盘
1309,13:42:09,16.22,0.01,5,8110,买盘
1310,13:42:27,16.22,0.0,32,51884,买盘
1311,13:42:34,16.21,-0.01,20,32420,卖盘
1312,13:42:36,16.22,0.01,5,8110,买盘
1313,13:42:45,16.21,-0.01,20,32420,卖盘
1314,13:42:52,16.21,0.0,1,1621,卖盘
1315,13:42:55,16.21,0.0,20,32420,卖盘
1316,13:43:00,16.22,0.01,10,16220,买盘
1317,13:43:04,16.21,-0.01,21,34042,卖盘
1318,13:43:10,16.22,0.01,3,4866,买盘
1319,13:43:13,16.21,-0.01,29,47009,卖盘
1320,13:43:19,16.21,0.0,6,9726,买盘
1321,13:43:24,16.21,0.0,27,43767,买盘
1322,13:43:28,16.21,0.0,52,84288,买盘
1323,13:43:34,16.21,0.0,7,11347,买盘
1324,13:43:40,16.21,0.0,5,8105,买盘
1325,13:43:45,16.22,0.01,28,45416,买盘
1326,13:44:10,16.22,0.0,2,3244,买盘
1327,13:44:22,16.21,-0.01,97,157327,卖盘
1328,13:44:25,16.22,0.01,1,1622,买盘
1329,13:44:28,16.22,0.0,19,30809,买盘
1330,13:44:49,16.21,-0.01,20,32420,卖盘
1331,13:45:04,16.21,0.0,6,9726,卖盘
1332,13:45:16,16.21,0.0,8,12968,卖盘
1333,13:45:37,16.21,0.0,10,16210,卖盘
1334,13:45:52,16.21,0.0,1,1621,卖盘
1335,13:46:16,16.21,0.0,1,1621,卖盘
1336,13:46:25,16.22,0.01,1,1622,买盘
1337,13:46:40,16.21,-0.01,6,9726,卖盘
1338,13:46:42,16.22,0.01,1,1622,买盘
1339,13:46:54,16.22,0.0,12,19464,买盘
1340,13:47:04,16.22,0.0,5,8110,买盘
1341,13:47:07,16.22,0.0,10,16220,买盘
1342,13:47:12,16.22,0.0,20,32440,买盘
1343,13:47:21,16.22,0.0,10,16220,买盘
1344,13:47:24,16.22,0.0,50,81100,买盘
1345,13:47:34,16.22,0.0,41,66502,买盘
1346,13:47:37,16.22,0.0,10,16220,买盘
1347,13:47:43,16.22,0.0,284,460648,买盘
1348,13:47:45,16.22,0.0,3,4866,买盘
1349,13:47:48,16.22,0.0,70,113540,买盘
1350,13:47:51,16.22,0.0,52,84339,买盘
1351,13:48:10,16.23,0.01,5,8115,买盘
1352,13:48:40,16.23,0.0,3,4869,买盘
1353,13:48:43,16.23,0.0,3,4869,买盘
1354,13:48:45,16.23,0.0,1,1623,买盘
1355,13:48:48,16.23,0.0,3,4869,买盘
1356,13:48:51,16.23,0.0,3,4869,买盘
1357,13:48:54,16.23,0.0,1,1623,买盘
1358,13:49:24,16.23,0.0,19,30837,买盘
1359,13:49:55,16.23,0.0,1,1623,买盘
1360,13:49:57,16.23,0.0,8,12979,买盘
1361,13:50:07,16.23,0.0,73,118479,买盘
1362,13:50:13,16.23,0.0,5,8115,买盘
1363,13:50:25,16.23,0.0,30,48690,买盘
1364,13:50:28,16.23,0.0,19,30837,买盘
1365,13:50:43,16.23,0.0,19,30837,买盘
1366,13:51:04,16.23,0.0,1,1623,买盘
1367,13:51:06,16.23,0.0,6,9737,买盘
1368,13:51:18,16.23,0.0,4,6492,买盘
1369,13:51:24,16.23,0.0,19,30837,买盘
1370,13:51:37,16.23,0.0,5,8115,买盘
1371,13:51:46,16.23,0.0,9,14607,买盘
1372,13:52:04,16.24,0.01,12,19481,买盘
1373,13:52:13,16.23,-0.01,13,21099,卖盘
1374,13:52:22,16.23,0.0,4,6492,买盘
1375,13:52:24,16.24,0.01,1,1624,买盘
1376,13:52:33,16.24,0.0,4,6496,买盘
1377,13:52:55,16.24,0.0,30,48720,买盘
1378,13:52:58,16.24,0.0,4,6496,买盘
1379,13:53:04,16.25,0.01,1,1625,买盘
1380,13:53:15,16.25,0.0,60,97498,买盘
1381,13:53:18,16.25,0.0,14,22750,买盘
1382,13:53:22,16.25,0.0,65,105625,买盘
1383,13:53:31,16.26,0.01,20,32520,买盘
1384,13:53:34,16.25,-0.01,12,19502,卖盘
1385,13:53:40,16.26,0.01,7,11382,买盘
1386,13:53:51,16.27,0.01,5,8135,买盘
1387,13:53:54,16.25,-0.02,38,61764,卖盘
1388,13:54:22,16.28,0.03,100,162761,买盘
1389,13:54:52,16.28,0.0,5,8140,买盘
1390,13:55:10,16.27,-0.01,3,4881,卖盘
1391,13:55:15,16.28,0.01,8,13024,买盘
1392,13:55:18,16.28,0.0,5,8140,卖盘
1393,13:55:24,16.29,0.01,11,17909,买盘
1394,13:55:27,16.28,-0.01,7,11396,卖盘
1395,13:55:31,16.26,-0.02,94,152884,卖盘
1396,13:55:45,16.26,0.0,1,1626,买盘
1397,13:55:54,16.24,-0.02,72,116984,卖盘
1398,13:56:07,16.25,0.01,5,8125,买盘
1399,13:56:09,16.24,-0.01,60,97712,卖盘
1400,13:56:30,16.27,0.03,3,4881,卖盘
1401,13:56:55,16.27,0.0,18,29286,卖盘
1402,13:57:24,16.27,0.0,5,8135,买盘
1403,13:57:46,16.27,0.0,1,1627,买盘
1404,13:58:13,16.26,-0.01,16,26016,卖盘
1405,13:58:16,16.27,0.01,3,4879,买盘
1406,13:58:40,16.26,-0.01,10,16260,卖盘
1407,13:58:43,16.26,0.0,5,8130,卖盘
1408,13:58:54,16.26,0.0,4,6504,卖盘
1409,13:59:06,16.27,0.01,3,4881,买盘
1410,13:59:21,16.27,0.0,9,14643,买盘
1411,13:59:27,16.26,-0.01,10,16260,卖盘
1412,13:59:36,16.26,0.0,10,16260,卖盘
1413,13:59:46,16.26,0.0,3,4879,卖盘
1414,13:59:55,16.27,0.01,5,8135,买盘
1415,14:00:22,16.3,0.03,166,270531,买盘
1416,14:00:27,16.3,0.0,97,158112,卖盘
1417,14:00:36,16.27,-0.03,10,16270,卖盘
1418,14:01:19,16.28,0.01,1,1628,卖盘
1419,14:01:40,16.28,0.0,4,6512,卖盘
1420,14:01:46,16.28,0.0,4,6512,买盘
1421,14:01:51,16.3,0.02,1,1630,买盘
1422,14:02:04,16.3,0.0,1,1630,买盘
1423,14:02:16,16.29,-0.01,1,1629,卖盘
1424,14:02:57,16.28,-0.01,43,70004,卖盘
1425,14:03:13,16.28,0.0,58,94422,买盘
1426,14:03:27,16.28,0.0,1,1628,买盘
1427,14:03:31,16.28,0.0,8,13024,买盘
1428,14:03:45,16.28,0.0,1,1628,买盘
1429,14:04:01,16.28,0.0,18,29304,买盘
1430,14:04:09,16.28,0.0,5,8140,买盘
1431,14:04:24,16.28,0.0,1,1628,买盘
1432,14:04:46,16.27,-0.01,3,4881,卖盘
1433,14:05:04,16.28,0.01,1,1628,买盘
1434,14:05:10,16.28,0.0,1,1628,买盘
1435,14:05:22,16.27,-0.01,28,45556,卖盘
1436,14:05:52,16.27,0.0,9,14643,卖盘
1437,14:06:01,16.27,0.0,15,24405,卖盘
1438,14:06:04,16.27,0.0,2,3254,卖盘
1439,14:06:25,16.27,0.0,1,1627,买盘
1440,14:06:34,16.27,0.0,16,26032,买盘
1441,14:06:51,16.28,0.01,4,6509,买盘
1442,14:06:57,16.28,0.0,12,19536,买盘
1443,14:07:01,16.28,0.0,31,50468,买盘
1444,14:07:04,16.29,0.01,12,19548,买盘
1445,14:07:33,16.3,0.01,10,16300,买盘
1446,14:07:43,16.29,-0.01,35,57015,卖盘
1447,14:07:52,16.32,0.03,13,21205,买盘
1448,14:08:19,16.31,-0.01,5,8155,卖盘
1449,14:08:22,16.31,0.0,5,8155,卖盘
1450,14:08:46,16.31,0.0,1,1631,买盘
1451,14:08:49,16.31,0.0,10,16310,买盘
1452,14:08:55,16.31,0.0,1,1631,买盘
1453,14:09:19,16.32,0.01,27,44048,买盘
1454,14:09:31,16.32,0.0,30,48960,买盘
1455,14:09:40,16.32,0.0,42,68544,买盘
1456,14:09:52,16.32,0.0,6,9792,卖盘
1457,14:10:01,16.32,0.0,3,4897,卖盘
1458,14:10:04,16.32,0.0,83,135456,卖盘
1459,14:10:28,16.33,0.01,38,62043,买盘
1460,14:10:34,16.32,-0.01,1,1632,卖盘
1461,14:10:49,16.31,-0.01,18,29358,卖盘
1462,14:11:04,16.31,0.0,1,1631,买盘
1463,14:11:28,16.31,0.0,9,14679,买盘
1464,14:11:55,16.32,0.01,50,81600,买盘
1465,14:12:22,16.33,0.01,17,27747,买盘
1466,14:12:45,16.33,0.0,20,32660,买盘
1467,14:13:04,16.33,0.0,3,4899,买盘
1468,14:13:12,16.33,0.0,56,91448,买盘
1469,14:13:16,16.33,0.0,1,1633,买盘
1470,14:13:18,16.33,0.0,1,1633,买盘
1471,14:13:22,16.33,0.0,2,3266,买盘
1472,14:13:25,16.33,0.0,10,16330,买盘
1473,14:13:31,16.34,0.01,63,103130,买盘
1474,14:13:34,16.33,-0.01,2,3070,卖盘
1475,14:13:48,16.33,0.0,1,1633,买盘
1476,14:13:58,16.32,-0.01,160,261120,卖盘
1477,14:14:01,16.31,-0.01,28,45688,卖盘
1478,14:14:04,16.31,0.0,20,32620,卖盘
1479,14:14:13,16.31,0.0,23,37513,买盘
1480,14:14:16,16.31,0.0,9,14679,卖盘
1481,14:14:24,16.32,0.01,70,114240,买盘
1482,14:14:27,16.32,0.0,2,3264,卖盘
1483,14:14:40,16.32,0.0,4,6528,买盘
1484,14:14:58,16.32,0.0,5,8160,卖盘
1485,14:15:16,16.33,0.01,3,4899,买盘
1486,14:15:25,16.33,0.0,1,1633,买盘
1487,14:15:37,16.33,0.0,20,32660,买盘
1488,14:15:40,16.32,-0.01,33,53876,卖盘
1489,14:15:43,16.31,-0.01,7,11417,卖盘
1490,14:15:51,16.32,0.01,31,50592,买盘
1491,14:15:54,16.32,0.0,2,3264,买盘
1492,14:16:07,16.31,-0.01,6,9786,卖盘
1493,14:16:10,16.31,0.0,1,1598,卖盘
1494,14:16:13,16.32,0.01,20,32640,买盘
1495,14:16:16,16.31,-0.01,62,101122,卖盘
1496,14:16:18,16.32,0.01,31,50588,买盘
1497,14:16:24,16.31,-0.01,1,1631,买盘
1498,14:16:46,16.3,-0.01,14,22825,卖盘
1499,14:16:49,16.3,0.0,5,8151,卖盘
1500,14:16:57,16.3,0.0,82,133660,卖盘
1501,14:17:01,16.3,0.0,35,57050,卖盘
1502,14:17:04,16.3,0.0,8,13040,卖盘
1503,14:17:06,16.31,0.01,1,1631,买盘
1504,14:17:24,16.3,-0.01,5,8150,买盘
1505,14:17:45,16.3,0.0,1,1630,买盘
1506,14:17:51,16.3,0.0,1,1630,买盘
1507,14:17:54,16.3,0.0,5,8150,买盘
1508,14:18:19,16.3,0.0,20,32600,买盘
1509,14:18:25,16.31,0.01,13,21198,买盘
1510,14:18:27,16.31,0.0,10,16310,买盘
1511,14:18:34,16.31,0.0,51,83181,买盘
1512,14:18:37,16.31,0.0,7,11417,买盘
1513,14:19:00,16.32,0.01,31,50592,买盘
1514,14:19:04,16.33,0.01,773,1261749,买盘
1515,14:19:10,16.34,0.01,8,13072,买盘
1516,14:19:12,16.34,0.0,713,1165042,买盘
1517,14:19:16,16.34,0.0,114,186340,卖盘
1518,14:19:22,16.35,0.01,61,99735,买盘
1519,14:19:25,16.35,0.0,2,3270,买盘
1520,14:19:27,16.36,0.01,55,89954,买盘
1521,14:19:33,16.35,-0.01,46,75210,卖盘
1522,14:19:39,16.35,0.0,4,6540,买盘
1523,14:19:42,16.4,0.05,620,1015732,买盘
1524,14:19:45,16.4,0.0,20,32800,卖盘
1525,14:19:48,16.41,0.01,5,8205,买盘
1526,14:19:51,16.38,-0.03,6,9836,卖盘
1527,14:19:57,16.4,0.02,28,45918,买盘
1528,14:20:10,16.4,0.0,22,36077,买盘
1529,14:20:13,16.39,-0.01,5,8195,中性盘
1530,14:20:15,16.39,0.0,25,40975,卖盘
1531,14:20:18,16.39,0.0,24,39336,卖盘
1532,14:20:22,16.39,0.0,45,73726,买盘
1533,14:20:25,16.38,-0.01,2,3276,卖盘
1534,14:20:28,16.38,0.0,93,152334,卖盘
1535,14:20:43,16.36,-0.02,13,21268,卖盘
1536,14:21:01,16.38,0.02,6,9828,买盘
1537,14:21:13,16.37,-0.01,1,1637,买盘
1538,14:21:16,16.37,0.0,3,4911,买盘
1539,14:21:19,16.36,-0.01,80,130880,卖盘
1540,14:21:22,16.4,0.04,369,604323,买盘
1541,14:21:27,16.36,-0.04,2,3272,买盘
1542,14:21:40,16.39,0.03,15,24585,中性盘
1543,14:21:45,16.39,0.0,23,37697,买盘
1544,14:21:58,16.38,-0.01,1260,2069546,中性盘
1545,14:22:04,16.45,0.07,1,1645,买盘
1546,14:22:13,16.45,0.0,30,49332,买盘
1547,14:22:16,16.45,0.0,30,49350,买盘
1548,14:22:19,16.45,0.0,60,98700,中性盘
1549,14:22:22,16.42,-0.03,14,22988,卖盘
1550,14:22:28,16.44,0.02,87,142892,中性盘
1551,14:22:31,16.42,-0.02,35,57542,中性盘
1552,14:22:40,16.42,0.0,5,8210,卖盘
1553,14:22:43,16.42,0.0,60,98520,卖盘
1554,14:22:46,16.42,0.0,2,3284,卖盘
1555,14:22:48,16.43,0.01,5,8211,中性盘
1556,14:22:52,16.42,-0.01,3,4926,卖盘
1557,14:22:54,16.42,0.0,40,65680,卖盘
1558,14:22:58,16.42,0.0,2,3284,中性盘
1559,14:23:00,16.41,-0.01,1,1641,卖盘
1560,14:23:04,16.42,0.01,69,113249,买盘
1561,14:23:10,16.4,-0.02,21,34440,卖盘
1562,14:23:16,16.4,0.0,51,83640,买盘
1563,14:23:21,16.39,-0.01,6,9834,卖盘
1564,14:23:24,16.39,0.0,5,8195,卖盘
1565,14:23:28,16.39,0.0,10,16390,卖盘
1566,14:23:43,16.39,0.0,10,16390,买盘
1567,14:23:46,16.39,0.0,14,22946,买盘
1568,14:23:48,16.38,-0.01,11,18018,卖盘
1569,14:24:01,16.38,0.0,15,24570,卖盘
1570,14:24:07,16.39,0.01,14,22946,买盘
1571,14:24:10,16.39,0.0,16,26224,买盘
1572,14:24:15,16.39,0.0,10,16390,卖盘
1573,14:24:19,16.39,0.0,4,6556,卖盘
1574,14:24:25,16.39,0.0,1,1639,买盘
1575,14:24:33,16.39,0.0,6,9834,买盘
1576,14:24:36,16.38,-0.01,46,75348,卖盘
1577,14:24:52,16.38,0.0,8,13104,卖盘
1578,14:25:07,16.38,0.0,3,4914,买盘
1579,14:25:10,16.39,0.01,5,8195,买盘
1580,14:25:21,16.38,-0.01,12,19656,卖盘
1581,14:25:28,16.4,0.02,20,32800,买盘
1582,14:25:36,16.39,-0.01,7,11473,卖盘
1583,14:25:43,16.39,0.0,3,4917,卖盘
1584,14:25:46,16.4,0.01,40,65600,买盘
1585,14:25:49,16.4,0.0,1,1640,买盘
1586,14:25:52,16.4,0.0,1,1640,买盘
1587,14:25:54,16.4,0.0,8,13120,买盘
1588,14:25:57,16.38,-0.02,100,163853,卖盘
1589,14:26:06,16.38,0.0,100,163800,卖盘
1590,14:26:25,16.4,0.02,4,6557,买盘
1591,14:26:28,16.38,-0.02,11,18023,卖盘
1592,14:26:45,16.38,0.0,12,19656,卖盘
1593,14:26:54,16.4,0.02,5,8200,买盘
1594,14:27:12,16.4,0.0,4,6560,买盘
1595,14:27:15,16.4,0.0,5,8200,买盘
1596,14:27:19,16.4,0.0,54,88560,买盘
1597,14:27:21,16.4,0.0,42,68880,买盘
1598,14:27:25,16.42,0.02,8,13132,买盘
1599,14:27:28,16.42,0.0,20,32840,买盘
1600,14:27:31,16.4,-0.02,10,16400,卖盘
1601,14:27:46,16.42,0.02,30,49260,买盘
1602,14:28:10,16.42,0.0,104,170709,买盘
1603,14:28:13,16.41,-0.01,13,21333,卖盘
1604,14:28:16,16.42,0.01,92,151064,买盘
1605,14:28:22,16.42,0.0,389,639858,中性盘
1606,14:28:30,16.43,0.01,1,1643,卖盘
1607,14:28:34,16.43,0.0,3,4929,买盘
1608,14:28:36,16.43,0.0,5,8215,买盘
1609,14:28:46,16.43,0.0,4,6572,买盘
1610,14:28:49,16.43,0.0,20,32860,买盘
1611,14:28:51,16.42,-0.01,60,98560,卖盘
1612,14:28:57,16.42,0.0,50,82100,卖盘
1613,14:29:00,16.42,0.0,11,18063,卖盘
1614,14:29:09,16.43,0.01,10,16430,买盘
1615,14:29:25,16.43,0.0,70,115009,买盘
1616,14:29:34,16.43,0.0,1,1643,卖盘
1617,14:29:37,16.43,0.0,42,69036,卖盘
1618,14:29:40,16.43,0.0,3,4929,卖盘
1619,14:29:46,16.43,0.0,4,6572,卖盘
1620,14:29:49,16.43,0.0,50,82150,卖盘
1621,14:29:51,16.44,0.01,2,3288,买盘
1622,14:29:58,16.44,0.0,22,36168,买盘
1623,14:30:04,16.44,0.0,10,16440,买盘
1624,14:30:09,16.44,0.0,40,65760,买盘
1625,14:30:21,16.43,-0.01,108,177448,卖盘
1626,14:30:34,16.42,-0.01,3,4926,卖盘
1627,14:30:37,16.43,0.01,30,49290,买盘
1628,14:30:40,16.42,-0.01,50,82100,卖盘
1629,14:30:49,16.43,0.01,17,27927,买盘
1630,14:30:55,16.43,0.0,20,32860,买盘
1631,14:31:04,16.43,0.0,1,1643,买盘
1632,14:31:12,16.41,-0.02,22,36116,卖盘
1633,14:31:24,16.41,0.0,116,190356,卖盘
1634,14:31:55,16.41,0.0,6,9846,卖盘
1635,14:31:58,16.42,0.01,29,47618,买盘
1636,14:32:00,16.41,-0.01,5,8205,卖盘
1637,14:32:15,16.42,0.01,30,49260,买盘
1638,14:32:21,16.42,0.0,17,27914,买盘
1639,14:32:24,16.41,-0.01,29,47589,卖盘
1640,14:32:28,16.41,0.0,100,164100,卖盘
1641,14:32:37,16.42,0.01,51,83742,买盘
1642,14:32:40,16.42,0.0,22,36124,买盘
1643,14:32:52,16.41,-0.01,63,103432,卖盘
1644,14:33:04,16.41,0.0,364,597324,卖盘
1645,14:33:07,16.4,-0.01,3,4920,卖盘
1646,14:33:15,16.41,0.01,10,16410,买盘
1647,14:33:22,16.41,0.0,2,3282,买盘
1648,14:33:25,16.41,0.0,18,29538,买盘
1649,14:33:31,16.41,0.0,10,16410,买盘
1650,14:33:33,16.4,-0.01,20,32800,卖盘
1651,14:33:43,16.4,0.0,145,237845,卖盘
1652,14:33:46,16.41,0.01,31,50841,买盘
1653,14:33:49,16.41,0.0,10,16410,买盘
1654,14:34:07,16.41,0.0,10,16410,买盘
1655,14:34:18,16.41,0.0,10,16410,买盘
1656,14:34:21,16.4,-0.01,18,29520,卖盘
1657,14:34:28,16.4,0.0,51,83641,卖盘
1658,14:34:33,16.41,0.01,16,26256,买盘
1659,14:34:37,16.4,-0.01,5,8200,卖盘
1660,14:34:43,16.4,0.0,1,1640,卖盘
1661,14:34:46,16.4,0.0,28,45920,卖盘
1662,14:34:49,16.4,0.0,20,32800,卖盘
1663,14:34:52,16.41,0.01,2,3282,买盘
1664,14:34:55,16.4,-0.01,5,8200,卖盘
1665,14:34:58,16.4,0.0,2,3280,卖盘
1666,14:35:04,16.4,0.0,49,80360,卖盘
1667,14:35:13,16.41,0.01,50,82050,买盘
1668,14:35:18,16.4,-0.01,38,62320,卖盘
1669,14:35:25,16.4,0.0,1,1640,买盘
1670,14:35:28,16.39,-0.01,29,47531,卖盘
1671,14:35:46,16.4,0.01,10,16400,买盘
1672,14:35:52,16.38,-0.02,13,21302,卖盘
1673,14:36:07,16.38,0.0,18,29484,卖盘
1674,14:36:10,16.38,0.0,23,37674,卖盘
1675,14:36:13,16.38,0.0,4,6552,卖盘
1676,14:36:27,16.37,-0.01,9,14733,卖盘
1677,14:36:30,16.38,0.01,14,22926,买盘
1678,14:36:42,16.37,-0.01,20,32740,卖盘
1679,14:36:55,16.37,0.0,6,9822,买盘
1680,14:36:57,16.37,0.0,1,1637,卖盘
1681,14:37:07,16.37,0.0,4,6548,买盘
1682,14:37:25,16.37,0.0,4,6548,买盘
1683,14:37:27,16.36,-0.01,14,22910,卖盘
1684,14:37:31,16.36,0.0,23,37628,卖盘
1685,14:37:34,16.37,0.01,4,6545,中性盘
1686,14:37:46,16.37,0.0,1,1637,买盘
1687,14:37:52,16.37,0.0,2,3274,买盘
1688,14:37:55,16.37,0.0,11,18007,买盘
1689,14:38:01,16.37,0.0,10,16370,买盘
1690,14:38:04,16.38,0.01,17,27830,买盘
1691,14:38:07,16.36,-0.02,27,44177,卖盘
1692,14:38:10,16.36,0.0,1,1636,买盘
1693,14:38:13,16.36,0.0,5,8180,买盘
1694,14:38:16,16.37,0.01,11,18007,卖盘
1695,14:38:19,16.37,0.0,11,18007,卖盘
1696,14:38:22,16.36,-0.01,1,1636,卖盘
1697,14:38:36,16.37,0.01,10,16370,买盘
1698,14:38:46,16.37,0.0,5,8185,买盘
1699,14:38:51,16.37,0.0,12,19644,卖盘
1700,14:38:55,16.38,0.01,10,16380,买盘
1701,14:39:01,16.37,-0.01,33,54021,卖盘
1702,14:39:04,16.38,0.01,23,37666,买盘
1703,14:39:18,16.38,0.0,60,98280,买盘
1704,14:39:28,16.38,0.0,10,16380,买盘
1705,14:39:33,16.38,0.0,5,8190,卖盘
1706,14:39:46,16.38,0.0,20,32760,卖盘
1707,14:40:01,16.38,0.0,2,3276,卖盘
1708,14:40:04,16.38,0.0,4,6552,卖盘
1709,14:40:06,16.37,-0.01,1,1637,卖盘
1710,14:40:16,16.37,0.0,5,8185,卖盘
1711,14:40:22,16.37,0.0,13,21281,卖盘
1712,14:40:37,16.38,0.01,7,11466,买盘
1713,14:40:43,16.38,0.0,21,33694,卖盘
1714,14:40:51,16.38,0.0,1,1638,卖盘
1715,14:41:01,16.39,0.01,10,16390,买盘
1716,14:41:07,16.39,0.0,120,196660,买盘
1717,14:41:10,16.38,-0.01,10,16380,卖盘
1718,14:41:12,16.4,0.02,616,1010194,买盘
1719,14:41:16,16.4,0.0,10,16400,卖盘
1720,14:41:28,16.4,0.0,20,32800,卖盘
1721,14:41:30,16.42,0.02,51,83721,买盘
1722,14:41:40,16.42,0.0,5,8210,买盘
1723,14:41:46,16.41,-0.01,13,21333,卖盘
1724,14:41:58,16.4,-0.01,109,178760,卖盘
1725,14:42:07,16.39,-0.01,11,18030,卖盘
1726,14:42:13,16.39,0.0,47,77033,卖盘
1727,14:42:16,16.39,0.0,5,8195,卖盘
1728,14:42:18,16.39,0.0,19,31141,卖盘
1729,14:42:21,16.39,0.0,4,6556,卖盘
1730,14:42:37,16.39,0.0,17,27863,卖盘
1731,14:42:40,16.39,0.0,9,14751,买盘
1732,14:42:52,16.38,-0.01,6,9828,卖盘
1733,14:42:58,16.38,0.0,83,135954,卖盘
1734,14:43:01,16.39,0.01,2,3278,买盘
1735,14:43:13,16.37,-0.02,12,19644,卖盘
1736,14:43:16,16.37,0.0,8,13096,卖盘
1737,14:43:21,16.37,0.0,10,16370,买盘
1738,14:43:28,16.36,-0.01,70,114520,卖盘
1739,14:43:31,16.37,0.01,10,16363,买盘
1740,14:43:34,16.37,0.0,15,24555,买盘
1741,14:43:40,16.36,-0.01,50,81800,卖盘
1742,14:43:43,16.36,0.0,1,1636,卖盘
1743,14:43:46,16.36,0.0,37,60532,卖盘
1744,14:43:49,16.36,0.0,11,17996,卖盘
1745,14:43:55,16.37,0.01,20,32729,买盘
1746,14:43:58,16.37,0.0,52,85124,买盘
1747,14:44:01,16.38,0.01,1,1638,买盘
1748,14:44:22,16.37,-0.01,132,216084,卖盘
1749,14:44:25,16.37,0.0,236,386332,买盘
1750,14:44:28,16.37,0.0,2,3274,买盘
1751,14:44:33,16.37,0.0,9,14733,买盘
1752,14:44:43,16.36,-0.01,13,21268,卖盘
1753,14:44:46,16.36,0.0,21,34357,卖盘
1754,14:44:52,16.36,0.0,57,93252,卖盘
1755,14:44:58,16.36,0.0,11,17996,卖盘
1756,14:45:01,16.37,0.01,4,6545,买盘
1757,14:45:16,16.36,-0.01,5,8180,卖盘
1758,14:45:46,16.37,0.01,50,81850,买盘
1759,14:45:52,16.37,0.0,5,8185,买盘
1760,14:45:55,16.36,-0.01,13,21268,卖盘
1761,14:46:09,16.37,0.01,42,68754,买盘
1762,14:46:12,16.37,0.0,7,11458,买盘
1763,14:46:16,16.37,0.0,255,417423,买盘
1764,14:46:18,16.38,0.01,2,3276,买盘
1765,14:46:21,16.38,0.0,48,78624,买盘
1766,14:46:24,16.38,0.0,3,4914,买盘
1767,14:46:27,16.38,0.0,39,63882,买盘
1768,14:46:31,16.37,-0.01,331,541867,卖盘
1769,14:46:34,16.37,0.0,12,19644,买盘
1770,14:46:37,16.37,0.0,15,24555,买盘
1771,14:46:43,16.39,0.02,6,9834,买盘
1772,14:46:51,16.39,0.0,20,32780,买盘
1773,14:47:00,16.4,0.01,1,1640,卖盘
1774,14:47:13,16.4,0.0,31,50840,卖盘
1775,14:47:16,16.4,0.0,1,1640,买盘
1776,14:47:25,16.39,-0.01,26,42614,卖盘
1777,14:47:28,16.39,0.0,31,50794,买盘
1778,14:47:43,16.38,-0.01,1,1638,卖盘
1779,14:47:46,16.37,-0.01,23,37670,卖盘
1780,14:48:04,16.37,0.0,20,32745,卖盘
1781,14:48:06,16.39,0.02,1,1639,买盘
1782,14:48:09,16.39,0.0,10,16390,买盘
1783,14:48:16,16.38,-0.01,3,4914,卖盘
1784,14:48:19,16.37,-0.01,11,18007,卖盘
1785,14:48:22,16.38,0.01,2,3276,买盘
1786,14:48:25,16.38,0.0,8,13104,买盘
1787,14:48:31,16.37,-0.01,1,1637,卖盘
1788,14:48:37,16.38,0.01,3,4914,买盘
1789,14:48:40,16.38,0.0,3,4914,买盘
1790,14:48:49,16.38,0.0,20,32760,买盘
1791,14:48:52,16.38,0.0,2,3276,买盘
1792,14:48:55,16.38,0.0,19,31122,买盘
1793,14:49:01,16.38,0.0,5,8190,买盘
1794,14:49:04,16.38,0.0,5,8190,买盘
1795,14:49:06,16.37,-0.01,178,291391,卖盘
1796,14:49:09,16.37,0.0,15,24555,买盘
1797,14:49:13,16.37,0.0,18,29466,买盘
1798,14:49:16,16.37,0.0,31,50747,买盘
1799,14:49:19,16.37,0.0,10,16370,买盘
1800,14:49:22,16.37,0.0,8,13096,买盘
1801,14:49:28,16.37,0.0,6,9822,买盘
1802,14:49:40,16.37,0.0,12,19644,买盘
1803,14:49:43,16.37,0.0,20,32740,买盘
1804,14:49:45,16.37,0.0,12,19644,买盘
1805,14:49:48,16.36,-0.01,27,44186,卖盘
1806,14:50:00,16.36,0.0,24,39264,卖盘
1807,14:50:04,16.37,0.01,28,45836,买盘
1808,14:50:06,16.37,0.0,12,19644,卖盘
1809,14:50:13,16.36,-0.01,14,22915,卖盘
1810,14:50:16,16.37,0.01,2,3274,买盘
1811,14:50:19,16.37,0.0,15,24555,买盘
1812,14:50:28,16.37,0.0,49,80213,卖盘
1813,14:50:34,16.37,0.0,2,3274,买盘
1814,14:50:37,16.36,-0.01,150,245500,卖盘
1815,14:50:39,16.36,0.0,23,37631,卖盘
1816,14:50:45,16.37,0.01,20,32740,买盘
1817,14:50:48,16.36,-0.01,13,21268,卖盘
1818,14:50:52,16.37,0.01,220,360037,买盘
1819,14:50:55,16.36,-0.01,3,4908,卖盘
1820,14:50:58,16.37,0.01,2,3274,买盘
1821,14:51:04,16.37,0.0,18,29466,买盘
1822,14:51:13,16.4,0.03,54,88533,买盘
1823,14:51:28,16.4,0.0,32,52480,买盘
1824,14:51:31,16.4,0.0,51,83471,买盘
1825,14:51:34,16.4,0.0,13,21320,买盘
1826,14:51:36,16.4,0.0,7,11480,卖盘
1827,14:51:52,16.41,0.01,6,9846,买盘
1828,14:51:55,16.41,0.0,3,4923,买盘
1829,14:52:04,16.41,0.0,36,59076,买盘
1830,14:52:13,16.42,0.01,175,287350,买盘
1831,14:52:15,16.41,-0.01,150,246189,卖盘
1832,14:52:24,16.41,0.0,73,119794,卖盘
1833,14:52:43,16.42,0.01,2,3284,买盘
1834,14:52:49,16.41,-0.01,39,63999,卖盘
1835,14:52:52,16.41,0.0,14,22974,买盘
1836,14:52:55,16.41,0.0,81,132921,买盘
1837,14:53:00,16.4,-0.01,59,96760,卖盘
1838,14:53:06,16.4,0.0,1,1640,买盘
1839,14:53:13,16.4,0.0,48,78720,买盘
1840,14:53:25,16.37,-0.03,73,119513,卖盘
1841,14:53:31,16.4,0.03,10,16400,买盘
1842,14:53:34,16.4,0.0,6,9831,买盘
1843,14:53:37,16.4,0.0,8,13120,买盘
1844,14:53:40,16.4,0.0,5,8191,买盘
1845,14:53:46,16.4,0.0,31,50836,买盘
1846,14:53:51,16.37,-0.03,10,16370,卖盘
1847,14:54:06,16.4,0.03,60,98399,买盘
1848,14:54:10,16.4,0.0,1,1640,买盘
1849,14:54:13,16.38,-0.02,10,16380,卖盘
1850,14:54:16,16.4,0.02,60,98400,买盘
1851,14:54:28,16.39,-0.01,66,108174,卖盘
1852,14:54:31,16.39,0.0,2,3278,卖盘
1853,14:54:37,16.4,0.01,2,3280,买盘
1854,14:54:43,16.39,-0.01,8,13112,卖盘
1855,14:54:51,16.39,0.0,13,21307,卖盘
1856,14:55:01,16.4,0.01,60,98400,买盘
1857,14:55:04,16.39,-0.01,4,6556,卖盘
1858,14:55:18,16.39,0.0,2,3278,买盘
1859,14:55:34,16.4,0.01,6,9840,买盘
1860,14:55:36,16.4,0.0,38,62312,买盘
1861,14:55:39,16.39,-0.01,54,88506,卖盘
1862,14:55:42,16.39,0.0,13,21307,卖盘
1863,14:55:55,16.4,0.01,1,1640,买盘
1864,14:56:04,16.4,0.0,27,44280,买盘
1865,14:56:07,16.39,-0.01,10,16390,卖盘
1866,14:56:09,16.39,0.0,3,4917,卖盘
1867,14:56:13,16.4,0.01,30,49200,买盘
1868,14:56:19,16.4,0.0,34,55760,买盘
1869,14:56:22,16.4,0.0,5,8200,买盘
1870,14:56:28,16.38,-0.02,1,1638,卖盘
1871,14:56:31,16.4,0.02,21,34430,买盘
1872,14:56:37,16.4,0.0,61,100040,买盘
1873,14:56:40,16.4,0.0,8,13120,卖盘
1874,14:56:49,16.41,0.01,2,3282,买盘
1875,14:56:52,16.41,0.0,101,165741,买盘
1876,14:56:55,16.41,0.0,33,54153,买盘
1877,15:00:04,16.41,0.0,906,1486746,卖盘
