,time,price,change,volume,amount,type
0,09:30:07,5.14,0.03,59,30326,买盘
1,09:31:22,5.13,-0.01,3,1539,买盘
2,09:32:01,5.12,-0.01,2,1024,买盘
3,09:33:25,5.12,0.0,1,512,卖盘
4,09:33:30,5.12,0.0,1,512,卖盘
5,09:33:34,5.12,0.0,15,7693,卖盘
6,09:33:37,5.12,0.0,2,1024,卖盘
7,09:33:40,5.12,0.0,2,1024,卖盘
8,09:33:43,5.12,0.0,2,1024,卖盘
9,09:33:46,5.12,0.0,3,1536,卖盘
10,09:33:49,5.12,0.0,1,512,卖盘
11,09:33:52,5.12,0.0,3,1536,卖盘
12,09:33:54,5.12,0.0,12,6154,卖盘
13,09:33:58,5.12,0.0,3,1536,卖盘
14,09:34:01,5.12,0.0,11,5632,卖盘
15,09:34:04,5.12,0.0,4,2048,卖盘
16,09:34:07,5.12,0.0,3,1536,卖盘
17,09:34:10,5.12,0.0,2,1024,卖盘
18,09:34:15,5.12,0.0,7,3584,卖盘
19,09:34:19,5.12,0.0,58,29696,卖盘
20,09:34:25,5.12,0.0,33,16896,买盘
21,09:34:31,5.12,0.0,17,8705,卖盘
22,09:34:34,5.12,0.0,2,1024,卖盘
23,09:34:36,5.12,0.0,1,512,卖盘
24,09:34:40,5.12,0.0,26,13337,卖盘
25,09:34:43,5.12,0.0,1,512,中性盘
26,09:34:49,5.12,0.0,1,512,卖盘
27,09:35:18,5.12,0.0,1,512,卖盘
28,09:35:27,5.12,0.0,15,7680,卖盘
29,09:35:34,5.12,0.0,1,512,卖盘
30,09:35:40,5.12,0.0,10,5120,卖盘
31,09:35:55,5.11,-0.01,6,3071,卖盘
32,09:36:04,5.12,0.01,3,1536,卖盘
33,09:36:06,5.11,-0.01,210,107322,卖盘
34,09:36:10,5.11,0.0,15,7665,卖盘
35,09:36:13,5.11,0.0,1,511,卖盘
36,09:36:16,5.11,0.0,1,511,卖盘
37,09:36:19,5.1,-0.01,13,6641,卖盘
38,09:36:28,5.1,0.0,35,17850,卖盘
39,09:36:34,5.1,0.0,55,28050,卖盘
40,09:36:40,5.1,0.0,1,510,卖盘
41,09:36:46,5.1,0.0,4,2043,卖盘
42,09:36:49,5.1,0.0,1,510,卖盘
43,09:36:52,5.1,0.0,1,510,卖盘
44,09:36:54,5.1,0.0,1,510,卖盘
45,09:36:58,5.1,0.0,1,510,卖盘
46,09:37:01,5.1,0.0,1,510,卖盘
47,09:37:04,5.1,0.0,1,510,卖盘
48,09:37:09,5.1,0.0,1,510,卖盘
49,09:37:55,5.12,0.02,18,9216,买盘
50,09:38:01,5.11,-0.01,1,511,卖盘
51,09:38:04,5.11,0.0,1,511,卖盘
52,09:38:06,5.11,0.0,1,511,卖盘
53,09:38:13,5.12,0.01,9,4608,买盘
54,09:38:43,5.11,-0.01,1,511,中性盘
55,09:38:52,5.11,0.0,13,6643,买盘
56,09:39:55,5.12,0.01,25,12800,买盘
57,09:40:07,5.12,0.0,5,2560,买盘
58,09:40:40,5.11,0.0,1,511,卖盘
59,09:40:43,5.11,0.0,1,511,卖盘
60,09:40:46,5.12,0.01,12,6141,买盘
61,09:40:49,5.11,-0.01,23,11753,卖盘
62,09:40:52,5.11,0.0,8,4088,卖盘
63,09:40:55,5.11,0.0,18,9198,卖盘
64,09:40:58,5.11,0.0,1,123,买盘
65,09:41:13,5.11,0.0,7,3577,中性盘
66,09:41:52,5.11,0.0,1,511,卖盘
67,09:42:01,5.11,0.0,1,511,卖盘
68,09:42:04,5.11,0.0,19,9727,卖盘
69,09:42:07,5.11,0.0,6,3067,卖盘
70,09:42:31,5.12,0.01,33,16896,买盘
71,09:42:43,5.12,0.0,60,30720,买盘
72,09:42:46,5.12,0.0,26,13312,买盘
73,09:42:52,5.12,0.0,74,37888,买盘
74,09:43:10,5.12,0.0,1,512,卖盘
75,09:43:13,5.13,0.01,50,25649,买盘
76,09:43:16,5.13,0.0,24,12312,买盘
77,09:43:31,5.12,-0.01,37,18944,卖盘
78,09:43:52,5.12,0.0,14,7168,卖盘
79,09:43:55,5.12,0.0,2,1024,买盘
80,09:43:58,5.12,0.0,1,512,买盘
81,09:44:04,5.12,0.0,20,10240,买盘
82,09:44:28,5.12,0.0,2,1024,买盘
83,09:44:34,5.12,0.0,1,512,买盘
84,09:44:37,5.12,0.0,25,12800,买盘
85,09:44:46,5.13,0.01,28,14364,买盘
86,09:44:48,5.12,-0.01,40,20480,卖盘
87,09:45:22,5.12,0.0,24,12288,买盘
88,09:45:25,5.12,0.0,50,25600,买盘
89,09:45:31,5.12,0.0,46,23552,买盘
90,09:45:40,5.12,0.0,73,37376,买盘
91,09:45:43,5.11,-0.01,51,26061,卖盘
92,09:45:46,5.11,0.0,73,37303,卖盘
93,09:45:49,5.11,0.0,2,1022,买盘
94,09:45:55,5.11,0.0,18,9198,买盘
95,09:46:04,5.11,0.0,11,5621,买盘
96,09:46:27,5.12,0.01,112,57328,买盘
97,09:46:34,5.12,0.0,1,512,卖盘
98,09:46:37,5.12,0.0,3,1536,卖盘
99,09:46:40,5.12,0.0,3,1536,卖盘
100,09:46:42,5.12,0.0,5,2560,卖盘
101,09:46:45,5.12,0.0,3,1536,卖盘
102,09:46:48,5.12,0.0,3,1536,卖盘
103,09:46:52,5.12,0.0,150,76800,卖盘
104,09:47:04,5.12,0.0,10,5120,买盘
105,09:48:13,5.11,-0.01,3,1533,卖盘
106,09:48:21,5.11,0.0,18,9198,买盘
107,09:48:37,5.12,0.01,7,3584,买盘
108,09:49:25,5.11,-0.01,1,511,卖盘
109,09:49:58,5.12,0.01,9,4608,买盘
110,09:50:28,5.12,0.0,157,80384,买盘
111,09:51:04,5.11,-0.01,20,10220,卖盘
112,09:51:10,5.11,0.0,118,60298,卖盘
113,09:51:16,5.11,0.0,5,2555,买盘
114,09:51:31,5.11,0.0,2,1022,买盘
115,09:51:37,5.11,0.0,1,511,买盘
116,09:51:55,5.11,0.0,1,511,买盘
117,09:51:57,5.11,0.0,1,511,买盘
118,09:52:04,5.11,0.0,1,511,买盘
119,09:52:49,5.11,0.0,2,1022,卖盘
120,09:53:16,5.12,0.01,31,15872,买盘
121,09:54:04,5.12,0.0,9,4608,买盘
122,09:54:10,5.11,-0.01,100,51100,卖盘
123,09:54:16,5.11,0.0,1,511,卖盘
124,09:54:22,5.11,0.0,1,511,卖盘
125,09:54:28,5.11,0.0,1,511,买盘
126,09:54:34,5.11,0.0,1,511,买盘
127,09:54:39,5.11,0.0,1,511,卖盘
128,09:54:46,5.11,0.0,1,511,卖盘
129,09:54:57,5.1,-0.01,450,229468,卖盘
130,09:55:55,5.1,0.0,34,17340,买盘
131,09:56:31,5.1,0.0,9,4590,买盘
132,09:56:34,5.1,0.0,8,4116,买盘
133,09:56:37,5.12,0.02,8,4096,买盘
134,09:56:48,5.09,-0.03,10,5100,卖盘
135,09:56:52,5.12,0.03,39,19928,买盘
136,09:57:55,5.11,-0.01,3,1533,买盘
137,09:58:28,5.11,0.0,46,23506,买盘
138,09:58:36,5.11,0.0,52,26572,买盘
139,09:59:09,5.12,0.01,251,128512,买盘
140,09:59:52,5.12,0.0,2,1024,买盘
141,10:00:10,5.12,0.0,4,2048,买盘
142,10:00:16,5.12,0.0,24,12288,买盘
143,10:01:10,5.13,0.01,7,3591,买盘
144,10:02:00,5.12,-0.01,57,29186,卖盘
145,10:02:06,5.13,0.01,9,4617,买盘
146,10:03:10,5.13,0.0,4,2052,买盘
147,10:03:24,5.12,-0.01,30,15360,卖盘
148,10:03:45,5.12,0.0,51,26112,卖盘
149,10:03:58,5.12,0.0,14,7168,买盘
150,10:05:01,5.13,0.01,1,513,买盘
151,10:05:07,5.13,0.0,122,62586,买盘
152,10:05:10,5.13,0.0,4,2052,买盘
153,10:06:04,5.13,0.0,4,2052,买盘
154,10:06:06,5.13,0.0,46,23598,买盘
155,10:06:09,5.13,0.0,4,2052,买盘
156,10:06:19,5.13,0.0,73,37449,买盘
157,10:06:28,5.13,0.0,73,37449,买盘
158,10:06:46,5.13,0.0,50,25650,买盘
159,10:06:49,5.13,0.0,3,1539,买盘
160,10:07:10,5.13,0.0,38,19494,买盘
161,10:07:21,5.13,0.0,34,17442,买盘
162,10:07:27,5.13,0.0,63,32319,买盘
163,10:07:36,5.13,0.0,27,13851,买盘
164,10:07:43,5.13,0.0,9,4617,买盘
165,10:07:46,5.13,0.0,39,20007,买盘
166,10:07:52,5.14,0.01,24,12336,买盘
167,10:08:04,5.14,0.0,26,13364,买盘
168,10:08:07,5.14,0.0,4,2056,买盘
169,10:08:28,5.14,0.0,2,1028,买盘
170,10:08:58,5.13,-0.01,12,6156,卖盘
171,10:09:07,5.13,0.0,4,2052,买盘
172,10:10:07,5.13,0.0,4,2052,买盘
173,10:10:33,5.13,0.0,26,13338,买盘
174,10:10:46,5.12,-0.01,20,10240,卖盘
175,10:13:43,5.12,0.0,139,71168,卖盘
176,10:13:49,5.12,0.0,3,1536,买盘
177,10:14:07,5.12,0.0,4,2048,买盘
178,10:14:25,5.12,0.0,10,5120,买盘
179,10:14:42,5.12,0.0,12,6144,买盘
180,10:15:13,5.12,0.0,6,3072,卖盘
181,10:15:18,5.13,0.01,50,25650,买盘
182,10:15:21,5.13,0.0,25,12825,买盘
183,10:15:25,5.13,0.0,1,513,买盘
184,10:15:30,5.13,0.0,47,24111,买盘
185,10:15:36,5.13,0.0,73,37449,买盘
186,10:15:49,5.13,0.0,73,37449,买盘
187,10:16:07,5.13,0.0,4,2052,买盘
188,10:16:13,5.13,0.0,6,3078,买盘
189,10:17:06,5.13,0.0,4,2052,买盘
190,10:18:01,5.13,0.0,2,1026,买盘
191,10:18:07,5.13,0.0,4,2052,买盘
192,10:19:07,5.13,0.0,5,2565,买盘
193,10:19:19,5.13,0.0,198,101574,买盘
194,10:20:10,5.14,0.01,2,1028,买盘
195,10:20:13,5.14,0.0,2,1028,买盘
196,10:20:25,5.13,-0.01,13,6669,卖盘
197,10:20:34,5.13,0.0,47,24111,卖盘
198,10:20:40,5.13,0.0,9,4617,卖盘
199,10:20:52,5.13,0.0,133,68229,卖盘
200,10:21:06,5.13,0.0,17,8721,买盘
201,10:22:04,5.14,0.01,7,3598,买盘
202,10:22:10,5.14,0.0,2,1028,买盘
203,10:22:27,5.13,-0.01,23,11799,卖盘
204,10:22:34,5.13,0.0,1,513,买盘
205,10:22:40,5.13,0.0,7,3591,买盘
206,10:23:06,5.13,0.0,4,2052,买盘
207,10:23:27,5.13,0.0,2,1026,买盘
208,10:24:07,5.13,0.0,4,2052,买盘
209,10:24:13,5.13,0.0,2,1026,买盘
210,10:24:21,5.12,-0.01,400,204800,卖盘
211,10:24:49,5.12,0.0,100,51200,卖盘
212,10:24:52,5.12,0.0,14,7168,卖盘
213,10:25:36,5.13,0.01,25,12825,买盘
214,10:25:39,5.13,0.0,36,18468,买盘
215,10:25:42,5.11,-0.02,83,42486,卖盘
216,10:25:58,5.14,0.03,1,514,买盘
217,10:26:07,5.14,0.0,4,2056,买盘
218,10:26:37,5.13,-0.01,2,1026,卖盘
219,10:26:46,5.13,0.0,29,14877,买盘
220,10:26:49,5.13,0.0,63,32319,买盘
221,10:27:06,5.13,0.0,4,2052,买盘
222,10:27:33,5.13,0.0,1,513,买盘
223,10:27:42,5.13,0.0,201,103113,买盘
224,10:27:58,5.14,0.01,9,4626,买盘
225,10:28:07,5.14,0.0,4,2056,买盘
226,10:28:37,5.14,0.0,100,51400,买盘
227,10:29:07,5.14,0.0,4,2056,买盘
228,10:29:49,5.13,-0.01,65,33345,卖盘
229,10:30:07,5.13,0.0,4,2052,买盘
230,10:30:19,5.13,0.0,25,12825,买盘
231,10:30:25,5.13,0.0,1,513,买盘
232,10:31:07,5.13,0.0,4,2052,买盘
233,10:31:28,5.13,0.0,50,25650,买盘
234,10:32:07,5.13,0.0,4,2052,买盘
235,10:32:16,5.14,0.01,1,514,买盘
236,10:33:07,5.14,0.0,4,2056,买盘
237,10:33:34,5.14,0.0,14,7196,买盘
238,10:33:49,5.14,0.0,12,6168,买盘
239,10:34:07,5.14,0.0,4,2056,买盘
240,10:34:10,5.14,0.0,523,268822,买盘
241,10:34:15,5.14,0.0,149,76586,买盘
242,10:34:19,5.14,0.0,2,1028,买盘
243,10:34:22,5.14,0.0,19,9766,买盘
244,10:34:24,5.14,0.0,229,117706,买盘
245,10:36:22,5.14,0.0,11,5654,卖盘
246,10:36:34,5.14,0.0,1,514,买盘
247,10:36:46,5.14,0.0,1,514,买盘
248,10:37:01,5.13,-0.01,3,1539,卖盘
249,10:37:31,5.14,0.01,37,19018,买盘
250,10:37:58,5.14,0.0,20,10280,卖盘
251,10:38:28,5.14,0.0,10,5140,卖盘
252,10:38:31,5.13,-0.01,50,25662,卖盘
253,10:39:22,5.14,0.01,1,514,卖盘
254,10:39:58,5.14,0.0,24,12336,买盘
255,10:40:07,5.14,0.0,1,514,买盘
256,10:41:16,5.15,0.01,1,515,买盘
257,10:41:18,5.15,0.0,2,1030,买盘
258,10:42:07,5.15,0.0,4,2060,买盘
259,10:42:28,5.15,0.0,100,51500,买盘
260,10:42:33,5.13,-0.02,240,123133,卖盘
261,10:44:19,5.15,0.02,1,515,买盘
262,10:44:55,5.14,-0.01,3,1542,卖盘
263,10:45:04,5.15,0.01,5,2575,买盘
264,10:45:18,5.15,0.0,3,1545,买盘
265,10:45:34,5.15,0.0,50,25750,买盘
266,10:45:40,5.15,0.0,10,5150,买盘
267,10:45:49,5.15,0.0,7,3605,买盘
268,10:45:58,5.15,0.0,2,1030,买盘
269,10:46:01,5.15,0.0,45,23175,买盘
270,10:46:07,5.15,0.0,4,2060,买盘
271,10:47:07,5.15,0.0,4,2060,买盘
272,10:47:19,5.14,-0.01,5,2570,卖盘
273,10:47:22,5.15,0.01,2,1030,买盘
274,10:48:07,5.15,0.0,4,2060,买盘
275,10:48:10,5.15,0.0,200,103000,买盘
276,10:48:52,5.15,0.0,10,5150,买盘
277,10:49:07,5.15,0.0,4,2060,买盘
278,10:49:22,5.15,0.0,2,1030,买盘
279,10:49:52,5.15,0.0,20,10300,买盘
280,10:50:00,5.14,-0.01,14,7196,卖盘
281,10:50:07,5.14,0.0,4,2056,买盘
282,10:50:16,5.14,0.0,12,6168,买盘
283,10:50:25,5.14,0.0,97,49858,卖盘
284,10:50:34,5.14,0.0,100,51400,卖盘
285,10:50:48,5.15,0.01,26,13390,买盘
286,10:50:55,5.13,-0.02,120,61588,卖盘
287,10:51:49,5.14,0.01,58,29812,买盘
288,10:52:07,5.14,0.0,4,2056,买盘
289,10:53:06,5.14,0.0,4,2056,买盘
290,10:54:07,5.14,0.0,2,1028,买盘
291,10:55:31,5.15,0.01,2,1030,买盘
292,10:56:07,5.15,0.0,4,2060,买盘
293,10:57:06,5.15,0.0,4,2060,买盘
294,10:57:34,5.15,0.0,2,1030,买盘
295,10:58:07,5.15,0.0,4,2060,买盘
296,10:58:16,5.14,-0.01,8,4112,卖盘
297,10:58:22,5.14,0.0,2,1028,买盘
298,10:58:43,5.15,0.01,1,515,买盘
299,10:59:07,5.15,0.0,5,2575,买盘
300,10:59:28,5.15,0.0,2,1030,买盘
301,11:00:00,5.15,0.0,24,12340,买盘
302,11:00:04,5.15,0.0,2,1030,买盘
303,11:00:37,5.15,0.0,2,1030,买盘
304,11:00:49,5.15,0.0,14,7210,买盘
305,11:01:37,5.15,0.0,23,11845,买盘
306,11:02:10,5.15,0.0,485,249775,买盘
307,11:02:16,5.15,0.0,7,3605,买盘
308,11:02:25,5.15,0.0,2,1030,买盘
309,11:03:25,5.15,0.0,2,1030,卖盘
310,11:03:31,5.15,0.0,2,1030,买盘
311,11:03:49,5.16,0.01,27,13926,买盘
312,11:03:52,5.16,0.0,6,3096,买盘
313,11:05:10,5.16,0.0,2,1032,买盘
314,11:05:16,5.15,-0.01,8,4120,卖盘
315,11:05:33,5.16,0.01,2,1032,买盘
316,11:06:09,5.16,0.0,3,1548,买盘
317,11:06:55,5.16,0.0,34,17544,买盘
318,11:07:10,5.16,0.0,27,13932,买盘
319,11:07:33,5.16,0.0,28,14448,买盘
320,11:07:43,5.16,0.0,33,17028,买盘
321,11:07:52,5.16,0.0,20,10320,买盘
322,11:08:04,5.17,0.01,193,99624,买盘
323,11:08:10,5.17,0.0,7,3619,买盘
324,11:08:31,5.17,0.0,58,29986,买盘
325,11:08:49,5.17,0.0,10,5170,买盘
326,11:09:01,5.17,0.0,30,15510,买盘
327,11:09:34,5.17,0.0,2,1034,买盘
328,11:09:43,5.17,0.0,22,11374,买盘
329,11:10:01,5.17,0.0,100,51700,买盘
330,11:10:13,5.17,0.0,10,5170,买盘
331,11:10:43,5.17,0.0,70,36190,买盘
332,11:10:46,5.18,0.01,118,61124,买盘
333,11:11:33,5.18,0.0,2,1036,买盘
334,11:11:40,5.17,-0.01,60,31020,卖盘
335,11:11:43,5.18,0.01,36,18648,买盘
336,11:12:09,5.17,-0.01,32,16544,卖盘
337,11:12:28,5.16,-0.01,60,30960,卖盘
338,11:12:40,5.16,0.0,20,10320,卖盘
339,11:12:52,5.17,0.01,50,25850,买盘
340,11:12:54,5.16,-0.01,60,30960,卖盘
341,11:13:07,5.16,0.0,30,15480,卖盘
342,11:13:19,5.16,0.0,30,15480,卖盘
343,11:13:30,5.16,0.0,30,15480,卖盘
344,11:13:43,5.16,0.0,7,3612,卖盘
345,11:13:55,5.16,0.0,30,15480,卖盘
346,11:15:06,5.16,0.0,13,6708,卖盘
347,11:15:19,5.16,0.0,5,2580,买盘
348,11:15:25,5.16,0.0,8,4128,买盘
349,11:15:57,5.15,-0.01,25,12875,卖盘
350,11:17:18,5.16,0.01,9,4644,买盘
351,11:17:46,5.17,0.01,234,120975,买盘
352,11:17:52,5.18,0.01,7,3626,买盘
353,11:18:10,5.18,0.0,229,118622,买盘
354,11:18:28,5.18,0.0,2,1036,卖盘
355,11:18:31,5.19,0.01,2,1038,买盘
356,11:18:33,5.18,-0.01,3,1554,卖盘
357,11:18:40,5.18,0.0,12,6216,卖盘
358,11:18:43,5.19,0.01,40,20748,买盘
359,11:18:46,5.19,0.0,13,6735,买盘
360,11:18:49,5.18,-0.01,82,42476,卖盘
361,11:19:18,5.18,0.0,10,5180,买盘
362,11:19:43,5.18,0.0,2,1036,买盘
363,11:21:34,5.17,-0.01,10,5170,卖盘
364,11:22:13,5.17,0.0,1,517,卖盘
365,11:22:31,5.18,0.01,71,36778,买盘
366,11:23:07,5.17,-0.01,16,8272,卖盘
367,11:24:16,5.17,0.0,50,25850,买盘
368,11:25:31,5.18,0.01,35,18107,买盘
369,11:25:49,5.18,0.0,2,1036,买盘
370,11:25:52,5.18,0.0,1,518,买盘
371,11:27:46,5.18,0.0,2,1036,买盘
372,11:27:52,5.18,0.0,52,26936,买盘
373,11:27:55,5.18,0.0,51,26418,买盘
374,11:29:19,5.17,-0.01,2,1034,卖盘
375,11:29:43,5.17,0.0,58,29986,买盘
376,11:29:46,5.18,0.01,10,5180,买盘
377,11:29:49,5.18,0.0,7,3626,买盘
378,13:00:07,5.17,-0.01,132,68269,卖盘
379,13:00:58,5.17,0.0,76,39292,卖盘
380,13:01:25,5.17,0.0,30,15510,卖盘
381,13:01:43,5.18,0.01,2,1036,买盘
382,13:01:46,5.18,0.0,2,1036,买盘
383,13:02:49,5.18,0.0,2,1036,买盘
384,13:03:46,5.18,0.0,2,1036,买盘
385,13:04:19,5.18,0.0,2,1036,买盘
386,13:05:39,5.18,0.0,2,1036,买盘
387,13:05:46,5.18,0.0,2,1036,买盘
388,13:07:31,5.17,-0.01,154,79618,卖盘
389,13:07:34,5.17,0.0,1,517,买盘
390,13:11:28,5.17,0.0,3,1551,买盘
391,13:11:51,5.17,0.0,27,13959,买盘
392,13:13:28,5.16,-0.01,20,10320,卖盘
393,13:13:54,5.17,0.01,7,3614,买盘
394,13:14:01,5.17,0.0,1,517,买盘
395,13:15:42,5.16,-0.01,2,1032,卖盘
396,13:15:58,5.17,0.01,653,337601,买盘
397,13:16:04,5.17,0.0,7,3619,买盘
398,13:16:25,5.18,0.01,2,1036,买盘
399,13:16:40,5.18,0.0,1,518,买盘
400,13:17:10,5.18,0.0,4,2072,买盘
401,13:17:57,5.18,0.0,2,1036,买盘
402,13:18:07,5.17,-0.01,37,19129,卖盘
403,13:18:13,5.17,0.0,3,1551,买盘
404,13:18:37,5.18,0.01,2,1036,买盘
405,13:18:49,5.18,0.0,53,27454,买盘
406,13:19:55,5.18,0.0,2,1036,买盘
407,13:20:40,5.18,0.0,10,5180,买盘
408,13:21:31,5.18,0.0,7,3626,买盘
409,13:21:57,5.18,0.0,2,1036,买盘
410,13:22:04,5.18,0.0,2,1036,买盘
411,13:22:37,5.18,0.0,6,3108,买盘
412,13:22:54,5.18,0.0,10,5180,买盘
413,13:23:49,5.18,0.0,3,1554,买盘
414,13:23:57,5.18,0.0,3,1554,买盘
415,13:25:25,5.17,-0.01,33,17061,卖盘
416,13:25:46,5.17,0.0,14,7238,买盘
417,13:26:01,5.16,-0.01,20,10320,卖盘
418,13:27:19,5.15,-0.01,200,103053,卖盘
419,13:27:40,5.17,0.02,25,12925,买盘
420,13:32:10,5.17,0.0,2,1034,买盘
421,13:32:40,5.16,-0.01,5,2580,卖盘
422,13:33:04,5.16,0.0,1,516,卖盘
423,13:33:27,5.16,0.0,7,3612,卖盘
424,13:33:37,5.15,-0.01,7,3605,卖盘
425,13:33:58,5.14,-0.01,312,160442,卖盘
426,13:34:04,5.14,0.0,19,9766,买盘
427,13:34:06,5.14,0.0,5,2570,买盘
428,13:34:37,5.14,0.0,24,12336,卖盘
429,13:35:10,5.14,0.0,180,92520,卖盘
430,13:35:15,5.14,0.0,23,11822,卖盘
431,13:35:22,5.14,0.0,67,34438,买盘
432,13:36:16,5.15,0.01,3,1545,卖盘
433,13:38:01,5.14,-0.01,39,20046,卖盘
434,13:38:12,5.14,0.0,22,11308,卖盘
435,13:42:49,5.15,0.01,4,2060,买盘
436,13:43:10,5.14,-0.01,39,20046,卖盘
437,13:43:13,5.14,0.0,27,13878,卖盘
438,13:43:16,5.14,0.0,37,19018,卖盘
439,13:43:46,5.14,0.0,29,14906,卖盘
440,13:45:33,5.14,0.0,7,3598,买盘
441,13:45:55,5.14,0.0,1,514,买盘
442,13:46:52,5.14,0.0,1,514,买盘
443,13:48:18,5.14,0.0,2,1028,买盘
444,13:48:24,5.14,0.0,60,30840,买盘
445,13:48:39,5.14,0.0,83,42662,买盘
446,13:49:31,5.14,0.0,120,61680,卖盘
447,13:49:37,5.14,0.0,45,23130,卖盘
448,13:50:13,5.14,0.0,2,1028,买盘
449,13:51:13,5.14,0.0,100,51400,买盘
450,13:51:48,5.15,0.01,4,2060,买盘
451,13:52:21,5.15,0.0,2,1030,买盘
452,13:52:49,5.15,0.0,6,3090,买盘
453,13:52:57,5.15,0.0,2,1030,买盘
454,13:53:07,5.15,0.0,2,1030,买盘
455,13:53:13,5.15,0.0,1,515,买盘
456,13:53:16,5.14,-0.01,100,51400,卖盘
457,13:53:39,5.15,0.01,50,25750,买盘
458,13:54:13,5.14,-0.01,324,166536,卖盘
459,13:54:16,5.14,0.0,2,1028,买盘
460,13:54:42,5.14,0.0,69,35466,买盘
461,13:54:46,5.14,0.0,9,4626,卖盘
462,13:56:01,5.13,-0.01,24,12328,卖盘
463,13:56:10,5.15,0.02,50,25750,买盘
464,13:56:22,5.15,0.0,2,1030,买盘
465,13:57:10,5.15,0.0,153,78795,买盘
466,13:57:12,5.15,0.0,295,151925,卖盘
467,13:58:16,5.15,0.0,2,1030,买盘
468,13:58:25,5.15,0.0,2,1030,买盘
469,13:58:52,5.15,0.0,100,51500,买盘
470,14:00:16,5.15,0.0,2,1030,买盘
471,14:00:22,5.15,0.0,2,1030,买盘
472,14:00:34,5.15,0.0,1,515,买盘
473,14:02:09,5.15,0.0,5,2575,买盘
474,14:02:22,5.15,0.0,2,1030,买盘
475,14:04:27,5.15,0.0,2,1030,买盘
476,14:05:04,5.15,0.0,2,1030,买盘
477,14:05:52,5.15,0.0,2,1030,买盘
478,14:06:10,5.15,0.0,3,1545,买盘
479,14:06:16,5.15,0.0,10,5150,买盘
480,14:06:24,5.15,0.0,2,1030,买盘
481,14:06:52,5.15,0.0,3,1545,买盘
482,14:07:46,5.15,0.0,20,10300,买盘
483,14:07:55,5.15,0.0,1,515,买盘
484,14:08:25,5.15,0.0,2,1030,买盘
485,14:09:07,5.15,0.0,11,5665,买盘
486,14:09:09,5.15,0.0,4,2060,买盘
487,14:09:19,5.15,0.0,2,1030,买盘
488,14:09:22,5.14,-0.01,7,3598,卖盘
489,14:09:46,5.14,0.0,18,9252,卖盘
490,14:10:25,5.15,0.01,3,1544,买盘
491,14:10:46,5.15,0.0,1,515,买盘
492,14:12:28,5.15,0.0,2,1030,买盘
493,14:13:16,5.15,0.0,21,10795,买盘
494,14:13:52,5.15,0.0,32,16450,买盘
495,14:13:55,5.14,-0.01,41,21074,卖盘
496,14:14:16,5.14,0.0,39,20046,卖盘
497,14:14:19,5.14,0.0,6,3084,卖盘
498,14:14:27,5.14,0.0,29,14906,买盘
499,14:14:40,5.15,0.01,35,18025,买盘
500,14:15:12,5.15,0.0,1,515,买盘
501,14:18:00,5.14,-0.01,10,5140,卖盘
502,14:18:33,5.15,0.01,2,1030,买盘
503,14:18:55,5.14,-0.01,7,3598,卖盘
504,14:19:10,5.15,0.01,25,12852,买盘
505,14:19:42,5.13,-0.02,1,513,卖盘
506,14:20:58,5.14,0.01,54,27756,买盘
507,14:21:25,5.13,-0.01,500,256500,卖盘
508,14:21:37,5.13,0.0,39,20007,卖盘
509,14:21:43,5.12,-0.01,500,256060,卖盘
510,14:22:01,5.13,0.01,5,2565,卖盘
511,14:22:16,5.11,-0.02,200,102251,卖盘
512,14:22:31,5.11,0.0,190,97090,卖盘
513,14:23:13,5.11,0.0,110,56219,卖盘
514,14:23:49,5.11,0.0,108,55193,卖盘
515,14:24:07,5.1,-0.01,600,306214,卖盘
516,14:24:40,5.1,0.0,15,7657,卖盘
517,14:26:19,5.12,0.02,44,22528,买盘
518,14:26:52,5.12,0.0,20,10240,买盘
519,14:26:55,5.1,-0.02,1000,510214,卖盘
520,14:26:58,5.12,0.02,5008,2451451,买盘
521,14:27:01,5.1,-0.02,11,5620,卖盘
522,14:27:34,5.09,-0.01,120,61180,中性盘
523,14:27:40,5.05,-0.04,3,1515,卖盘
524,14:27:42,5.05,0.0,12,6060,卖盘
525,14:27:46,5.05,0.0,12,6060,卖盘
526,14:27:49,5.05,0.0,17,8969,卖盘
527,14:27:52,5.05,0.0,4,2020,卖盘
528,14:27:55,5.05,0.0,16,8094,卖盘
529,14:27:58,5.06,0.01,4,2024,卖盘
530,14:28:01,5.06,0.0,9,4554,卖盘
531,14:28:04,5.06,0.0,24,12144,卖盘
532,14:28:07,5.06,0.0,32,16196,卖盘
533,14:28:10,5.06,0.0,4,2024,卖盘
534,14:28:13,5.06,0.0,69,34914,卖盘
535,14:28:16,5.12,0.06,45,22837,买盘
536,14:28:19,5.06,-0.06,51,25845,卖盘
537,14:28:22,5.07,0.01,48,24336,卖盘
538,14:28:25,5.07,0.0,52,26374,卖盘
539,14:28:28,5.07,0.0,68,34476,卖盘
540,14:28:34,5.07,0.0,6,3042,卖盘
541,14:28:46,5.08,0.01,1,508,卖盘
542,14:28:48,5.08,0.0,1,508,中性盘
543,14:28:52,5.07,-0.01,16,8112,卖盘
544,14:28:55,5.09,0.02,20,10180,卖盘
545,14:28:58,5.08,-0.01,3,1524,卖盘
546,14:29:00,5.08,0.0,3,1524,卖盘
547,14:29:07,5.08,0.0,1,508,卖盘
548,14:29:10,5.08,0.0,2,1017,卖盘
549,14:29:13,5.09,0.01,6,3054,中性盘
550,14:29:19,4.98,-0.11,2106,1055960,卖盘
551,14:29:22,5.09,0.11,20,10180,中性盘
552,14:29:34,5.08,-0.01,8,4064,卖盘
553,14:29:36,5.07,-0.01,8,4056,买盘
554,14:29:45,5.08,0.01,10,5080,买盘
555,14:30:01,5.1,0.02,201,102468,买盘
556,14:30:04,5.08,-0.02,1,508,卖盘
557,14:30:22,5.09,0.01,9,4581,买盘
558,14:30:43,5.09,0.0,10,5090,卖盘
559,14:30:48,5.1,0.01,19,9690,买盘
560,14:30:52,5.09,-0.01,1,509,卖盘
561,14:30:54,5.1,0.01,40,20400,买盘
562,14:30:58,5.1,0.0,6,3060,卖盘
563,14:31:01,5.1,0.0,8,4080,卖盘
564,14:31:04,5.1,0.0,47,23970,卖盘
565,14:31:07,5.1,0.0,45,22950,买盘
566,14:31:13,5.08,-0.02,115,58429,卖盘
567,14:31:37,5.08,0.0,70,35560,卖盘
568,14:31:43,5.08,0.0,20,10160,卖盘
569,14:31:48,5.07,-0.01,109,55364,卖盘
570,14:31:51,5.07,0.0,2,1014,卖盘
571,14:31:55,5.09,0.02,31,15779,买盘
572,14:31:58,5.09,0.0,6,3054,卖盘
573,14:32:00,5.09,0.0,18,9162,卖盘
574,14:32:03,5.09,0.0,143,72787,卖盘
575,14:32:13,5.08,-0.01,1,508,卖盘
576,14:32:33,5.04,-0.04,21,10585,卖盘
577,14:32:58,5.07,0.03,112,56784,买盘
578,14:33:04,5.07,0.0,10,5070,卖盘
579,14:33:13,5.08,0.01,86,43688,买盘
580,14:33:40,5.08,0.0,34,17292,卖盘
581,14:34:31,5.08,0.0,6,3048,买盘
582,14:34:49,5.08,0.0,16,8128,卖盘
583,14:34:52,5.09,0.01,502,255318,买盘
584,14:35:19,5.09,0.0,17,8653,卖盘
585,14:35:24,5.09,0.0,45,22905,卖盘
586,14:35:40,5.1,0.01,110,56104,买盘
587,14:35:46,5.09,-0.01,25,12725,卖盘
588,14:35:58,5.1,0.01,1,510,卖盘
589,14:36:01,5.1,0.0,1,510,买盘
590,14:36:04,5.11,0.01,106,54116,买盘
591,14:36:25,5.11,0.0,15,7665,买盘
592,14:36:37,5.09,-0.02,1,509,卖盘
593,14:36:52,5.1,0.01,50,25500,中性盘
594,14:38:00,5.11,0.01,59,30137,买盘
595,14:38:25,5.1,-0.01,1,510,卖盘
596,14:39:10,5.1,0.0,1,510,卖盘
597,14:39:28,5.12,0.02,612,312758,买盘
598,14:39:49,5.12,0.0,219,112128,买盘
599,14:40:16,5.12,0.0,15,7680,买盘
600,14:40:31,5.12,0.0,45,23040,买盘
601,14:40:36,5.12,0.0,395,202140,买盘
602,14:40:46,5.13,0.01,1,513,买盘
603,14:40:48,5.12,-0.01,1,512,卖盘
604,14:40:52,5.12,0.0,1,512,卖盘
605,14:40:55,5.12,0.0,1,512,卖盘
606,14:40:58,5.12,0.0,1,512,卖盘
607,14:41:01,5.12,0.0,1,512,卖盘
608,14:41:04,5.12,0.0,1,512,卖盘
609,14:41:06,5.12,0.0,1,512,卖盘
610,14:41:10,5.12,0.0,15,7689,卖盘
611,14:41:13,5.12,0.0,43,22016,卖盘
612,14:41:19,5.13,0.01,94,48222,买盘
613,14:42:04,5.12,-0.01,1,512,卖盘
614,14:42:10,5.13,0.01,62,31785,买盘
615,14:42:15,5.11,-0.02,150,76650,卖盘
616,14:42:28,5.13,0.02,8,4104,买盘
617,14:42:52,5.11,-0.02,40,20441,卖盘
618,14:43:07,5.12,0.01,1,512,卖盘
619,14:44:16,5.11,-0.01,387,198119,卖盘
620,14:44:51,5.11,0.0,1,511,卖盘
621,14:44:54,5.12,0.01,1,512,买盘
622,14:45:04,5.11,-0.01,8,4088,卖盘
623,14:45:34,5.11,0.0,125,63875,卖盘
624,14:45:54,5.11,0.0,30,15330,卖盘
625,14:45:58,5.11,0.0,78,39858,买盘
626,14:46:43,5.11,0.0,92,47012,买盘
627,14:47:00,5.11,0.0,1,511,卖盘
628,14:47:16,5.1,-0.01,300,153001,卖盘
629,14:48:01,5.1,0.0,1,510,中性盘
630,14:48:04,5.1,0.0,79,40290,买盘
631,14:48:07,5.09,-0.01,64,32576,卖盘
632,14:48:12,5.09,0.0,40,20360,卖盘
633,14:48:28,5.1,0.01,100,51000,买盘
634,14:48:36,5.1,0.0,100,51000,买盘
635,14:48:42,5.1,0.0,17,8670,买盘
636,14:49:10,5.1,0.0,49,24990,买盘
637,14:49:13,5.1,0.0,100,51000,买盘
638,14:49:16,5.1,0.0,20,10200,买盘
639,14:49:25,5.1,0.0,21,10710,买盘
640,14:49:31,5.12,0.02,82,41858,买盘
641,14:49:34,5.09,-0.03,68,34649,卖盘
642,14:50:34,5.1,0.01,5,2552,卖盘
643,14:50:37,5.09,-0.01,369,187821,卖盘
644,14:51:07,5.09,0.0,26,13234,卖盘
645,14:51:16,5.11,0.02,82,41902,买盘
646,14:51:49,5.11,0.0,10,5110,买盘
647,14:52:15,5.1,-0.01,61,31110,卖盘
648,14:52:34,5.11,0.01,60,30560,买盘
649,14:52:37,5.09,-0.02,361,183749,卖盘
650,14:52:49,5.09,0.0,8,4072,买盘
651,14:52:52,5.08,-0.01,527,267716,卖盘
652,14:53:19,5.08,0.0,20,10160,卖盘
653,14:53:24,5.08,0.0,27,13716,卖盘
654,14:53:48,5.09,0.01,1,509,买盘
655,14:53:55,5.09,0.0,2,1018,买盘
656,14:54:19,5.08,-0.01,20,10160,卖盘
657,14:54:34,5.08,0.0,40,20320,卖盘
658,14:54:37,5.08,0.0,70,35613,卖盘
659,14:54:40,5.08,0.0,8,4065,卖盘
660,14:54:43,5.08,0.0,50,25400,卖盘
661,14:54:49,5.08,0.0,50,25400,卖盘
662,14:55:19,5.08,0.0,10,5080,卖盘
663,14:55:22,5.08,0.0,7,3556,卖盘
664,14:56:07,5.08,0.0,20,10160,卖盘
665,14:56:13,5.09,0.01,40,20360,买盘
666,14:56:25,5.08,-0.01,399,202992,卖盘
667,14:56:28,5.09,0.01,20,10180,买盘
668,14:56:40,5.09,0.0,43,21887,买盘
669,14:56:43,5.09,0.0,1,509,买盘
670,14:56:46,5.09,0.0,2,1018,买盘
671,14:56:58,5.11,0.02,266,135903,买盘
672,14:57:04,5.11,0.0,216,110376,卖盘
673,15:00:05,5.13,0.02,689,353457,卖盘
