,time,price,change,volume,amount,type
0,09:25:05,5.17,-0.03,136,70312,卖盘
1,09:30:04,5.15,-0.02,141,72757,卖盘
2,09:30:07,5.4,0.25,5259,2830792,买盘
3,09:30:22,5.21,-0.19,50,26050,买盘
4,09:30:28,5.21,0.0,52,27092,买盘
5,09:30:34,5.21,0.0,1250,651250,买盘
6,09:30:37,5.21,0.0,2,1042,卖盘
7,09:30:40,5.21,0.0,10,5210,卖盘
8,09:30:52,5.25,0.04,10,5250,买盘
9,09:31:01,5.21,-0.04,130,67760,卖盘
10,09:31:10,5.25,0.04,29,15225,卖盘
11,09:31:13,5.25,0.0,41,21495,中性盘
12,09:31:19,5.25,0.0,10,5250,卖盘
13,09:31:22,5.23,-0.02,6,3144,卖盘
14,09:31:28,5.24,0.01,15,7860,卖盘
15,09:31:31,5.24,0.0,7,3668,卖盘
16,09:31:34,5.23,-0.01,25,13098,卖盘
17,09:31:43,5.24,0.01,30,15720,买盘
18,09:31:55,5.23,-0.01,20,10460,中性盘
19,09:31:58,5.22,-0.01,125,65250,卖盘
20,09:32:07,5.23,0.01,5,2615,买盘
21,09:32:25,5.22,-0.01,9,4698,卖盘
22,09:32:28,5.23,0.01,25,13075,买盘
23,09:32:52,5.24,0.01,52,27248,买盘
24,09:33:04,5.21,-0.03,108,56419,卖盘
25,09:33:07,5.24,0.03,15,7860,买盘
26,09:33:28,5.24,0.0,90,47149,买盘
27,09:33:46,5.24,0.0,50,26200,卖盘
28,09:33:58,5.25,0.01,100,52500,买盘
29,09:34:07,5.24,-0.01,5,2620,卖盘
30,09:34:25,5.24,0.0,100,52400,卖盘
31,09:34:31,5.24,0.0,10,5240,卖盘
32,09:34:43,5.24,0.0,1,524,卖盘
33,09:35:04,5.23,-0.01,30,15690,卖盘
34,09:35:07,5.23,0.0,15,7845,卖盘
35,09:35:13,5.24,0.01,32,16768,买盘
36,09:35:19,5.22,-0.02,139,72623,卖盘
37,09:35:22,5.24,0.02,59,30916,买盘
38,09:35:25,5.22,-0.02,251,131300,卖盘
39,09:35:46,5.22,0.0,80,41800,卖盘
40,09:36:01,5.2,-0.02,871,453849,卖盘
41,09:36:13,5.2,0.0,108,56160,买盘
42,09:36:19,5.2,0.0,13,6760,买盘
43,09:36:22,5.2,0.0,57,29640,买盘
44,09:36:25,5.2,0.0,32,16640,买盘
45,09:36:28,5.2,0.0,15,7801,卖盘
46,09:36:31,5.2,0.0,50,26000,卖盘
47,09:36:43,5.2,0.0,10,5200,卖盘
48,09:36:49,5.2,0.0,10,5200,卖盘
49,09:37:16,5.21,0.01,12,6252,卖盘
50,09:37:28,5.21,0.0,41,21361,卖盘
51,09:37:37,5.21,0.0,50,26050,买盘
52,09:37:43,5.21,0.0,62,32302,买盘
53,09:37:49,5.22,0.01,19,9918,买盘
54,09:37:52,5.22,0.0,5,2610,买盘
55,09:37:55,5.22,0.0,81,42221,买盘
56,09:38:04,5.21,-0.01,9,4689,卖盘
57,09:38:28,5.21,0.0,69,35949,卖盘
58,09:38:34,5.2,-0.01,107,55691,卖盘
59,09:38:37,5.21,0.01,6,3126,中性盘
60,09:38:40,5.21,0.0,60,31260,买盘
61,09:38:43,5.21,0.0,81,42201,卖盘
62,09:38:46,5.22,0.01,115,59965,买盘
63,09:38:49,5.21,-0.01,16,8336,卖盘
64,09:39:19,5.21,0.0,18,9378,卖盘
65,09:39:34,5.22,0.01,50,26100,买盘
66,09:39:49,5.21,-0.01,6,3126,卖盘
67,09:40:13,5.22,0.01,1,522,买盘
68,09:40:22,5.22,0.0,185,96570,买盘
69,09:40:37,5.23,0.01,50,26150,买盘
70,09:41:19,5.24,0.01,24,12576,买盘
71,09:41:46,5.22,-0.02,98,51156,卖盘
72,09:41:49,5.22,0.0,2,1044,买盘
73,09:42:04,5.22,0.0,10,5220,中性盘
74,09:42:13,5.22,0.0,7,3654,买盘
75,09:43:49,5.24,0.02,13,6812,买盘
76,09:44:22,5.23,-0.01,3,1569,买盘
77,09:44:25,5.23,0.0,2,1046,买盘
78,09:44:28,5.23,0.0,5,2615,买盘
79,09:44:31,5.23,0.0,3,1569,买盘
80,09:44:33,5.23,0.0,1,523,买盘
81,09:44:37,5.24,0.01,9,4710,买盘
82,09:44:40,5.24,0.0,3,1572,买盘
83,09:44:43,5.24,0.0,3,1572,买盘
84,09:44:52,5.23,-0.01,9,4707,卖盘
85,09:44:55,5.23,0.0,41,21443,买盘
86,09:44:58,5.24,0.01,15,7860,买盘
87,09:45:04,5.24,0.0,1,524,买盘
88,09:45:07,5.23,-0.01,2,1046,卖盘
89,09:45:10,5.24,0.01,1,524,买盘
90,09:45:16,5.24,0.0,57,29868,买盘
91,09:45:37,5.24,0.0,9,4716,卖盘
92,09:46:01,5.24,0.0,100,52400,买盘
93,09:46:37,5.23,-0.01,22,11506,卖盘
94,09:47:45,5.23,0.0,20,10460,卖盘
95,09:48:16,5.25,0.02,10,5250,买盘
96,09:48:30,5.25,0.0,6,3150,买盘
97,09:48:49,5.25,0.0,1,525,买盘
98,09:48:52,5.25,0.0,1,525,买盘
99,09:48:55,5.25,0.0,4,2100,买盘
100,09:48:58,5.25,0.0,2,1050,买盘
101,09:49:01,5.25,0.0,8,4200,买盘
102,09:49:04,5.25,0.0,26,13650,买盘
103,09:49:07,5.25,0.0,7,3675,买盘
104,09:49:10,5.26,0.01,70,36760,买盘
105,09:49:16,5.26,0.0,8,4208,买盘
106,09:49:27,5.26,0.0,95,49970,买盘
107,09:49:52,5.26,0.0,35,18410,买盘
108,09:49:57,5.26,0.0,6,3156,买盘
109,09:50:01,5.26,0.0,58,30508,买盘
110,09:50:37,5.26,0.0,86,45236,卖盘
111,09:51:01,5.26,0.0,1,526,买盘
112,09:51:13,5.26,0.0,5,2630,买盘
113,09:51:19,5.26,0.0,20,10520,卖盘
114,09:51:22,5.26,0.0,55,28930,卖盘
115,09:51:31,5.27,0.01,2,1054,买盘
116,09:51:46,5.26,-0.01,8,4208,卖盘
117,09:51:48,5.25,-0.01,38,19987,卖盘
118,09:52:01,5.26,0.01,10,5260,买盘
119,09:52:12,5.25,-0.01,3,1575,卖盘
120,09:52:19,5.25,0.0,10,5250,卖盘
121,09:52:28,5.26,0.01,4,2104,买盘
122,09:53:01,5.25,-0.01,30,15750,卖盘
123,09:53:07,5.25,0.0,65,34125,卖盘
124,09:53:12,5.25,0.0,13,6825,卖盘
125,09:53:25,5.25,0.0,70,36750,卖盘
126,09:53:31,5.25,0.0,30,15750,卖盘
127,09:53:33,5.25,0.0,205,107625,卖盘
128,09:53:46,5.24,-0.01,23,12052,卖盘
129,09:54:13,5.23,-0.01,88,46024,卖盘
130,09:54:15,5.23,0.0,15,7845,卖盘
131,09:54:25,5.23,0.0,3,1569,卖盘
132,09:54:28,5.23,0.0,4,2092,卖盘
133,09:54:34,5.23,0.0,1,523,买盘
134,09:54:40,5.23,0.0,1,523,买盘
135,09:54:45,5.23,0.0,1,523,买盘
136,09:54:52,5.23,0.0,1,523,买盘
137,09:54:58,5.23,0.0,1,523,买盘
138,09:55:04,5.23,0.0,1,523,买盘
139,09:55:10,5.23,0.0,1,523,买盘
140,09:55:12,5.23,0.0,24,12552,买盘
141,09:56:31,5.23,0.0,40,20920,卖盘
142,09:56:49,5.23,0.0,17,8891,卖盘
143,09:56:55,5.23,0.0,10,5230,卖盘
144,09:57:13,5.23,0.0,20,10460,卖盘
145,09:57:43,5.23,0.0,23,12029,卖盘
146,09:58:19,5.23,0.0,10,5230,卖盘
147,09:58:49,5.24,0.01,20,10480,买盘
148,09:59:07,5.23,-0.01,100,52300,卖盘
149,09:59:10,5.23,0.0,8,4184,卖盘
150,09:59:16,5.24,0.01,113,59212,卖盘
151,09:59:18,5.24,0.0,1,524,卖盘
152,09:59:46,5.23,-0.01,11,5753,卖盘
153,09:59:58,5.23,0.0,3,1569,卖盘
154,10:00:06,5.23,0.0,30,15690,卖盘
155,10:00:24,5.23,0.0,47,24581,卖盘
156,10:01:42,5.23,0.0,42,21968,卖盘
157,10:01:46,5.24,0.01,2,1048,买盘
158,10:01:55,5.24,0.0,3,1572,买盘
159,10:02:01,5.24,0.0,4,2096,买盘
160,10:02:04,5.24,0.0,2,1048,买盘
161,10:02:06,5.24,0.0,1,524,买盘
162,10:02:09,5.24,0.0,15,7860,买盘
163,10:02:25,5.23,-0.01,124,64852,卖盘
164,10:02:40,5.23,0.0,14,7322,卖盘
165,10:03:37,5.24,0.01,2,1048,买盘
166,10:03:55,5.22,-0.02,213,111380,卖盘
167,10:04:46,5.23,0.01,10,5230,卖盘
168,10:04:55,5.23,0.0,54,28242,中性盘
169,10:05:07,5.23,0.0,11,5753,卖盘
170,10:05:10,5.23,0.0,35,18305,卖盘
171,10:05:49,5.22,-0.01,78,40716,卖盘
172,10:06:25,5.23,0.01,60,31380,买盘
173,10:06:37,5.23,0.0,5,2615,买盘
174,10:06:46,5.23,0.0,10,5230,卖盘
175,10:06:54,5.23,0.0,2,1046,卖盘
176,10:07:04,5.22,-0.01,22,11487,卖盘
177,10:07:42,5.23,0.01,25,13075,卖盘
178,10:08:13,5.24,0.01,4,2096,买盘
179,10:09:31,5.24,0.0,200,104800,买盘
180,10:09:37,5.23,-0.01,7,3661,卖盘
181,10:09:51,5.24,0.01,4,2096,买盘
182,10:10:01,5.24,0.0,2,1048,卖盘
183,10:10:46,5.24,0.0,19,9956,买盘
184,10:10:55,5.24,0.0,81,42444,卖盘
185,10:13:36,5.23,-0.01,99,51777,卖盘
186,10:13:52,5.23,0.0,40,20920,买盘
187,10:14:33,5.23,0.0,5,2615,卖盘
188,10:15:46,5.23,0.0,80,41840,卖盘
189,10:16:04,5.22,-0.01,7,3654,卖盘
190,10:17:01,5.22,0.0,100,52200,卖盘
191,10:17:25,5.22,0.0,10,5220,卖盘
192,10:17:28,5.22,0.0,36,18792,卖盘
193,10:17:31,5.22,0.0,10,5220,卖盘
194,10:17:43,5.2,-0.02,577,300359,卖盘
195,10:19:46,5.21,0.01,81,42201,卖盘
196,10:20:31,5.21,0.0,34,17714,卖盘
197,10:20:40,5.21,0.0,5,2605,卖盘
198,10:21:13,5.21,0.0,107,55847,卖盘
199,10:21:19,5.22,0.01,3,1566,卖盘
200,10:21:24,5.21,-0.01,3,1563,卖盘
201,10:21:28,5.21,0.0,121,63041,卖盘
202,10:21:34,5.21,0.0,156,81276,卖盘
203,10:21:58,5.2,-0.01,50,26000,卖盘
204,10:22:04,5.2,0.0,164,85280,卖盘
205,10:22:21,5.2,0.0,204,106080,卖盘
206,10:23:16,5.2,0.0,89,46280,卖盘
207,10:23:27,5.2,0.0,57,29640,卖盘
208,10:23:33,5.2,0.0,20,10400,卖盘
209,10:23:43,5.25,0.05,2652,1390658,买盘
210,10:23:48,5.19,-0.06,200,103880,卖盘
211,10:23:51,5.2,0.01,50,26000,买盘
212,10:24:55,5.23,0.03,4,2092,买盘
213,10:26:13,5.22,-0.01,1,522,买盘
214,10:26:19,5.22,0.0,1,522,买盘
215,10:26:24,5.22,0.0,1,522,买盘
216,10:26:31,5.22,0.0,1,522,买盘
217,10:26:37,5.22,0.0,1,522,买盘
218,10:26:43,5.22,0.0,1,522,买盘
219,10:26:45,5.22,0.0,1,522,买盘
220,10:26:49,5.2,-0.02,148,76993,卖盘
221,10:26:52,5.22,0.02,1,522,买盘
222,10:28:13,5.22,0.0,38,19836,买盘
223,10:28:21,5.22,0.0,1,522,买盘
224,10:28:24,5.22,0.0,1,522,买盘
225,10:28:58,5.22,0.0,31,16182,买盘
226,10:30:16,5.23,0.01,7,3656,买盘
227,10:31:25,5.23,0.0,20,10460,买盘
228,10:31:34,5.22,-0.01,1,522,卖盘
229,10:31:43,5.23,0.01,1,523,买盘
230,10:32:07,5.21,-0.02,20,10420,卖盘
231,10:32:13,5.23,0.02,15,7845,买盘
232,10:32:31,5.22,-0.01,5,2610,卖盘
233,10:32:49,5.22,0.0,9,4698,买盘
234,10:33:25,5.23,0.01,21,10983,买盘
235,10:33:39,5.23,0.0,100,52300,买盘
236,10:33:58,5.23,0.0,32,16736,买盘
237,10:34:54,5.23,0.0,6,3138,卖盘
238,10:34:58,5.22,-0.01,215,112317,卖盘
239,10:35:19,5.25,0.03,249,130725,买盘
240,10:35:55,5.24,-0.01,1,524,买盘
241,10:36:16,5.24,0.0,18,9432,买盘
242,10:36:25,5.24,0.0,81,42444,卖盘
243,10:36:28,5.25,0.01,19,9975,买盘
244,10:37:10,5.24,-0.01,28,14672,买盘
245,10:37:16,5.24,0.0,30,15720,买盘
246,10:37:48,5.23,-0.01,45,23545,卖盘
247,10:37:52,5.23,0.0,205,107215,卖盘
248,10:37:54,5.24,0.01,2,1048,买盘
249,10:37:58,5.21,-0.03,161,83891,卖盘
250,10:38:22,5.22,0.01,1,522,买盘
251,10:38:37,5.22,0.0,23,12006,买盘
252,10:38:43,5.22,0.0,1,522,买盘
253,10:38:58,5.24,0.02,21,10991,买盘
254,10:39:19,5.21,-0.03,10,5210,卖盘
255,10:39:46,5.21,0.0,50,26051,卖盘
256,10:40:09,5.22,0.01,10,5220,买盘
257,10:40:28,5.21,-0.01,39,20319,卖盘
258,10:40:46,5.21,0.0,120,62520,卖盘
259,10:41:34,5.21,0.0,5,2605,卖盘
260,10:42:10,5.2,-0.01,40,20800,卖盘
261,10:43:10,5.2,0.0,10,5200,卖盘
262,10:43:21,5.2,0.0,9,4680,卖盘
263,10:43:39,5.2,0.0,10,5200,卖盘
264,10:43:46,5.2,0.0,50,26000,卖盘
265,10:43:55,5.2,0.0,57,29640,卖盘
266,10:44:04,5.2,0.0,21,10920,卖盘
267,10:44:33,5.2,0.0,14,7280,卖盘
268,10:44:55,5.2,0.0,10,5200,卖盘
269,10:45:21,5.2,0.0,51,26520,卖盘
270,10:45:46,5.2,0.0,10,5200,买盘
271,10:46:04,5.2,0.0,164,85280,买盘
272,10:48:52,5.2,0.0,66,34320,卖盘
273,10:49:04,5.2,0.0,60,31200,卖盘
274,10:50:10,5.21,0.01,8,4168,买盘
275,10:50:57,5.19,-0.02,66,34314,卖盘
276,10:52:13,5.2,0.01,20,10400,卖盘
277,10:52:27,5.2,0.0,40,20800,买盘
278,10:53:07,5.2,0.0,36,18720,卖盘
279,10:54:52,5.2,0.0,20,10400,卖盘
280,10:55:04,5.2,0.0,8,4160,卖盘
281,10:56:40,5.2,0.0,23,11960,卖盘
282,10:56:43,5.2,0.0,78,40560,卖盘
283,10:56:55,5.2,0.0,100,52000,买盘
284,10:58:19,5.2,0.0,49,25480,卖盘
285,10:58:49,5.19,-0.01,50,25950,卖盘
286,10:59:21,5.19,0.0,29,15051,卖盘
287,10:59:34,5.19,0.0,50,25950,卖盘
288,11:00:43,5.2,0.01,100,52000,买盘
289,11:00:49,5.19,-0.01,136,70584,卖盘
290,11:02:06,5.18,-0.01,199,103102,卖盘
291,11:02:31,5.17,-0.01,146,75593,卖盘
292,11:02:39,5.17,0.0,27,13959,卖盘
293,11:02:46,5.17,0.0,4,2068,卖盘
294,11:02:49,5.17,0.0,25,12925,卖盘
295,11:04:06,5.18,0.01,1,518,卖盘
296,11:04:27,5.18,0.0,5,2590,卖盘
297,11:05:18,5.18,0.0,10,5180,卖盘
298,11:05:36,5.18,0.0,14,7252,卖盘
299,11:06:16,5.18,0.0,10,5180,买盘
300,11:08:25,5.18,0.0,26,13468,买盘
301,11:08:28,5.18,0.0,3,1554,卖盘
302,11:08:37,5.18,0.0,13,6734,卖盘
303,11:09:10,5.17,-0.01,10,5170,卖盘
304,11:09:16,5.17,0.0,290,149930,卖盘
305,11:09:37,5.16,-0.01,10,5160,卖盘
306,11:09:40,5.16,0.0,50,25800,卖盘
307,11:09:43,5.16,0.0,404,208464,卖盘
308,11:10:01,5.15,-0.01,15,7725,卖盘
309,11:10:07,5.15,0.0,23,11845,卖盘
310,11:10:09,5.15,0.0,362,186430,卖盘
311,11:10:25,5.15,0.0,21,10815,卖盘
312,11:10:28,5.15,0.0,50,25750,卖盘
313,11:10:30,5.15,0.0,200,103000,卖盘
314,11:10:40,5.15,0.0,27,13905,卖盘
315,11:11:01,5.15,0.0,3,1545,买盘
316,11:11:07,5.15,0.0,3,1545,买盘
317,11:11:10,5.15,0.0,3,1545,买盘
318,11:11:13,5.15,0.0,18,9270,买盘
319,11:11:43,5.15,0.0,6,3090,卖盘
320,11:12:10,5.15,0.0,190,97950,卖盘
321,11:12:12,5.15,0.0,10,5150,卖盘
322,11:12:52,5.16,0.01,10,5160,买盘
323,11:12:55,5.16,0.0,30,15480,买盘
324,11:13:40,5.16,0.0,9,4644,卖盘
325,11:14:43,5.17,0.01,80,41360,买盘
326,11:15:13,5.16,-0.01,63,32508,卖盘
327,11:15:25,5.16,0.0,80,41311,卖盘
328,11:15:27,5.17,0.01,70,36190,买盘
329,11:15:34,5.17,0.0,111,57387,卖盘
330,11:15:40,5.17,0.0,69,35673,卖盘
331,11:15:58,5.17,0.0,87,44979,卖盘
332,11:16:16,5.17,0.0,60,31020,卖盘
333,11:16:36,5.16,-0.01,67,34572,卖盘
334,11:16:49,5.16,0.0,57,29412,卖盘
335,11:16:57,5.16,0.0,39,20124,卖盘
336,11:17:09,5.15,-0.01,50,25750,卖盘
337,11:17:28,5.15,0.0,27,13905,卖盘
338,11:17:30,5.15,0.0,39,20085,卖盘
339,11:17:34,5.15,0.0,10,5150,卖盘
340,11:17:40,5.16,0.01,25,12900,买盘
341,11:17:52,5.15,-0.01,69,35535,卖盘
342,11:17:58,5.15,0.0,57,29355,卖盘
343,11:18:16,5.15,0.0,12,6180,卖盘
344,11:18:22,5.15,0.0,2,1030,买盘
345,11:18:28,5.15,0.0,2,1030,买盘
346,11:18:31,5.15,0.0,45,23175,买盘
347,11:18:58,5.15,0.0,68,35020,买盘
348,11:19:06,5.16,0.01,3,1548,买盘
349,11:19:10,5.16,0.0,1,516,买盘
350,11:19:12,5.16,0.0,1,516,买盘
351,11:19:16,5.16,0.0,76,39216,买盘
352,11:19:28,5.15,-0.01,12,6180,买盘
353,11:19:34,5.15,0.0,10,5150,买盘
354,11:19:37,5.15,0.0,60,30900,买盘
355,11:19:52,5.15,0.0,10,5150,卖盘
356,11:20:04,5.17,0.02,4,2068,买盘
357,11:21:15,5.15,-0.02,30,15450,卖盘
358,11:21:45,5.14,-0.01,51,26214,卖盘
359,11:22:22,5.15,0.01,2,1030,买盘
360,11:22:25,5.15,0.0,11,5665,买盘
361,11:22:27,5.15,0.0,5,2575,买盘
362,11:22:31,5.15,0.0,5,2575,买盘
363,11:22:34,5.15,0.0,49,25235,买盘
364,11:22:42,5.16,0.01,1,516,买盘
365,11:22:49,5.15,-0.01,49,25235,中性盘
366,11:23:13,5.14,-0.01,118,60720,卖盘
367,11:23:37,5.14,0.0,53,27242,卖盘
368,11:23:49,5.14,0.0,72,37008,卖盘
369,11:23:55,5.15,0.01,50,25750,买盘
370,11:23:57,5.15,0.0,20,10300,买盘
371,11:24:09,5.15,0.0,22,11330,卖盘
372,11:24:19,5.15,0.0,22,11330,买盘
373,11:24:22,5.15,0.0,11,5665,买盘
374,11:24:28,5.15,0.0,1,515,买盘
375,11:24:40,5.14,-0.01,47,24158,卖盘
376,11:24:43,5.14,0.0,53,27242,卖盘
377,11:24:45,5.15,0.01,35,18025,买盘
378,11:24:58,5.14,-0.01,53,27242,卖盘
379,11:25:04,5.15,0.01,20,10300,买盘
380,11:25:15,5.17,0.02,367,189527,买盘
381,11:26:15,5.17,0.0,10,5170,买盘
382,11:27:01,5.19,0.02,310,160657,买盘
383,13:00:12,5.13,-0.06,471,242162,卖盘
384,13:00:19,5.13,0.0,3,1539,买盘
385,13:00:22,5.13,0.0,22,11286,买盘
386,13:00:25,5.13,0.0,5,2565,买盘
387,13:00:28,5.13,0.0,99,50787,买盘
388,13:01:49,5.13,0.0,2,1026,卖盘
389,13:03:19,5.14,0.01,1,514,卖盘
390,13:03:21,5.15,0.01,1,515,买盘
391,13:03:28,5.15,0.0,1,515,买盘
392,13:03:34,5.15,0.0,1,515,买盘
393,13:03:49,5.14,-0.01,1,514,卖盘
394,13:05:19,5.14,0.0,22,11308,卖盘
395,13:05:34,5.14,0.0,15,7710,卖盘
396,13:05:49,5.14,0.0,121,62194,卖盘
397,13:06:37,5.14,0.0,1,514,买盘
398,13:07:19,5.14,0.0,1,514,卖盘
399,13:07:48,5.14,0.0,1,514,卖盘
400,13:08:49,5.14,0.0,2,1029,卖盘
401,13:08:58,5.14,0.0,1,514,卖盘
402,13:09:06,5.14,0.0,26,13364,卖盘
403,13:09:19,5.13,-0.01,1,513,卖盘
404,13:09:21,5.14,0.01,20,10280,买盘
405,13:09:34,5.14,0.0,30,15420,买盘
406,13:09:40,5.14,0.0,1,514,买盘
407,13:09:46,5.14,0.0,1,514,买盘
408,13:11:21,5.13,-0.01,21,10773,卖盘
409,13:11:51,5.14,0.01,1,514,买盘
410,13:11:58,5.14,0.0,4,2056,买盘
411,13:12:04,5.14,0.0,3,1542,买盘
412,13:12:09,5.14,0.0,2,1028,买盘
413,13:12:16,5.14,0.0,2,1028,买盘
414,13:12:22,5.14,0.0,32,16448,买盘
415,13:14:10,5.14,0.0,3,1542,卖盘
416,13:15:49,5.14,0.0,2,1028,卖盘
417,13:16:04,5.14,0.0,2,1028,卖盘
418,13:16:43,5.14,0.0,75,38550,卖盘
419,13:16:49,5.14,0.0,1,509,买盘
420,13:16:58,5.15,0.01,289,148831,买盘
421,13:17:31,5.13,-0.02,10,5132,买盘
422,13:19:34,5.13,0.0,2,1026,卖盘
423,13:20:58,5.13,0.0,50,25650,卖盘
424,13:21:09,5.14,0.01,12,6166,买盘
425,13:21:13,5.14,0.0,16,8224,买盘
426,13:21:19,5.13,-0.01,65,33345,卖盘
427,13:21:52,5.13,0.0,20,10260,卖盘
428,13:23:13,5.13,0.0,10,5130,卖盘
429,13:24:10,5.14,0.01,13,6682,买盘
430,13:24:16,5.14,0.0,7,3598,卖盘
431,13:24:28,5.14,0.0,22,11308,买盘
432,13:24:36,5.14,0.0,1,514,买盘
433,13:24:40,5.14,0.0,6,3084,卖盘
434,13:24:43,5.14,0.0,3,1542,卖盘
435,13:25:16,5.14,0.0,18,9252,买盘
436,13:26:16,5.15,0.01,10,5150,买盘
437,13:27:16,5.15,0.0,10,5150,买盘
438,13:27:19,5.15,0.0,25,12875,买盘
439,13:27:52,5.15,0.0,168,86520,买盘
440,13:28:46,5.16,0.01,34,17544,买盘
441,13:29:01,5.16,0.0,10,5160,卖盘
442,13:29:06,5.17,0.01,30,15510,买盘
443,13:29:18,5.16,-0.01,10,5160,卖盘
444,13:29:28,5.16,0.0,2,1032,卖盘
445,13:29:40,5.17,0.01,54,27918,买盘
446,13:30:34,5.17,0.0,10,5170,买盘
447,13:31:21,5.16,-0.01,20,10320,卖盘
448,13:31:25,5.16,0.0,81,41796,卖盘
449,13:31:37,5.16,0.0,50,25800,卖盘
450,13:32:22,5.16,0.0,50,25800,卖盘
451,13:32:24,5.16,0.0,40,20640,卖盘
452,13:32:52,5.16,0.0,675,348300,卖盘
453,13:33:28,5.14,-0.02,40,20572,卖盘
454,13:34:19,5.14,0.0,7,3598,卖盘
455,13:34:39,5.14,0.0,50,25700,卖盘
456,13:35:45,5.14,0.0,10,5140,卖盘
457,13:35:48,5.14,0.0,12,6168,卖盘
458,13:36:43,5.15,0.01,7,3605,买盘
459,13:37:19,5.15,0.0,32,16480,买盘
460,13:38:30,5.15,0.0,20,10300,买盘
461,13:38:43,5.15,0.0,16,8240,买盘
462,13:41:43,5.16,0.01,10,5160,买盘
463,13:41:46,5.15,-0.01,6,3090,卖盘
464,13:42:10,5.15,0.0,10,5150,卖盘
465,13:42:22,5.15,0.0,38,19570,卖盘
466,13:42:37,5.15,0.0,20,10300,买盘
467,13:42:58,5.14,-0.01,100,51400,卖盘
468,13:43:46,5.14,0.0,19,9766,卖盘
469,13:44:25,5.14,0.0,270,138780,卖盘
470,13:44:40,5.14,0.0,51,26214,买盘
471,13:48:48,5.14,0.0,68,34952,卖盘
472,13:49:37,5.14,0.0,5,2570,买盘
473,13:49:43,5.14,0.0,576,296064,买盘
474,13:49:49,5.14,0.0,1,514,卖盘
475,13:50:52,5.14,0.0,6,3084,卖盘
476,13:50:55,5.14,0.0,45,23130,卖盘
477,13:51:30,5.15,0.01,30,15450,买盘
478,13:55:04,5.14,-0.01,48,24672,卖盘
479,13:55:52,5.15,0.01,1,515,买盘
480,13:56:55,5.15,0.0,1,515,买盘
481,13:58:19,5.14,-0.01,1,514,卖盘
482,13:58:25,5.15,0.01,43,22145,买盘
483,13:59:15,5.15,0.0,10,5150,卖盘
484,14:00:46,5.14,-0.01,50,25739,卖盘
485,14:00:52,5.15,0.01,102,52530,卖盘
486,14:01:04,5.15,0.0,89,45835,买盘
487,14:01:58,5.16,0.01,101,52116,买盘
488,14:04:10,5.16,0.0,34,17544,买盘
489,14:04:37,5.17,0.01,73,37677,买盘
490,14:05:42,5.17,0.0,10,5170,买盘
491,14:06:37,5.17,0.0,4,2068,买盘
492,14:07:06,5.16,-0.01,5,2580,卖盘
493,14:09:01,5.17,0.01,27,13959,买盘
494,14:09:07,5.17,0.0,17,8789,卖盘
495,14:09:37,5.17,0.0,100,51700,卖盘
496,14:11:19,5.17,0.0,82,42394,卖盘
497,14:11:57,5.17,0.0,48,24816,买盘
498,14:12:31,5.16,-0.01,300,154800,卖盘
499,14:14:51,5.16,0.0,1,516,卖盘
500,14:16:52,5.17,0.01,61,31537,买盘
501,14:17:28,5.16,-0.01,20,10320,卖盘
502,14:18:19,5.16,0.0,2,1032,卖盘
503,14:18:31,5.16,0.0,4,2064,卖盘
504,14:20:19,5.16,0.0,17,8772,卖盘
505,14:20:52,5.17,0.01,35,18095,买盘
506,14:21:18,5.16,-0.01,1,516,卖盘
507,14:21:22,5.17,0.01,3,1551,买盘
508,14:21:42,5.16,-0.01,8,4128,卖盘
509,14:21:49,5.16,0.0,1,516,卖盘
510,14:23:18,5.16,0.0,1,516,卖盘
511,14:23:22,5.16,0.0,105,54180,卖盘
512,14:23:24,5.15,-0.01,61,31467,卖盘
513,14:24:19,5.15,0.0,1,515,卖盘
514,14:25:19,5.15,0.0,1,515,卖盘
515,14:25:37,5.14,-0.01,366,188244,卖盘
516,14:25:49,5.13,-0.01,1,513,卖盘
517,14:26:46,5.13,0.0,62,31806,卖盘
518,14:26:49,5.13,0.0,2,1026,卖盘
519,14:27:40,5.13,0.0,24,12312,卖盘
520,14:27:48,5.13,0.0,1,513,卖盘
521,14:28:07,5.13,0.0,33,16929,卖盘
522,14:28:16,5.13,0.0,1,513,卖盘
523,14:28:18,5.13,0.0,1,513,卖盘
524,14:28:49,5.13,0.0,1,513,卖盘
525,14:29:27,5.14,0.01,25,12850,卖盘
526,14:29:34,5.13,-0.01,22,11286,卖盘
527,14:30:19,5.13,0.0,1,513,卖盘
528,14:30:49,5.14,0.01,1,514,卖盘
529,14:32:12,5.14,0.0,4,2056,卖盘
530,14:32:49,5.14,0.0,2,1028,卖盘
531,14:34:10,5.15,0.01,13,6695,中性盘
532,14:34:19,5.14,-0.01,2,1028,卖盘
533,14:34:48,5.14,0.0,1,514,卖盘
534,14:35:43,5.14,0.0,17,8738,卖盘
535,14:35:49,5.14,0.0,1,514,卖盘
536,14:36:01,5.17,0.03,57,29415,买盘
537,14:36:22,5.16,-0.01,50,25800,中性盘
538,14:36:37,5.16,0.0,10,5160,中性盘
539,14:36:40,5.16,0.0,22,11352,中性盘
540,14:37:49,5.15,-0.01,18,9270,卖盘
541,14:37:54,5.14,-0.01,169,86866,卖盘
542,14:38:10,5.14,0.0,231,118734,买盘
543,14:38:13,5.13,-0.01,200,102600,卖盘
544,14:39:07,5.14,0.01,14,7196,卖盘
545,14:39:31,5.13,-0.01,346,177519,卖盘
546,14:39:37,5.13,0.0,1,513,买盘
547,14:39:43,5.13,0.0,6,3078,买盘
548,14:39:49,5.13,0.0,7,3591,买盘
549,14:39:55,5.13,0.0,6,3078,买盘
550,14:40:01,5.13,0.0,4,2052,买盘
551,14:40:05,5.13,0.0,133,68234,买盘
552,14:42:36,5.14,0.01,9,4626,卖盘
553,14:43:58,5.15,0.01,20,10300,买盘
554,14:44:40,5.15,0.0,20,10300,买盘
555,14:44:42,5.14,-0.01,1,514,卖盘
556,14:45:19,5.14,0.0,48,24672,卖盘
557,14:46:00,5.14,0.0,30,15420,卖盘
558,14:46:48,5.14,0.0,2,1028,卖盘
559,14:47:28,5.14,0.0,81,41634,卖盘
560,14:47:37,5.14,0.0,15,7710,卖盘
561,14:47:46,5.14,0.0,14,7196,卖盘
562,14:47:55,5.13,-0.01,1,513,卖盘
563,14:48:13,5.13,0.0,14,7182,卖盘
564,14:48:31,5.13,0.0,1,513,卖盘
565,14:48:46,5.14,0.01,1,514,买盘
566,14:48:49,5.13,-0.01,19,9747,卖盘
567,14:49:19,5.13,0.0,1,513,卖盘
568,14:49:30,5.13,0.0,500,256500,卖盘
569,14:49:34,5.13,0.0,20,10255,卖盘
570,14:49:55,5.13,0.0,35,17950,买盘
571,14:49:58,5.12,-0.01,71,36352,卖盘
572,14:50:13,5.12,0.0,350,179200,卖盘
573,14:50:31,5.11,-0.01,637,325507,卖盘
574,14:50:40,5.11,0.0,292,149212,买盘
575,14:50:46,5.11,0.0,1,511,买盘
576,14:50:52,5.1,-0.01,1001,510511,卖盘
577,14:50:55,5.1,0.0,56,28560,卖盘
578,14:51:15,5.1,0.0,30,15300,买盘
579,14:51:22,5.1,0.0,2,1020,买盘
580,14:51:25,5.09,-0.01,274,139496,卖盘
581,14:51:28,5.1,0.01,34,17340,买盘
582,14:51:43,5.09,-0.01,95,48369,卖盘
583,14:51:49,5.1,0.01,264,134640,买盘
584,14:51:55,5.1,0.0,226,115260,买盘
585,14:52:01,5.11,0.01,3,1533,买盘
586,14:52:04,5.11,0.0,2,1022,买盘
587,14:52:10,5.11,0.0,4,2044,买盘
588,14:52:13,5.11,0.0,30,15330,买盘
589,14:52:16,5.11,0.0,30,15330,买盘
590,14:52:22,5.1,-0.01,50,25505,卖盘
591,14:52:43,5.11,0.01,100,51100,卖盘
592,14:52:46,5.13,0.02,470,241110,买盘
593,14:52:57,5.11,-0.02,100,51115,卖盘
594,14:53:07,5.11,0.0,50,25572,卖盘
595,14:53:13,5.12,0.01,224,114688,卖盘
596,14:53:40,5.1,-0.02,500,255070,卖盘
597,14:53:43,5.12,0.02,76,38912,买盘
598,14:54:19,5.1,-0.02,100,51095,卖盘
599,14:54:25,5.1,0.0,2,1020,卖盘
600,14:54:34,5.1,0.0,4,2040,卖盘
601,14:54:55,5.13,0.03,88,44910,买盘
602,14:55:10,5.1,-0.03,100,51000,卖盘
603,14:55:13,5.09,-0.01,40,20365,卖盘
604,14:55:25,5.15,0.06,327,168338,卖盘
605,14:55:28,5.09,-0.06,100,50900,卖盘
606,14:55:52,5.1,0.01,347,177150,卖盘
607,14:56:01,5.14,0.04,70,35960,买盘
608,14:56:22,5.1,-0.04,162,82671,卖盘
609,14:56:28,5.1,0.0,8,4080,买盘
610,14:56:31,5.1,0.0,10,5100,买盘
611,14:56:34,5.1,0.0,1,510,买盘
612,14:56:37,5.1,0.0,1,510,买盘
613,14:56:40,5.1,0.0,19,9690,买盘
614,14:56:46,5.09,-0.01,240,122163,卖盘
615,14:56:57,5.1,0.01,6,3060,卖盘
616,14:57:04,5.13,0.03,1,513,买盘
617,15:00:05,5.13,0.0,554,284202,卖盘
